{"symbol": "CNC", "annualReports": [{"fiscalDateEnding": "2025-12-31", "reportedCurrency": "USD", "grossProfit": "23833439000", "totalRevenue": "194777000000", "costOfRevenue": "170943561000", "costofGoodsAndServicesSold": "170943561000", "operatingIncome": "-7618375000", "sellingGeneralAndAdministrative": "13263375000", "researchAndDevelopment": "None", "operatingExpenses": "31451814000", "investmentIncomeNet": "None", "netInterestIncome": "None", "interestIncome": "678000000", "interestExpense": "678000000", "nonInterestIncome": "None", "otherNonOperatingIncome": "None", "depreciation": "None", "depreciationAndAmortization": "1275000000", "incomeBeforeTax": "-6727963000", "incomeTaxExpense": "-50963000", "interestAndDebtExpense": "None", "netIncomeFromContinuingOperations": "None", "comprehensiveIncomeNetOfTax": "None", "ebit": "-6415375000", "ebitda": "-5140375000", "netIncome": "-6673000000"}, {"fiscalDateEnding": "2024-12-31", "reportedCurrency": "USD", "grossProfit": "16829000000", "totalRevenue": "163071000000", "costOfRevenue": "146242000000", "costofGoodsAndServicesSold": "146242000000", "operatingIncome": "3175000000", "sellingGeneralAndAdministrative": "12400000000", "researchAndDevelopment": "None", "operatingExpenses": "13654000000", "investmentIncomeNet": "None", "netInterestIncome": "-702000000", "interestIncome": "702000000", "interestExpense": "702000000", "nonInterestIncome": "None", "otherNonOperatingIncome": "None", "depreciation": "None", "depreciationAndAmortization": "1241000000", "incomeBeforeTax": "4257000000", "incomeTaxExpense": "963000000", "interestAndDebtExpense": "None", "netIncomeFromContinuingOperations": "3294000000", "comprehensiveIncomeNetOfTax": "None", "ebit": "4959000000", "ebitda": "6200000000", "netIncome": "3305000000"}, {"fiscalDateEnding": "2023-12-31", "reportedCurrency": "USD", "grossProfit": "31541000000", "totalRevenue": "153999000000", "costOfRevenue": "122458000000", "costofGoodsAndServicesSold": "122458000000", "operatingIncome": "2930000000", "sellingGeneralAndAdministrative": "12273000000", "researchAndDevelopment": "None", "operatingExpenses": "28611000000", "investmentIncomeNet": "None", "netInterestIncome": "-716000000", "interestIncome": "725000000", "interestExpense": "725000000", "nonInterestIncome": "None", "otherNonOperatingIncome": "None", "depreciation": "None", "depreciationAndAmortization": "1293000000", "incomeBeforeTax": "3598000000", "incomeTaxExpense": "899000000", "interestAndDebtExpense": "None", "netIncomeFromContinuingOperations": "2441000000", "comprehensiveIncomeNetOfTax": "None", "ebit": "2930000000", "ebitda": "2930000000", "netIncome": "2702000000"}, {"fiscalDateEnding": "2022-12-31", "reportedCurrency": "USD", "grossProfit": "16656000000", "totalRevenue": "144547000000", "costOfRevenue": "127891000000", "costofGoodsAndServicesSold": "127891000000", "operatingIncome": "1318000000", "sellingGeneralAndAdministrative": "20919000000", "researchAndDevelopment": "None", "operatingExpenses": "15338000000", "investmentIncomeNet": "None", "netInterestIncome": "-665000000", "interestIncome": "665000000", "interestExpense": "665000000", "nonInterestIncome": "None", "otherNonOperatingIncome": "1279000000", "depreciation": "None", "depreciationAndAmortization": "1431000000", "incomeBeforeTax": "1962000000", "incomeTaxExpense": "760000000", "interestAndDebtExpense": "None", "netIncomeFromContinuingOperations": "1202000000", "comprehensiveIncomeNetOfTax": "None", "ebit": "2627000000", "ebitda": "4058000000", "netIncome": "1202000000"}, {"fiscalDateEnding": "2021-12-31", "reportedCurrency": "USD", "grossProfit": "14199000000", "totalRevenue": "125982000000", "costOfRevenue": "111783000000", "costofGoodsAndServicesSold": "111783000000", "operatingIncome": "1784000000", "sellingGeneralAndAdministrative": "10166000000", "researchAndDevelopment": "None", "operatingExpenses": "12415000000", "investmentIncomeNet": "None", "netInterestIncome": "-665000000", "interestIncome": "665000000", "interestExpense": "665000000", "nonInterestIncome": "None", "otherNonOperatingIncome": "819000000", "depreciation": "None", "depreciationAndAmortization": "1335000000", "incomeBeforeTax": "1813000000", "incomeTaxExpense": "477000000", "interestAndDebtExpense": "None", "netIncomeFromContinuingOperations": "1336000000", "comprehensiveIncomeNetOfTax": "None", "ebit": "2478000000", "ebitda": "3813000000", "netIncome": "1347000000"}, {"fiscalDateEnding": "2020-12-31", "reportedCurrency": "USD", "grossProfit": "15216000000", "totalRevenue": "111115000000", "costOfRevenue": "95899000000", "costofGoodsAndServicesSold": "95899000000", "operatingIncome": "3082000000", "sellingGeneralAndAdministrative": "11343000000", "researchAndDevelopment": "None", "operatingExpenses": "12134000000", "investmentIncomeNet": "None", "netInterestIncome": "-728000000", "interestIncome": "728000000", "interestExpense": "728000000", "nonInterestIncome": "None", "otherNonOperatingIncome": "480000000", "depreciation": "None", "depreciationAndAmortization": "1259000000", "incomeBeforeTax": "2773000000", "incomeTaxExpense": "979000000", "interestAndDebtExpense": "None", "netIncomeFromContinuingOperations": "1794000000", "comprehensiveIncomeNetOfTax": "None", "ebit": "3501000000", "ebitda": "4760000000", "netIncome": "1808000000"}, {"fiscalDateEnding": "2019-12-31", "reportedCurrency": "USD", "grossProfit": "8843000000", "totalRevenue": "74639000000", "costOfRevenue": "65796000000", "costofGoodsAndServicesSold": "65796000000", "operatingIncome": "1781000000", "sellingGeneralAndAdministrative": "6533000000", "researchAndDevelopment": "None", "operatingExpenses": "7062000000", "investmentIncomeNet": "None", "netInterestIncome": "-412000000", "interestIncome": "412000000", "interestExpense": "412000000", "nonInterestIncome": "None", "otherNonOperatingIncome": "413000000", "depreciation": "None", "depreciationAndAmortization": "643000000", "incomeBeforeTax": "1782000000", "incomeTaxExpense": "473000000", "interestAndDebtExpense": "None", "netIncomeFromContinuingOperations": "2255000000", "comprehensiveIncomeNetOfTax": "None", "ebit": "2194000000", "ebitda": "2837000000", "netIncome": "1321000000"}, {"fiscalDateEnding": "2018-12-31", "reportedCurrency": "USD", "grossProfit": "8421000000", "totalRevenue": "60116000000", "costOfRevenue": "51695000000", "costofGoodsAndServicesSold": "51695000000", "operatingIncome": "1458000000", "sellingGeneralAndAdministrative": "6752000000", "researchAndDevelopment": "0", "operatingExpenses": "6963000000", "investmentIncomeNet": "None", "netInterestIncome": "-343000000", "interestIncome": "343000000", "interestExpense": "343000000", "nonInterestIncome": "None", "otherNonOperatingIncome": "253000000", "depreciation": "None", "depreciationAndAmortization": "495000000", "incomeBeforeTax": "1368000000", "incomeTaxExpense": "474000000", "interestAndDebtExpense": "None", "netIncomeFromContinuingOperations": "894000000", "comprehensiveIncomeNetOfTax": "None", "ebit": "1711000000", "ebitda": "2206000000", "netIncome": "900000000"}, {"fiscalDateEnding": "2017-12-31", "reportedCurrency": "USD", "grossProfit": "5801000000", "totalRevenue": "48382000000", "costOfRevenue": "42581000000", "costofGoodsAndServicesSold": "42581000000", "operatingIncome": "1199000000", "sellingGeneralAndAdministrative": "4446000000", "researchAndDevelopment": "0", "operatingExpenses": "4602000000", "investmentIncomeNet": "None", "netInterestIncome": "-255000000", "interestIncome": "255000000", "interestExpense": "255000000", "nonInterestIncome": "None", "otherNonOperatingIncome": "190000000", "depreciation": "None", "depreciationAndAmortization": "361000000", "incomeBeforeTax": "1134000000", "incomeTaxExpense": "326000000", "interestAndDebtExpense": "None", "netIncomeFromContinuingOperations": "808000000", "comprehensiveIncomeNetOfTax": "None", "ebit": "1389000000", "ebitda": "1750000000", "netIncome": "828000000"}, {"fiscalDateEnding": "2016-12-31", "reportedCurrency": "USD", "grossProfit": "5544000000", "totalRevenue": "40607000000", "costOfRevenue": "35063000000", "costofGoodsAndServicesSold": "35063000000", "operatingIncome": "1263000000", "sellingGeneralAndAdministrative": "4134000000", "researchAndDevelopment": "0", "operatingExpenses": "4281000000", "investmentIncomeNet": "None", "netInterestIncome": "-217000000", "interestIncome": "217000000", "interestExpense": "217000000", "nonInterestIncome": "None", "otherNonOperatingIncome": "114000000", "depreciation": "None", "depreciationAndAmortization": "278000000", "incomeBeforeTax": "1160000000", "incomeTaxExpense": "599000000", "interestAndDebtExpense": "None", "netIncomeFromContinuingOperations": "558000000", "comprehensiveIncomeNetOfTax": "None", "ebit": "1377000000", "ebitda": "1655000000", "netIncome": "562000000"}, {"fiscalDateEnding": "2015-12-31", "reportedCurrency": "USD", "grossProfit": "2746000000", "totalRevenue": "22760000000", "costOfRevenue": "20014000000", "costofGoodsAndServicesSold": "20014000000", "operatingIncome": "705000000", "sellingGeneralAndAdministrative": "2017000000", "researchAndDevelopment": "0", "operatingExpenses": "2041000000", "investmentIncomeNet": "None", "netInterestIncome": "None", "interestIncome": "43000000", "interestExpense": "43000000", "nonInterestIncome": "None", "otherNonOperatingIncome": "35000000", "depreciation": "None", "depreciationAndAmortization": "111000000", "incomeBeforeTax": "697000000", "incomeTaxExpense": "339000000", "interestAndDebtExpense": "None", "netIncomeFromContinuingOperations": "358000000", "comprehensiveIncomeNetOfTax": "None", "ebit": "740000000", "ebitda": "851000000", "netIncome": "355000000"}, {"fiscalDateEnding": "2014-12-31", "reportedCurrency": "USD", "grossProfit": "1904000000", "totalRevenue": "16560000000", "costOfRevenue": "14656000000", "costofGoodsAndServicesSold": "14656000000", "operatingIncome": "464000000", "sellingGeneralAndAdministrative": "1424000000", "researchAndDevelopment": "0", "operatingExpenses": "1440000000", "investmentIncomeNet": "None", "netInterestIncome": "None", "interestIncome": "None", "interestExpense": "35000000", "nonInterestIncome": "None", "otherNonOperatingIncome": "28000000", "depreciation": "None", "depreciationAndAmortization": "89000000", "incomeBeforeTax": "457000000", "incomeTaxExpense": "196000000", "interestAndDebtExpense": "None", "netIncomeFromContinuingOperations": "261000000", "comprehensiveIncomeNetOfTax": "None", "ebit": "492000000", "ebitda": "581000000", "netIncome": "271000000"}, {"fiscalDateEnding": "2013-12-31", "reportedCurrency": "USD", "grossProfit": "1208000000", "totalRevenue": "10863000000", "costOfRevenue": "9655000000", "costofGoodsAndServicesSold": "9655000000", "operatingIncome": "277000000", "sellingGeneralAndAdministrative": "931000000", "researchAndDevelopment": "0", "operatingExpenses": "931000000", "investmentIncomeNet": "None", "netInterestIncome": "None", "interestIncome": "None", "interestExpense": "26957000", "nonInterestIncome": "None", "otherNonOperatingIncome": "18457000", "depreciation": "None", "depreciationAndAmortization": "67420000", "incomeBeforeTax": "269000000", "incomeTaxExpense": "107000000", "interestAndDebtExpense": "None", "netIncomeFromContinuingOperations": "161837000", "comprehensiveIncomeNetOfTax": "None", "ebit": "295580000", "ebitda": "363000000", "netIncome": "165099000"}, {"fiscalDateEnding": "2012-12-31", "reportedCurrency": "USD", "grossProfit": "813000000", "totalRevenue": "8110000000", "costOfRevenue": "7297000000", "costofGoodsAndServicesSold": "7297000000", "operatingIncome": "108000000", "sellingGeneralAndAdministrative": "677000000", "researchAndDevelopment": "0", "operatingExpenses": "705000000", "investmentIncomeNet": "None", "netInterestIncome": "None", "interestIncome": "None", "interestExpense": "20000000", "nonInterestIncome": "None", "otherNonOperatingIncome": "35957000", "depreciation": "None", "depreciationAndAmortization": "65866000", "incomeBeforeTax": "123000000", "incomeTaxExpense": "47000000", "interestAndDebtExpense": "None", "netIncomeFromContinuingOperations": "-11295000", "comprehensiveIncomeNetOfTax": "None", "ebit": "143134000", "ebitda": "209000000", "netIncome": "2000000"}, {"fiscalDateEnding": "2011-12-31", "reportedCurrency": "USD", "grossProfit": "781701000", "totalRevenue": "5211477000", "costOfRevenue": "4429776000", "costofGoodsAndServicesSold": "4429776000", "operatingIncome": "203803000", "sellingGeneralAndAdministrative": "577898000", "researchAndDevelopment": "0", "operatingExpenses": "577898000", "investmentIncomeNet": "None", "netInterestIncome": "None", "interestIncome": "None", "interestExpense": "20320000", "nonInterestIncome": "None", "otherNonOperatingIncome": "13369000", "depreciation": "None", "depreciationAndAmortization": "58327000", "incomeBeforeTax": "188350000", "incomeTaxExpense": "70687000", "interestAndDebtExpense": "None", "netIncomeFromContinuingOperations": "108363000", "comprehensiveIncomeNetOfTax": "None", "ebit": "208670000", "ebitda": "266997000", "netIncome": "111218000"}, {"fiscalDateEnding": "2010-12-31", "reportedCurrency": "USD", "grossProfit": "634834000", "totalRevenue": "4448323000", "costOfRevenue": "3813489000", "costofGoodsAndServicesSold": "3813489000", "operatingIncome": "157069000", "sellingGeneralAndAdministrative": "477765000", "researchAndDevelopment": "0", "operatingExpenses": "477765000", "investmentIncomeNet": "None", "netInterestIncome": "None", "interestIncome": "None", "interestExpense": "17992000", "nonInterestIncome": "None", "otherNonOperatingIncome": "15205000", "depreciation": "None", "depreciationAndAmortization": "52000000", "incomeBeforeTax": "154282000", "incomeTaxExpense": "59900000", "interestAndDebtExpense": "None", "netIncomeFromContinuingOperations": "94382000", "comprehensiveIncomeNetOfTax": "None", "ebit": "172274000", "ebitda": "224274000", "netIncome": "94836000"}, {"fiscalDateEnding": "2009-12-31", "reportedCurrency": "USD", "grossProfit": "878552000", "totalRevenue": "4102864000", "costOfRevenue": "3224312000", "costofGoodsAndServicesSold": "3224312000", "operatingIncome": "138135000", "sellingGeneralAndAdministrative": "514529000", "researchAndDevelopment": "None", "operatingExpenses": "740417000", "investmentIncomeNet": "None", "netInterestIncome": "None", "interestIncome": "None", "interestExpense": "16318000", "nonInterestIncome": "None", "otherNonOperatingIncome": "None", "depreciation": "None", "depreciationAndAmortization": "44004000", "incomeBeforeTax": "137508000", "incomeTaxExpense": "48841000", "interestAndDebtExpense": "None", "netIncomeFromContinuingOperations": "None", "comprehensiveIncomeNetOfTax": "None", "ebit": "153826000", "ebitda": "197830000", "netIncome": "83671000"}, {"fiscalDateEnding": "2008-12-31", "reportedCurrency": "USD", "grossProfit": "667260000", "totalRevenue": "3364515000", "costOfRevenue": "2697255000", "costofGoodsAndServicesSold": "2697255000", "operatingIncome": "131561000", "sellingGeneralAndAdministrative": "444733000", "researchAndDevelopment": "None", "operatingExpenses": "535699000", "investmentIncomeNet": "None", "netInterestIncome": "None", "interestIncome": "None", "interestExpense": "16673000", "nonInterestIncome": "None", "otherNonOperatingIncome": "None", "depreciation": "None", "depreciationAndAmortization": "35414000", "incomeBeforeTax": "136616000", "incomeTaxExpense": "52435000", "interestAndDebtExpense": "None", "netIncomeFromContinuingOperations": "None", "comprehensiveIncomeNetOfTax": "None", "ebit": "153289000", "ebitda": "188703000", "netIncome": "83497000"}, {"fiscalDateEnding": "2007-12-31", "reportedCurrency": "USD", "grossProfit": "516782000", "totalRevenue": "2769028000", "costOfRevenue": "2252246000", "costofGoodsAndServicesSold": "2252246000", "operatingIncome": "55245000", "sellingGeneralAndAdministrative": "399687000", "researchAndDevelopment": "None", "operatingExpenses": "461537000", "investmentIncomeNet": "None", "netInterestIncome": "None", "interestIncome": "None", "interestExpense": "15626000", "nonInterestIncome": "None", "otherNonOperatingIncome": "None", "depreciation": "None", "depreciationAndAmortization": "27807000", "incomeBeforeTax": "64071000", "incomeTaxExpense": "23031000", "interestAndDebtExpense": "None", "netIncomeFromContinuingOperations": "None", "comprehensiveIncomeNetOfTax": "None", "ebit": "79697000", "ebitda": "107504000", "netIncome": "73402000"}, {"fiscalDateEnding": "2006-12-31", "reportedCurrency": "USD", "grossProfit": "398474000", "totalRevenue": "2279020000", "costOfRevenue": "1880546000", "costofGoodsAndServicesSold": "1880546000", "operatingIncome": "-28908000", "sellingGeneralAndAdministrative": "346284000", "researchAndDevelopment": "None", "operatingExpenses": "427382000", "investmentIncomeNet": "None", "netInterestIncome": "None", "interestIncome": "None", "interestExpense": "10636000", "nonInterestIncome": "None", "otherNonOperatingIncome": "None", "depreciation": "None", "depreciationAndAmortization": "20600000", "incomeBeforeTax": "-21652000", "incomeTaxExpense": "21977000", "interestAndDebtExpense": "None", "netIncomeFromContinuingOperations": "None", "comprehensiveIncomeNetOfTax": "None", "ebit": "-11016000", "ebitda": "9584000", "netIncome": "-43629000"}], "quarterlyReports": [{"fiscalDateEnding": "2025-12-31", "reportedCurrency": "USD", "grossProfit": "7547439000", "totalRevenue": "49725000000", "costOfRevenue": "42177561000", "costofGoodsAndServicesSold": "42177561000", "operatingIncome": "-1740375000", "sellingGeneralAndAdministrative": "3729375000", "researchAndDevelopment": "None", "operatingExpenses": "9287814000", "investmentIncomeNet": "None", "netInterestIncome": "None", "interestIncome": "168000000", "interestExpense": "168000000", "nonInterestIncome": "None", "otherNonOperatingIncome": "None", "depreciation": "None", "depreciationAndAmortization": "329000000", "incomeBeforeTax": "-1542963000", "incomeTaxExpense": "-442963000", "interestAndDebtExpense": "None", "netIncomeFromContinuingOperations": "None", "comprehensiveIncomeNetOfTax": "None", "ebit": "-1740375000", "ebitda": "-1411375000", "netIncome": "-1100000000"}, {"fiscalDateEnding": "2025-09-30", "reportedCurrency": "USD", "grossProfit": "8137000000", "totalRevenue": "49690000000", "costOfRevenue": "41553000000", "costofGoodsAndServicesSold": "41553000000", "operatingIncome": "-6954000000", "sellingGeneralAndAdministrative": "3145000000", "researchAndDevelopment": "None", "operatingExpenses": "15091000000", "investmentIncomeNet": "None", "netInterestIncome": "-170000000", "interestIncome": "170000000", "interestExpense": "170000000", "nonInterestIncome": "None", "otherNonOperatingIncome": "None", "depreciation": "None", "depreciationAndAmortization": "316000000", "incomeBeforeTax": "-6674000000", "incomeTaxExpense": "-42000000", "interestAndDebtExpense": "None", "netIncomeFromContinuingOperations": "-6632000000", "comprehensiveIncomeNetOfTax": "None", "ebit": "-6504000000", "ebitda": "-6188000000", "netIncome": "-6631000000"}, {"fiscalDateEnding": "2025-06-30", "reportedCurrency": "USD", "grossProfit": "2947000000", "totalRevenue": "48742000000", "costOfRevenue": "45795000000", "costofGoodsAndServicesSold": "45795000000", "operatingIncome": "-458000000", "sellingGeneralAndAdministrative": "3036000000", "researchAndDevelopment": "None", "operatingExpenses": "3405000000", "investmentIncomeNet": "None", "netInterestIncome": "-170000000", "interestIncome": "170000000", "interestExpense": "170000000", "nonInterestIncome": "None", "otherNonOperatingIncome": "None", "depreciation": "None", "depreciationAndAmortization": "315000000", "incomeBeforeTax": "-257000000", "incomeTaxExpense": "2000000", "interestAndDebtExpense": "None", "netIncomeFromContinuingOperations": "-259000000", "comprehensiveIncomeNetOfTax": "None", "ebit": "-87000000", "ebitda": "228000000", "netIncome": "-253000000"}, {"fiscalDateEnding": "2025-03-31", "reportedCurrency": "USD", "grossProfit": "5202000000", "totalRevenue": "46620000000", "costOfRevenue": "41418000000", "costofGoodsAndServicesSold": "41418000000", "operatingIncome": "1534000000", "sellingGeneralAndAdministrative": "3353000000", "researchAndDevelopment": "None", "operatingExpenses": "3668000000", "investmentIncomeNet": "None", "netInterestIncome": "-170000000", "interestIncome": "170000000", "interestExpense": "170000000", "nonInterestIncome": "None", "otherNonOperatingIncome": "None", "depreciation": "None", "depreciationAndAmortization": "315000000", "incomeBeforeTax": "1746000000", "incomeTaxExpense": "432000000", "interestAndDebtExpense": "None", "netIncomeFromContinuingOperations": "1314000000", "comprehensiveIncomeNetOfTax": "None", "ebit": "1916000000", "ebitda": "2231000000", "netIncome": "1311000000"}, {"fiscalDateEnding": "2024-12-31", "reportedCurrency": "USD", "grossProfit": "3720000000", "totalRevenue": "40805000000", "costOfRevenue": "37085000000", "costofGoodsAndServicesSold": "37085000000", "operatingIncome": "175000000", "sellingGeneralAndAdministrative": "3231000000", "researchAndDevelopment": "None", "operatingExpenses": "3545000000", "investmentIncomeNet": "None", "netInterestIncome": "-172000000", "interestIncome": "172000000", "interestExpense": "172000000", "nonInterestIncome": "None", "otherNonOperatingIncome": "None", "depreciation": "None", "depreciationAndAmortization": "314000000", "incomeBeforeTax": "347000000", "incomeTaxExpense": "67000000", "interestAndDebtExpense": "None", "netIncomeFromContinuingOperations": "280000000", "comprehensiveIncomeNetOfTax": "None", "ebit": "519000000", "ebitda": "833000000", "netIncome": "283000000"}, {"fiscalDateEnding": "2024-09-30", "reportedCurrency": "USD", "grossProfit": "4035000000", "totalRevenue": "42023000000", "costOfRevenue": "37988000000", "costofGoodsAndServicesSold": "37988000000", "operatingIncome": "665000000", "sellingGeneralAndAdministrative": "3057000000", "researchAndDevelopment": "None", "operatingExpenses": "3370000000", "investmentIncomeNet": "None", "netInterestIncome": "-176000000", "interestIncome": "176000000", "interestExpense": "176000000", "nonInterestIncome": "None", "otherNonOperatingIncome": "None", "depreciation": "None", "depreciationAndAmortization": "313000000", "incomeBeforeTax": "921000000", "incomeTaxExpense": "211000000", "interestAndDebtExpense": "None", "netIncomeFromContinuingOperations": "710000000", "comprehensiveIncomeNetOfTax": "None", "ebit": "1097000000", "ebitda": "1410000000", "netIncome": "713000000"}, {"fiscalDateEnding": "2024-06-30", "reportedCurrency": "USD", "grossProfit": "4429000000", "totalRevenue": "39836000000", "costOfRevenue": "35407000000", "costofGoodsAndServicesSold": "35407000000", "operatingIncome": "1229000000", "sellingGeneralAndAdministrative": "2894000000", "researchAndDevelopment": "None", "operatingExpenses": "3200000000", "investmentIncomeNet": "None", "netInterestIncome": "-176000000", "interestIncome": "None", "interestExpense": "176000000", "nonInterestIncome": "None", "otherNonOperatingIncome": "None", "depreciation": "None", "depreciationAndAmortization": "306000000", "incomeBeforeTax": "1516000000", "incomeTaxExpense": "370000000", "interestAndDebtExpense": "None", "netIncomeFromContinuingOperations": "1146000000", "comprehensiveIncomeNetOfTax": "None", "ebit": "1692000000", "ebitda": "1998000000", "netIncome": "1146000000"}, {"fiscalDateEnding": "2024-03-31", "reportedCurrency": "USD", "grossProfit": "4645000000", "totalRevenue": "40407000000", "costOfRevenue": "35762000000", "costofGoodsAndServicesSold": "35762000000", "operatingIncome": "1106000000", "sellingGeneralAndAdministrative": "3218000000", "researchAndDevelopment": "None", "operatingExpenses": "3539000000", "investmentIncomeNet": "None", "netInterestIncome": "-178000000", "interestIncome": "None", "interestExpense": "178000000", "nonInterestIncome": "None", "otherNonOperatingIncome": "None", "depreciation": "None", "depreciationAndAmortization": "308000000", "incomeBeforeTax": "1473000000", "incomeTaxExpense": "315000000", "interestAndDebtExpense": "None", "netIncomeFromContinuingOperations": "1158000000", "comprehensiveIncomeNetOfTax": "None", "ebit": "1651000000", "ebitda": "1959000000", "netIncome": "1163000000"}, {"fiscalDateEnding": "2023-12-31", "reportedCurrency": "USD", "grossProfit": "3660000000", "totalRevenue": "39460000000", "costOfRevenue": "35800000000", "costofGoodsAndServicesSold": "35800000000", "operatingIncome": "-194000000", "sellingGeneralAndAdministrative": "3048000000", "researchAndDevelopment": "None", "operatingExpenses": "3854000000", "investmentIncomeNet": "None", "netInterestIncome": "-183000000", "interestIncome": "None", "interestExpense": "183000000", "nonInterestIncome": "None", "otherNonOperatingIncome": "None", "depreciation": "None", "depreciationAndAmortization": "315000000", "incomeBeforeTax": "24000000", "incomeTaxExpense": "-15000000", "interestAndDebtExpense": "None", "netIncomeFromContinuingOperations": "39000000", "comprehensiveIncomeNetOfTax": "None", "ebit": "207000000", "ebitda": "522000000", "netIncome": "45000000"}, {"fiscalDateEnding": "2023-09-30", "reportedCurrency": "USD", "grossProfit": "4551000000", "totalRevenue": "38042000000", "costOfRevenue": "33491000000", "costofGoodsAndServicesSold": "33491000000", "operatingIncome": "735000000", "sellingGeneralAndAdministrative": "3048000000", "researchAndDevelopment": "None", "operatingExpenses": "3816000000", "investmentIncomeNet": "None", "netInterestIncome": "-181000000", "interestIncome": "181000000", "interestExpense": "181000000", "nonInterestIncome": "None", "otherNonOperatingIncome": "None", "depreciation": "None", "depreciationAndAmortization": "328000000", "incomeBeforeTax": "768000000", "incomeTaxExpense": "293000000", "interestAndDebtExpense": "None", "netIncomeFromContinuingOperations": "475000000", "comprehensiveIncomeNetOfTax": "None", "ebit": "949000000", "ebitda": "1277000000", "netIncome": "469000000"}, {"fiscalDateEnding": "2023-06-30", "reportedCurrency": "USD", "grossProfit": "4530000000", "totalRevenue": "37608000000", "costOfRevenue": "33078000000", "costofGoodsAndServicesSold": "33078000000", "operatingIncome": "1171000000", "sellingGeneralAndAdministrative": "3016000000", "researchAndDevelopment": "None", "operatingExpenses": "3359000000", "investmentIncomeNet": "None", "netInterestIncome": "-181000000", "interestIncome": "181000000", "interestExpense": "181000000", "nonInterestIncome": "None", "otherNonOperatingIncome": "425000000", "depreciation": "None", "depreciationAndAmortization": "325000000", "incomeBeforeTax": "1415000000", "incomeTaxExpense": "360000000", "interestAndDebtExpense": "None", "netIncomeFromContinuingOperations": "1055000000", "comprehensiveIncomeNetOfTax": "None", "ebit": "1596000000", "ebitda": "1921000000", "netIncome": "1058000000"}, {"fiscalDateEnding": "2023-03-31", "reportedCurrency": "USD", "grossProfit": "4574000000", "totalRevenue": "38889000000", "costOfRevenue": "34315000000", "costofGoodsAndServicesSold": "34315000000", "operatingIncome": "1218000000", "sellingGeneralAndAdministrative": "3011000000", "researchAndDevelopment": "None", "operatingExpenses": "3356000000", "investmentIncomeNet": "None", "netInterestIncome": "-180000000", "interestIncome": "180000000", "interestExpense": "180000000", "nonInterestIncome": "None", "otherNonOperatingIncome": "353000000", "depreciation": "None", "depreciationAndAmortization": "325000000", "incomeBeforeTax": "1391000000", "incomeTaxExpense": "261000000", "interestAndDebtExpense": "None", "netIncomeFromContinuingOperations": "1130000000", "comprehensiveIncomeNetOfTax": "None", "ebit": "1571000000", "ebitda": "1896000000", "netIncome": "1130000000"}, {"fiscalDateEnding": "2022-12-31", "reportedCurrency": "USD", "grossProfit": "3847000000", "totalRevenue": "35561000000", "costOfRevenue": "31714000000", "costofGoodsAndServicesSold": "31714000000", "operatingIncome": "-282000000", "sellingGeneralAndAdministrative": "8391000000", "researchAndDevelopment": "None", "operatingExpenses": "4129000000", "investmentIncomeNet": "None", "netInterestIncome": "-174000000", "interestIncome": "174000000", "interestExpense": "174000000", "nonInterestIncome": "None", "otherNonOperatingIncome": "493000000", "depreciation": "None", "depreciationAndAmortization": "375000000", "incomeBeforeTax": "41000000", "incomeTaxExpense": "260000000", "interestAndDebtExpense": "None", "netIncomeFromContinuingOperations": "-219000000", "comprehensiveIncomeNetOfTax": "None", "ebit": "215000000", "ebitda": "590000000", "netIncome": "-213000000"}, {"fiscalDateEnding": "2022-09-30", "reportedCurrency": "USD", "grossProfit": "3972000000", "totalRevenue": "35865000000", "costOfRevenue": "31893000000", "costofGoodsAndServicesSold": "31893000000", "operatingIncome": "476000000", "sellingGeneralAndAdministrative": "2846000000", "researchAndDevelopment": "None", "operatingExpenses": "3496000000", "investmentIncomeNet": "None", "netInterestIncome": "-169000000", "interestIncome": "169000000", "interestExpense": "169000000", "nonInterestIncome": "None", "otherNonOperatingIncome": "692000000", "depreciation": "None", "depreciationAndAmortization": "361000000", "incomeBeforeTax": "1009000000", "incomeTaxExpense": "269000000", "interestAndDebtExpense": "None", "netIncomeFromContinuingOperations": "740000000", "comprehensiveIncomeNetOfTax": "None", "ebit": "1178000000", "ebitda": "1539000000", "netIncome": "738000000"}, {"fiscalDateEnding": "2022-06-30", "reportedCurrency": "USD", "grossProfit": "4484000000", "totalRevenue": "35936000000", "costOfRevenue": "31452000000", "costofGoodsAndServicesSold": "31452000000", "operatingIncome": "-129000000", "sellingGeneralAndAdministrative": "2800000000", "researchAndDevelopment": "None", "operatingExpenses": "4613000000", "investmentIncomeNet": "None", "netInterestIncome": "-162000000", "interestIncome": "162000000", "interestExpense": "162000000", "nonInterestIncome": "None", "otherNonOperatingIncome": "42000000", "depreciation": "None", "depreciationAndAmortization": "363000000", "incomeBeforeTax": "-236000000", "incomeTaxExpense": "-65000000", "interestAndDebtExpense": "None", "netIncomeFromContinuingOperations": "-171000000", "comprehensiveIncomeNetOfTax": "None", "ebit": "-74000000", "ebitda": "289000000", "netIncome": "-172000000"}, {"fiscalDateEnding": "2022-03-31", "reportedCurrency": "USD", "grossProfit": "4353000000", "totalRevenue": "37185000000", "costOfRevenue": "32832000000", "costofGoodsAndServicesSold": "32832000000", "operatingIncome": "1253000000", "sellingGeneralAndAdministrative": "2745000000", "researchAndDevelopment": "None", "operatingExpenses": "3100000000", "investmentIncomeNet": "None", "netInterestIncome": "-160000000", "interestIncome": "160000000", "interestExpense": "160000000", "nonInterestIncome": "None", "otherNonOperatingIncome": "52000000", "depreciation": "None", "depreciationAndAmortization": "390000000", "incomeBeforeTax": "1148000000", "incomeTaxExpense": "296000000", "interestAndDebtExpense": "None", "netIncomeFromContinuingOperations": "852000000", "comprehensiveIncomeNetOfTax": "None", "ebit": "1308000000", "ebitda": "1698000000", "netIncome": "849000000"}, {"fiscalDateEnding": "2021-12-31", "reportedCurrency": "USD", "grossProfit": "3634000000", "totalRevenue": "32568000000", "costOfRevenue": "28934000000", "costofGoodsAndServicesSold": "28934000000", "operatingIncome": "603000000", "sellingGeneralAndAdministrative": "2842000000", "researchAndDevelopment": "None", "operatingExpenses": "3031000000", "investmentIncomeNet": "None", "netInterestIncome": "-162000000", "interestIncome": "162000000", "interestExpense": "162000000", "nonInterestIncome": "None", "otherNonOperatingIncome": "253000000", "depreciation": "None", "depreciationAndAmortization": "378000000", "incomeBeforeTax": "694000000", "incomeTaxExpense": "101000000", "interestAndDebtExpense": "None", "netIncomeFromContinuingOperations": "593000000", "comprehensiveIncomeNetOfTax": "None", "ebit": "856000000", "ebitda": "1234000000", "netIncome": "599000000"}, {"fiscalDateEnding": "2021-09-30", "reportedCurrency": "USD", "grossProfit": "3656000000", "totalRevenue": "32406000000", "costOfRevenue": "28750000000", "costofGoodsAndServicesSold": "28750000000", "operatingIncome": "545000000", "sellingGeneralAndAdministrative": "2537000000", "researchAndDevelopment": "None", "operatingExpenses": "3111000000", "investmentIncomeNet": "None", "netInterestIncome": "-170000000", "interestIncome": "170000000", "interestExpense": "170000000", "nonInterestIncome": "None", "otherNonOperatingIncome": "424000000", "depreciation": "None", "depreciationAndAmortization": "381000000", "incomeBeforeTax": "720000000", "incomeTaxExpense": "139000000", "interestAndDebtExpense": "None", "netIncomeFromContinuingOperations": "581000000", "comprehensiveIncomeNetOfTax": "None", "ebit": "890000000", "ebitda": "1271000000", "netIncome": "584000000"}, {"fiscalDateEnding": "2021-06-30", "reportedCurrency": "USD", "grossProfit": "3293000000", "totalRevenue": "31025000000", "costOfRevenue": "27732000000", "costofGoodsAndServicesSold": "27732000000", "operatingIncome": "-418000000", "sellingGeneralAndAdministrative": "2139000000", "researchAndDevelopment": "None", "operatingExpenses": "3711000000", "investmentIncomeNet": "None", "netInterestIncome": "-163000000", "interestIncome": "163000000", "interestExpense": "163000000", "nonInterestIncome": "None", "otherNonOperatingIncome": "39000000", "depreciation": "None", "depreciationAndAmortization": "356000000", "incomeBeforeTax": "-542000000", "incomeTaxExpense": "-7000000", "interestAndDebtExpense": "None", "netIncomeFromContinuingOperations": "-535000000", "comprehensiveIncomeNetOfTax": "None", "ebit": "-379000000", "ebitda": "-23000000", "netIncome": "-535000000"}, {"fiscalDateEnding": "2021-03-31", "reportedCurrency": "USD", "grossProfit": "3616000000", "totalRevenue": "29983000000", "costOfRevenue": "26367000000", "costofGoodsAndServicesSold": "26367000000", "operatingIncome": "1054000000", "sellingGeneralAndAdministrative": "2234000000", "researchAndDevelopment": "None", "operatingExpenses": "2562000000", "investmentIncomeNet": "None", "netInterestIncome": "-170000000", "interestIncome": "170000000", "interestExpense": "170000000", "nonInterestIncome": "None", "otherNonOperatingIncome": "103000000", "depreciation": "None", "depreciationAndAmortization": "361000000", "incomeBeforeTax": "941000000", "incomeTaxExpense": "244000000", "interestAndDebtExpense": "None", "netIncomeFromContinuingOperations": "697000000", "comprehensiveIncomeNetOfTax": "None", "ebit": "1111000000", "ebitda": "1472000000", "netIncome": "699000000"}, {"fiscalDateEnding": "2020-12-31", "reportedCurrency": "USD", "grossProfit": "3304000000", "totalRevenue": "28288000000", "costOfRevenue": "24984000000", "costofGoodsAndServicesSold": "24984000000", "operatingIncome": "15000000", "sellingGeneralAndAdministrative": "3097000000", "researchAndDevelopment": "None", "operatingExpenses": "3289000000", "investmentIncomeNet": "None", "netInterestIncome": "-177000000", "interestIncome": "177000000", "interestExpense": "177000000", "nonInterestIncome": "None", "otherNonOperatingIncome": "None", "depreciation": "None", "depreciationAndAmortization": "343000000", "incomeBeforeTax": "-74000000", "incomeTaxExpense": "-55000000", "interestAndDebtExpense": "None", "netIncomeFromContinuingOperations": "-19000000", "comprehensiveIncomeNetOfTax": "None", "ebit": "103000000", "ebitda": "446000000", "netIncome": "-12000000"}, {"fiscalDateEnding": "2020-09-30", "reportedCurrency": "USD", "grossProfit": "3908000000", "totalRevenue": "29090000000", "costOfRevenue": "25182000000", "costofGoodsAndServicesSold": "25182000000", "operatingIncome": "861000000", "sellingGeneralAndAdministrative": "2883000000", "researchAndDevelopment": "None", "operatingExpenses": "3047000000", "investmentIncomeNet": "None", "netInterestIncome": "-184000000", "interestIncome": "184000000", "interestExpense": "184000000", "nonInterestIncome": "None", "otherNonOperatingIncome": "95000000", "depreciation": "None", "depreciationAndAmortization": "298000000", "incomeBeforeTax": "772000000", "incomeTaxExpense": "207000000", "interestAndDebtExpense": "None", "netIncomeFromContinuingOperations": "565000000", "comprehensiveIncomeNetOfTax": "None", "ebit": "956000000", "ebitda": "1254000000", "netIncome": "568000000"}, {"fiscalDateEnding": "2020-06-30", "reportedCurrency": "USD", "grossProfit": "4849000000", "totalRevenue": "27712000000", "costOfRevenue": "22863000000", "costofGoodsAndServicesSold": "22863000000", "operatingIncome": "2018000000", "sellingGeneralAndAdministrative": "2634000000", "researchAndDevelopment": "None", "operatingExpenses": "2831000000", "investmentIncomeNet": "None", "netInterestIncome": "-187000000", "interestIncome": "187000000", "interestExpense": "187000000", "nonInterestIncome": "None", "otherNonOperatingIncome": "113000000", "depreciation": "None", "depreciationAndAmortization": "330000000", "incomeBeforeTax": "1944000000", "incomeTaxExpense": "742000000", "interestAndDebtExpense": "None", "netIncomeFromContinuingOperations": "1202000000", "comprehensiveIncomeNetOfTax": "None", "ebit": "2131000000", "ebitda": "2461000000", "netIncome": "1206000000"}, {"fiscalDateEnding": "2020-03-31", "reportedCurrency": "USD", "grossProfit": "3155000000", "totalRevenue": "26025000000", "costOfRevenue": "22870000000", "costofGoodsAndServicesSold": "22870000000", "operatingIncome": "188000000", "sellingGeneralAndAdministrative": "2729000000", "researchAndDevelopment": "None", "operatingExpenses": "2967000000", "investmentIncomeNet": "None", "netInterestIncome": "-180000000", "interestIncome": "180000000", "interestExpense": "180000000", "nonInterestIncome": "None", "otherNonOperatingIncome": "123000000", "depreciation": "None", "depreciationAndAmortization": "288000000", "incomeBeforeTax": "131000000", "incomeTaxExpense": "85000000", "interestAndDebtExpense": "None", "netIncomeFromContinuingOperations": "46000000", "comprehensiveIncomeNetOfTax": "None", "ebit": "311000000", "ebitda": "599000000", "netIncome": "46000000"}, {"fiscalDateEnding": "2019-12-31", "reportedCurrency": "USD", "grossProfit": "2074000000", "totalRevenue": "18863000000", "costOfRevenue": "16789000000", "costofGoodsAndServicesSold": "16789000000", "operatingIncome": "277000000", "sellingGeneralAndAdministrative": "1733000000", "researchAndDevelopment": "None", "operatingExpenses": "1797000000", "investmentIncomeNet": "None", "netInterestIncome": "-113000000", "interestIncome": "113000000", "interestExpense": "113000000", "nonInterestIncome": "None", "otherNonOperatingIncome": "96000000", "depreciation": "None", "depreciationAndAmortization": "168000000", "incomeBeforeTax": "260000000", "incomeTaxExpense": "58000000", "interestAndDebtExpense": "None", "netIncomeFromContinuingOperations": "1148000000", "comprehensiveIncomeNetOfTax": "None", "ebit": "373000000", "ebitda": "541000000", "netIncome": "209000000"}, {"fiscalDateEnding": "2019-09-30", "reportedCurrency": "USD", "grossProfit": "2129000000", "totalRevenue": "18976000000", "costOfRevenue": "16847000000", "costofGoodsAndServicesSold": "16847000000", "operatingIncome": "176000000", "sellingGeneralAndAdministrative": "1617000000", "researchAndDevelopment": "None", "operatingExpenses": "1953000000", "investmentIncomeNet": "None", "netInterestIncome": "-99000000", "interestIncome": "99000000", "interestExpense": "99000000", "nonInterestIncome": "None", "otherNonOperatingIncome": "98000000", "depreciation": "None", "depreciationAndAmortization": "162000000", "incomeBeforeTax": "175000000", "incomeTaxExpense": "79000000", "interestAndDebtExpense": "None", "netIncomeFromContinuingOperations": "96000000", "comprehensiveIncomeNetOfTax": "None", "ebit": "274000000", "ebitda": "436000000", "netIncome": "95000000"}, {"fiscalDateEnding": "2019-06-30", "reportedCurrency": "USD", "grossProfit": "2281000000", "totalRevenue": "18356000000", "costOfRevenue": "16075000000", "costofGoodsAndServicesSold": "16075000000", "operatingIncome": "643000000", "sellingGeneralAndAdministrative": "1574000000", "researchAndDevelopment": "None", "operatingExpenses": "1638000000", "investmentIncomeNet": "None", "netInterestIncome": "-101000000", "interestIncome": "101000000", "interestExpense": "101000000", "nonInterestIncome": "None", "otherNonOperatingIncome": "120000000", "depreciation": "None", "depreciationAndAmortization": "158000000", "incomeBeforeTax": "662000000", "incomeTaxExpense": "170000000", "interestAndDebtExpense": "None", "netIncomeFromContinuingOperations": "492000000", "comprehensiveIncomeNetOfTax": "None", "ebit": "763000000", "ebitda": "921000000", "netIncome": "495000000"}, {"fiscalDateEnding": "2019-03-31", "reportedCurrency": "USD", "grossProfit": "2359000000", "totalRevenue": "18444000000", "costOfRevenue": "16085000000", "costofGoodsAndServicesSold": "16085000000", "operatingIncome": "685000000", "sellingGeneralAndAdministrative": "1609000000", "researchAndDevelopment": "None", "operatingExpenses": "1674000000", "investmentIncomeNet": "None", "netInterestIncome": "-99000000", "interestIncome": "None", "interestExpense": "99000000", "nonInterestIncome": "None", "otherNonOperatingIncome": "99000000", "depreciation": "None", "depreciationAndAmortization": "155000000", "incomeBeforeTax": "685000000", "incomeTaxExpense": "166000000", "interestAndDebtExpense": "None", "netIncomeFromContinuingOperations": "519000000", "comprehensiveIncomeNetOfTax": "None", "ebit": "784000000", "ebitda": "939000000", "netIncome": "522000000"}, {"fiscalDateEnding": "2018-12-31", "reportedCurrency": "USD", "grossProfit": "2183000000", "totalRevenue": "16559000000", "costOfRevenue": "14376000000", "costofGoodsAndServicesSold": "14376000000", "operatingIncome": "388000000", "sellingGeneralAndAdministrative": "1733000000", "researchAndDevelopment": "0", "operatingExpenses": "1795000000", "investmentIncomeNet": "None", "netInterestIncome": "None", "interestIncome": "None", "interestExpense": "98000000", "nonInterestIncome": "None", "otherNonOperatingIncome": "67000000", "depreciation": "None", "depreciationAndAmortization": "141000000", "incomeBeforeTax": "357000000", "incomeTaxExpense": "116000000", "interestAndDebtExpense": "None", "netIncomeFromContinuingOperations": "241000000", "comprehensiveIncomeNetOfTax": "None", "ebit": "455000000", "ebitda": "596000000", "netIncome": "241000000"}, {"fiscalDateEnding": "2018-09-30", "reportedCurrency": "USD", "grossProfit": "2218000000", "totalRevenue": "16182000000", "costOfRevenue": "13964000000", "costofGoodsAndServicesSold": "13964000000", "operatingIncome": "41000000", "sellingGeneralAndAdministrative": "2112000000", "researchAndDevelopment": "0", "operatingExpenses": "2177000000", "investmentIncomeNet": "None", "netInterestIncome": "None", "interestIncome": "None", "interestExpense": "97000000", "nonInterestIncome": "None", "otherNonOperatingIncome": "80000000", "depreciation": "None", "depreciationAndAmortization": "139000000", "incomeBeforeTax": "24000000", "incomeTaxExpense": "8000000", "interestAndDebtExpense": "None", "netIncomeFromContinuingOperations": "16000000", "comprehensiveIncomeNetOfTax": "None", "ebit": "121000000", "ebitda": "260000000", "netIncome": "19000000"}, {"fiscalDateEnding": "2018-06-30", "reportedCurrency": "USD", "grossProfit": "1954000000", "totalRevenue": "14181000000", "costOfRevenue": "12227000000", "costofGoodsAndServicesSold": "12227000000", "operatingIncome": "489000000", "sellingGeneralAndAdministrative": "1420000000", "researchAndDevelopment": "0", "operatingExpenses": "1465000000", "investmentIncomeNet": "None", "netInterestIncome": "None", "interestIncome": "None", "interestExpense": "80000000", "nonInterestIncome": "None", "otherNonOperatingIncome": "65000000", "depreciation": "None", "depreciationAndAmortization": "111000000", "incomeBeforeTax": "474000000", "incomeTaxExpense": "175000000", "interestAndDebtExpense": "None", "netIncomeFromContinuingOperations": "299000000", "comprehensiveIncomeNetOfTax": "None", "ebit": "554000000", "ebitda": "665000000", "netIncome": "300000000"}, {"fiscalDateEnding": "2018-03-31", "reportedCurrency": "USD", "grossProfit": "2066000000", "totalRevenue": "13194000000", "costOfRevenue": "11128000000", "costofGoodsAndServicesSold": "11128000000", "operatingIncome": "540000000", "sellingGeneralAndAdministrative": "1487000000", "researchAndDevelopment": "0", "operatingExpenses": "1526000000", "investmentIncomeNet": "None", "netInterestIncome": "None", "interestIncome": "None", "interestExpense": "68000000", "nonInterestIncome": "None", "otherNonOperatingIncome": "41000000", "depreciation": "None", "depreciationAndAmortization": "104000000", "incomeBeforeTax": "513000000", "incomeTaxExpense": "175000000", "interestAndDebtExpense": "None", "netIncomeFromContinuingOperations": "338000000", "comprehensiveIncomeNetOfTax": "None", "ebit": "581000000", "ebitda": "685000000", "netIncome": "340000000"}, {"fiscalDateEnding": "2017-12-31", "reportedCurrency": "USD", "grossProfit": "1480000000", "totalRevenue": "12806000000", "costOfRevenue": "11326000000", "costofGoodsAndServicesSold": "11326000000", "operatingIncome": "181000000", "sellingGeneralAndAdministrative": "1260000000", "researchAndDevelopment": "0", "operatingExpenses": "1299000000", "investmentIncomeNet": "None", "netInterestIncome": "None", "interestIncome": "None", "interestExpense": "66000000", "nonInterestIncome": "None", "otherNonOperatingIncome": "53000000", "depreciation": "None", "depreciationAndAmortization": "97000000", "incomeBeforeTax": "168000000", "incomeTaxExpense": "-55000000", "interestAndDebtExpense": "None", "netIncomeFromContinuingOperations": "223000000", "comprehensiveIncomeNetOfTax": "None", "ebit": "234000000", "ebitda": "331000000", "netIncome": "230000000"}, {"fiscalDateEnding": "2017-09-30", "reportedCurrency": "USD", "grossProfit": "1408000000", "totalRevenue": "11898000000", "costOfRevenue": "10490000000", "costofGoodsAndServicesSold": "10490000000", "operatingIncome": "340000000", "sellingGeneralAndAdministrative": "1030000000", "researchAndDevelopment": "0", "operatingExpenses": "1068000000", "investmentIncomeNet": "None", "netInterestIncome": "None", "interestIncome": "None", "interestExpense": "65000000", "nonInterestIncome": "None", "otherNonOperatingIncome": "51000000", "depreciation": "None", "depreciationAndAmortization": "91000000", "incomeBeforeTax": "326000000", "incomeTaxExpense": "125000000", "interestAndDebtExpense": "None", "netIncomeFromContinuingOperations": "201000000", "comprehensiveIncomeNetOfTax": "None", "ebit": "391000000", "ebitda": "482000000", "netIncome": "205000000"}, {"fiscalDateEnding": "2017-06-30", "reportedCurrency": "USD", "grossProfit": "1542000000", "totalRevenue": "11954000000", "costOfRevenue": "10412000000", "costofGoodsAndServicesSold": "10412000000", "operatingIncome": "438000000", "sellingGeneralAndAdministrative": "1065000000", "researchAndDevelopment": "0", "operatingExpenses": "1104000000", "investmentIncomeNet": "None", "netInterestIncome": "None", "interestIncome": "None", "interestExpense": "62000000", "nonInterestIncome": "None", "otherNonOperatingIncome": "45000000", "depreciation": "None", "depreciationAndAmortization": "87000000", "incomeBeforeTax": "421000000", "incomeTaxExpense": "169000000", "interestAndDebtExpense": "None", "netIncomeFromContinuingOperations": "252000000", "comprehensiveIncomeNetOfTax": "None", "ebit": "483000000", "ebitda": "570000000", "netIncome": "254000000"}, {"fiscalDateEnding": "2017-03-31", "reportedCurrency": "USD", "grossProfit": "1371000000", "totalRevenue": "11724000000", "costOfRevenue": "10353000000", "costofGoodsAndServicesSold": "10353000000", "operatingIncome": "240000000", "sellingGeneralAndAdministrative": "1091000000", "researchAndDevelopment": "0", "operatingExpenses": "1131000000", "investmentIncomeNet": "None", "netInterestIncome": "None", "interestIncome": "None", "interestExpense": "62000000", "nonInterestIncome": "None", "otherNonOperatingIncome": "41000000", "depreciation": "None", "depreciationAndAmortization": "86000000", "incomeBeforeTax": "219000000", "incomeTaxExpense": "87000000", "interestAndDebtExpense": "None", "netIncomeFromContinuingOperations": "132000000", "comprehensiveIncomeNetOfTax": "None", "ebit": "281000000", "ebitda": "367000000", "netIncome": "139000000"}, {"fiscalDateEnding": "2016-12-31", "reportedCurrency": "USD", "grossProfit": "1766000000", "totalRevenue": "11911000000", "costOfRevenue": "10145000000", "costofGoodsAndServicesSold": "10145000000", "operatingIncome": "521000000", "sellingGeneralAndAdministrative": "1193000000", "researchAndDevelopment": "0", "operatingExpenses": "1245000000", "investmentIncomeNet": "None", "netInterestIncome": "None", "interestIncome": "None", "interestExpense": "75000000", "nonInterestIncome": "None", "otherNonOperatingIncome": "34000000", "depreciation": "None", "depreciationAndAmortization": "89000000", "incomeBeforeTax": "480000000", "incomeTaxExpense": "223000000", "interestAndDebtExpense": "None", "netIncomeFromContinuingOperations": "257000000", "comprehensiveIncomeNetOfTax": "None", "ebit": "555000000", "ebitda": "644000000", "netIncome": "265000000"}, {"fiscalDateEnding": "2016-09-30", "reportedCurrency": "USD", "grossProfit": "1454000000", "totalRevenue": "10846000000", "costOfRevenue": "9392000000", "costofGoodsAndServicesSold": "9392000000", "operatingIncome": "342000000", "sellingGeneralAndAdministrative": "1069000000", "researchAndDevelopment": "0", "operatingExpenses": "1112000000", "investmentIncomeNet": "None", "netInterestIncome": "None", "interestIncome": "None", "interestExpense": "57000000", "nonInterestIncome": "None", "otherNonOperatingIncome": "33000000", "depreciation": "None", "depreciationAndAmortization": "78000000", "incomeBeforeTax": "318000000", "incomeTaxExpense": "169000000", "interestAndDebtExpense": "None", "netIncomeFromContinuingOperations": "147000000", "comprehensiveIncomeNetOfTax": "None", "ebit": "375000000", "ebitda": "453000000", "netIncome": "147000000"}, {"fiscalDateEnding": "2016-06-30", "reportedCurrency": "USD", "grossProfit": "1499000000", "totalRevenue": "10897000000", "costOfRevenue": "9398000000", "costofGoodsAndServicesSold": "9398000000", "operatingIncome": "377000000", "sellingGeneralAndAdministrative": "1079000000", "researchAndDevelopment": "0", "operatingExpenses": "1122000000", "investmentIncomeNet": "None", "netInterestIncome": "None", "interestIncome": "None", "interestExpense": "52000000", "nonInterestIncome": "None", "otherNonOperatingIncome": "32000000", "depreciation": "None", "depreciationAndAmortization": "76000000", "incomeBeforeTax": "357000000", "incomeTaxExpense": "187000000", "interestAndDebtExpense": "None", "netIncomeFromContinuingOperations": "168000000", "comprehensiveIncomeNetOfTax": "None", "ebit": "409000000", "ebitda": "485000000", "netIncome": "170000000"}, {"fiscalDateEnding": "2016-03-31", "reportedCurrency": "USD", "grossProfit": "825000000", "totalRevenue": "6953000000", "costOfRevenue": "6128000000", "costofGoodsAndServicesSold": "6128000000", "operatingIncome": "20000000", "sellingGeneralAndAdministrative": "796000000", "researchAndDevelopment": "0", "operatingExpenses": "805000000", "investmentIncomeNet": "None", "netInterestIncome": "None", "interestIncome": "None", "interestExpense": "33000000", "nonInterestIncome": "None", "otherNonOperatingIncome": "15000000", "depreciation": "None", "depreciationAndAmortization": "35000000", "incomeBeforeTax": "2000000", "incomeTaxExpense": "16000000", "interestAndDebtExpense": "None", "netIncomeFromContinuingOperations": "-15000000", "comprehensiveIncomeNetOfTax": "None", "ebit": "35000000", "ebitda": "70000000", "netIncome": "-16000000"}, {"fiscalDateEnding": "2015-12-31", "reportedCurrency": "USD", "grossProfit": "791000000", "totalRevenue": "6302000000", "costOfRevenue": "5511000000", "costofGoodsAndServicesSold": "5511000000", "operatingIncome": "220000000", "sellingGeneralAndAdministrative": "571000000", "researchAndDevelopment": "0", "operatingExpenses": "571000000", "investmentIncomeNet": "None", "netInterestIncome": "None", "interestIncome": "None", "interestExpense": "11000000", "nonInterestIncome": "None", "otherNonOperatingIncome": "8000000", "depreciation": "None", "depreciationAndAmortization": "29000000", "incomeBeforeTax": "217000000", "incomeTaxExpense": "105000000", "interestAndDebtExpense": "None", "netIncomeFromContinuingOperations": "112000000", "comprehensiveIncomeNetOfTax": "None", "ebit": "228000000", "ebitda": "257000000", "netIncome": "111000000"}, {"fiscalDateEnding": "2015-09-30", "reportedCurrency": "USD", "grossProfit": "701000000", "totalRevenue": "5821000000", "costOfRevenue": "5120000000", "costofGoodsAndServicesSold": "5120000000", "operatingIncome": "183000000", "sellingGeneralAndAdministrative": "512000000", "researchAndDevelopment": "0", "operatingExpenses": "518000000", "investmentIncomeNet": "None", "netInterestIncome": "None", "interestIncome": "None", "interestExpense": "11000000", "nonInterestIncome": "None", "otherNonOperatingIncome": "8000000", "depreciation": "None", "depreciationAndAmortization": "29000000", "incomeBeforeTax": "180000000", "incomeTaxExpense": "87000000", "interestAndDebtExpense": "None", "netIncomeFromContinuingOperations": "93000000", "comprehensiveIncomeNetOfTax": "None", "ebit": "191000000", "ebitda": "220000000", "netIncome": "93000000"}, {"fiscalDateEnding": "2015-06-30", "reportedCurrency": "USD", "grossProfit": "667000000", "totalRevenue": "5506000000", "costOfRevenue": "4839000000", "costofGoodsAndServicesSold": "4839000000", "operatingIncome": "173000000", "sellingGeneralAndAdministrative": "489000000", "researchAndDevelopment": "0", "operatingExpenses": "494000000", "investmentIncomeNet": "None", "netInterestIncome": "None", "interestIncome": "None", "interestExpense": "11000000", "nonInterestIncome": "None", "otherNonOperatingIncome": "10000000", "depreciation": "None", "depreciationAndAmortization": "26000000", "incomeBeforeTax": "172000000", "incomeTaxExpense": "84000000", "interestAndDebtExpense": "None", "netIncomeFromContinuingOperations": "88000000", "comprehensiveIncomeNetOfTax": "None", "ebit": "183000000", "ebitda": "209000000", "netIncome": "88000000"}, {"fiscalDateEnding": "2015-03-31", "reportedCurrency": "USD", "grossProfit": "587000000", "totalRevenue": "5131000000", "costOfRevenue": "4544000000", "costofGoodsAndServicesSold": "4544000000", "operatingIncome": "129000000", "sellingGeneralAndAdministrative": "451000000", "researchAndDevelopment": "0", "operatingExpenses": "458000000", "investmentIncomeNet": "None", "netInterestIncome": "None", "interestIncome": "None", "interestExpense": "10000000", "nonInterestIncome": "None", "otherNonOperatingIncome": "9000000", "depreciation": "None", "depreciationAndAmortization": "27000000", "incomeBeforeTax": "128000000", "incomeTaxExpense": "63000000", "interestAndDebtExpense": "None", "netIncomeFromContinuingOperations": "65000000", "comprehensiveIncomeNetOfTax": "None", "ebit": "138000000", "ebitda": "165000000", "netIncome": "63000000"}, {"fiscalDateEnding": "2014-12-31", "reportedCurrency": "USD", "grossProfit": "588290000", "totalRevenue": "4724551000", "costOfRevenue": "4136261000", "costofGoodsAndServicesSold": "4136261000", "operatingIncome": "193362000", "sellingGeneralAndAdministrative": "394928000", "researchAndDevelopment": "0", "operatingExpenses": "394928000", "investmentIncomeNet": "None", "netInterestIncome": "None", "interestIncome": "None", "interestExpense": "10000000", "nonInterestIncome": "None", "otherNonOperatingIncome": "10348000", "depreciation": "None", "depreciationAndAmortization": "23992000", "incomeBeforeTax": "193619000", "incomeTaxExpense": "89875000", "interestAndDebtExpense": "None", "netIncomeFromContinuingOperations": "103744000", "comprehensiveIncomeNetOfTax": "None", "ebit": "203710000", "ebitda": "227702000", "netIncome": "106534000"}, {"fiscalDateEnding": "2014-09-30", "reportedCurrency": "USD", "grossProfit": "474000000", "totalRevenue": "4352000000", "costOfRevenue": "3878000000", "costofGoodsAndServicesSold": "3878000000", "operatingIncome": "108000000", "sellingGeneralAndAdministrative": "366000000", "researchAndDevelopment": "0", "operatingExpenses": "366000000", "investmentIncomeNet": "None", "netInterestIncome": "None", "interestIncome": "None", "interestExpense": "9000000", "nonInterestIncome": "None", "otherNonOperatingIncome": "5676000", "depreciation": "None", "depreciationAndAmortization": "22907000", "incomeBeforeTax": "105000000", "incomeTaxExpense": "27000000", "interestAndDebtExpense": "None", "netIncomeFromContinuingOperations": "77630000", "comprehensiveIncomeNetOfTax": "None", "ebit": "114093000", "ebitda": "137000000", "netIncome": "82000000"}, {"fiscalDateEnding": "2014-06-30", "reportedCurrency": "USD", "grossProfit": "445000000", "totalRevenue": "4024000000", "costOfRevenue": "3579000000", "costofGoodsAndServicesSold": "3579000000", "operatingIncome": "93000000", "sellingGeneralAndAdministrative": "352000000", "researchAndDevelopment": "0", "operatingExpenses": "352000000", "investmentIncomeNet": "None", "netInterestIncome": "None", "interestIncome": "None", "interestExpense": "9000000", "nonInterestIncome": "None", "otherNonOperatingIncome": "7252000", "depreciation": "None", "depreciationAndAmortization": "21783000", "incomeBeforeTax": "91000000", "incomeTaxExpense": "45000000", "interestAndDebtExpense": "None", "netIncomeFromContinuingOperations": "46446000", "comprehensiveIncomeNetOfTax": "None", "ebit": "100217000", "ebitda": "122000000", "netIncome": "49000000"}, {"fiscalDateEnding": "2014-03-31", "reportedCurrency": "USD", "grossProfit": "397000000", "totalRevenue": "3460000000", "costOfRevenue": "3063000000", "costofGoodsAndServicesSold": "3063000000", "operatingIncome": "70000000", "sellingGeneralAndAdministrative": "327000000", "researchAndDevelopment": "0", "operatingExpenses": "327000000", "investmentIncomeNet": "None", "netInterestIncome": "None", "interestIncome": "None", "interestExpense": "7023000", "nonInterestIncome": "None", "otherNonOperatingIncome": "4724000", "depreciation": "None", "depreciationAndAmortization": "20318000", "incomeBeforeTax": "68000000", "incomeTaxExpense": "35000000", "interestAndDebtExpense": "None", "netIncomeFromContinuingOperations": "33180000", "comprehensiveIncomeNetOfTax": "None", "ebit": "74682000", "ebitda": "95000000", "netIncome": "33000000"}, {"fiscalDateEnding": "2013-12-31", "reportedCurrency": "USD", "grossProfit": "324989000", "totalRevenue": "2687840000", "costOfRevenue": "2362851000", "costofGoodsAndServicesSold": "2362851000", "operatingIncome": "88056000", "sellingGeneralAndAdministrative": "236933000", "researchAndDevelopment": "0", "operatingExpenses": "236933000", "investmentIncomeNet": "None", "netInterestIncome": "None", "interestIncome": "None", "interestExpense": "6696000", "nonInterestIncome": "None", "otherNonOperatingIncome": "4754000", "depreciation": "None", "depreciationAndAmortization": "17200000", "incomeBeforeTax": "86114000", "incomeTaxExpense": "35113000", "interestAndDebtExpense": "None", "netIncomeFromContinuingOperations": "51001000", "comprehensiveIncomeNetOfTax": "None", "ebit": "92810000", "ebitda": "110010000", "netIncome": "53240000"}, {"fiscalDateEnding": "2013-09-30", "reportedCurrency": "USD", "grossProfit": "333020000", "totalRevenue": "2795568000", "costOfRevenue": "2462548000", "costofGoodsAndServicesSold": "2462548000", "operatingIncome": "83992000", "sellingGeneralAndAdministrative": "249028000", "researchAndDevelopment": "0", "operatingExpenses": "249028000", "investmentIncomeNet": "None", "netInterestIncome": "None", "interestIncome": "None", "interestExpense": "6603000", "nonInterestIncome": "None", "otherNonOperatingIncome": "4946000", "depreciation": "None", "depreciationAndAmortization": "17292000", "incomeBeforeTax": "82146000", "incomeTaxExpense": "32280000", "interestAndDebtExpense": "None", "netIncomeFromContinuingOperations": "48914000", "comprehensiveIncomeNetOfTax": "None", "ebit": "88749000", "ebitda": "106041000", "netIncome": "49373000"}, {"fiscalDateEnding": "2013-06-30", "reportedCurrency": "USD", "grossProfit": "292196000", "totalRevenue": "2610539000", "costOfRevenue": "2318343000", "costofGoodsAndServicesSold": "2318343000", "operatingIncome": "68737000", "sellingGeneralAndAdministrative": "223459000", "researchAndDevelopment": "0", "operatingExpenses": "223459000", "investmentIncomeNet": "None", "netInterestIncome": "None", "interestIncome": "None", "interestExpense": "7033000", "nonInterestIncome": "None", "otherNonOperatingIncome": "4286000", "depreciation": "None", "depreciationAndAmortization": "17237000", "incomeBeforeTax": "65782000", "incomeTaxExpense": "25966000", "interestAndDebtExpense": "None", "netIncomeFromContinuingOperations": "39011000", "comprehensiveIncomeNetOfTax": "None", "ebit": "72815000", "ebitda": "90052000", "netIncome": "39484000"}, {"fiscalDateEnding": "2013-03-31", "reportedCurrency": "USD", "grossProfit": "242896000", "totalRevenue": "2525482000", "costOfRevenue": "2282586000", "costofGoodsAndServicesSold": "2282586000", "operatingIncome": "39600000", "sellingGeneralAndAdministrative": "203296000", "researchAndDevelopment": "0", "operatingExpenses": "203296000", "investmentIncomeNet": "None", "netInterestIncome": "None", "interestIncome": "None", "interestExpense": "6625000", "nonInterestIncome": "None", "otherNonOperatingIncome": "4471000", "depreciation": "None", "depreciationAndAmortization": "15691000", "incomeBeforeTax": "37238000", "incomeTaxExpense": "14690000", "interestAndDebtExpense": "None", "netIncomeFromContinuingOperations": "22911000", "comprehensiveIncomeNetOfTax": "None", "ebit": "43863000", "ebitda": "59554000", "netIncome": "23002000"}, {"fiscalDateEnding": "2012-12-31", "reportedCurrency": "USD", "grossProfit": "-128522000", "totalRevenue": "2396597000", "costOfRevenue": "2525119000", "costofGoodsAndServicesSold": "2525119000", "operatingIncome": "13068000", "sellingGeneralAndAdministrative": "192282000", "researchAndDevelopment": "0", "operatingExpenses": "-141590000", "investmentIncomeNet": "None", "netInterestIncome": "None", "interestIncome": "None", "interestExpense": "6067000", "nonInterestIncome": "None", "otherNonOperatingIncome": "3377000", "depreciation": "None", "depreciationAndAmortization": "15974000", "incomeBeforeTax": "10378000", "incomeTaxExpense": "5739000", "interestAndDebtExpense": "None", "netIncomeFromContinuingOperations": "4639000", "comprehensiveIncomeNetOfTax": "None", "ebit": "16445000", "ebitda": "32419000", "netIncome": "9061000"}, {"fiscalDateEnding": "2012-09-30", "reportedCurrency": "USD", "grossProfit": "153432000", "totalRevenue": "2448121000", "costOfRevenue": "2294689000", "costofGoodsAndServicesSold": "2294689000", "operatingIncome": "-27641000", "sellingGeneralAndAdministrative": "181073000", "researchAndDevelopment": "0", "operatingExpenses": "181073000", "investmentIncomeNet": "None", "netInterestIncome": "None", "interestIncome": "None", "interestExpense": "4855000", "nonInterestIncome": "None", "otherNonOperatingIncome": "23244000", "depreciation": "None", "depreciationAndAmortization": "16626000", "incomeBeforeTax": "-9252000", "incomeTaxExpense": "-9547000", "interestAndDebtExpense": "None", "netIncomeFromContinuingOperations": "295000", "comprehensiveIncomeNetOfTax": "None", "ebit": "-4397000", "ebitda": "12229000", "netIncome": "3819000"}, {"fiscalDateEnding": "2012-06-30", "reportedCurrency": "USD", "grossProfit": "149349000", "totalRevenue": "2110746000", "costOfRevenue": "1961397000", "costofGoodsAndServicesSold": "1961397000", "operatingIncome": "-46746000", "sellingGeneralAndAdministrative": "168062000", "researchAndDevelopment": "0", "operatingExpenses": "196095000", "investmentIncomeNet": "None", "netInterestIncome": "None", "interestIncome": "None", "interestExpense": "4739000", "nonInterestIncome": "None", "otherNonOperatingIncome": "4045000", "depreciation": "None", "depreciationAndAmortization": "16653000", "incomeBeforeTax": "-47440000", "incomeTaxExpense": "-8608000", "interestAndDebtExpense": "None", "netIncomeFromContinuingOperations": "-38832000", "comprehensiveIncomeNetOfTax": "None", "ebit": "-42701000", "ebitda": "-26048000", "netIncome": "-34999000"}, {"fiscalDateEnding": "2012-03-31", "reportedCurrency": "USD", "grossProfit": "197385000", "totalRevenue": "1712148000", "costOfRevenue": "1514763000", "costofGoodsAndServicesSold": "1514763000", "operatingIncome": "34198000", "sellingGeneralAndAdministrative": "163187000", "researchAndDevelopment": "0", "operatingExpenses": "163187000", "investmentIncomeNet": "None", "netInterestIncome": "None", "interestIncome": "None", "interestExpense": "4799000", "nonInterestIncome": "None", "otherNonOperatingIncome": "5291000", "depreciation": "None", "depreciationAndAmortization": "16613000", "incomeBeforeTax": "34690000", "incomeTaxExpense": "12087000", "interestAndDebtExpense": "None", "netIncomeFromContinuingOperations": "22603000", "comprehensiveIncomeNetOfTax": "None", "ebit": "39489000", "ebitda": "56102000", "netIncome": "23978000"}, {"fiscalDateEnding": "2011-12-31", "reportedCurrency": "USD", "grossProfit": "186433000", "totalRevenue": "1507176000", "costOfRevenue": "1320743000", "costofGoodsAndServicesSold": "1320743000", "operatingIncome": "47377000", "sellingGeneralAndAdministrative": "587004000", "researchAndDevelopment": "0", "operatingExpenses": "139056000", "investmentIncomeNet": "None", "netInterestIncome": "None", "interestIncome": "None", "interestExpense": "4797000", "nonInterestIncome": "None", "otherNonOperatingIncome": "12478000", "depreciation": "None", "depreciationAndAmortization": "15272000", "incomeBeforeTax": "46570000", "incomeTaxExpense": "17306000", "interestAndDebtExpense": "None", "netIncomeFromContinuingOperations": "29264000", "comprehensiveIncomeNetOfTax": "None", "ebit": "51367000", "ebitda": "66639000", "netIncome": "30112000"}, {"fiscalDateEnding": "2011-09-30", "reportedCurrency": "USD", "grossProfit": "228486000", "totalRevenue": "1302035000", "costOfRevenue": "1073549000", "costofGoodsAndServicesSold": "1073549000", "operatingIncome": "48547000", "sellingGeneralAndAdministrative": "167668000000", "researchAndDevelopment": "0", "operatingExpenses": "179939000", "investmentIncomeNet": "None", "netInterestIncome": "None", "interestIncome": "None", "interestExpense": "4572000", "nonInterestIncome": "None", "otherNonOperatingIncome": "2697000", "depreciation": "None", "depreciationAndAmortization": "14488000", "incomeBeforeTax": "46672000", "incomeTaxExpense": "18459000", "interestAndDebtExpense": "None", "netIncomeFromContinuingOperations": "28213000", "comprehensiveIncomeNetOfTax": "None", "ebit": "51244000", "ebitda": "65732000", "netIncome": "28987000"}, {"fiscalDateEnding": "2011-06-30", "reportedCurrency": "USD", "grossProfit": "235582000", "totalRevenue": "1315014000", "costOfRevenue": "1079432000", "costofGoodsAndServicesSold": "1079432000", "operatingIncome": "55303000", "sellingGeneralAndAdministrative": "166425000000", "researchAndDevelopment": "0", "operatingExpenses": "180279000", "investmentIncomeNet": "None", "netInterestIncome": "None", "interestIncome": "None", "interestExpense": "5256000", "nonInterestIncome": "None", "otherNonOperatingIncome": "-5555000", "depreciation": "None", "depreciationAndAmortization": "14242000", "incomeBeforeTax": "44492000", "incomeTaxExpense": "16429000", "interestAndDebtExpense": "None", "netIncomeFromContinuingOperations": "28063000", "comprehensiveIncomeNetOfTax": "None", "ebit": "49748000", "ebitda": "63990000", "netIncome": "28374000"}, {"fiscalDateEnding": "2011-03-31", "reportedCurrency": "USD", "grossProfit": "217614000", "totalRevenue": "1216357000", "costOfRevenue": "998743000", "costofGoodsAndServicesSold": "998743000", "operatingIncome": "39097000", "sellingGeneralAndAdministrative": "162581000000", "researchAndDevelopment": "0", "operatingExpenses": "178517000", "investmentIncomeNet": "None", "netInterestIncome": "None", "interestIncome": "None", "interestExpense": "5695000", "nonInterestIncome": "None", "otherNonOperatingIncome": "3749000", "depreciation": "None", "depreciationAndAmortization": "14325000", "incomeBeforeTax": "37151000", "incomeTaxExpense": "14328000", "interestAndDebtExpense": "None", "netIncomeFromContinuingOperations": "22823000", "comprehensiveIncomeNetOfTax": "None", "ebit": "42846000", "ebitda": "57171000", "netIncome": "23745000"}, {"fiscalDateEnding": "2010-12-31", "reportedCurrency": "USD", "grossProfit": "357370000", "totalRevenue": "1180969000", "costOfRevenue": "823599000", "costofGoodsAndServicesSold": "823599000", "operatingIncome": "45501000", "sellingGeneralAndAdministrative": "547823000", "researchAndDevelopment": "0", "operatingExpenses": "311869000", "investmentIncomeNet": "None", "netInterestIncome": "None", "interestIncome": "None", "interestExpense": "5452000", "nonInterestIncome": "None", "otherNonOperatingIncome": "None", "depreciation": "None", "depreciationAndAmortization": "13380000", "incomeBeforeTax": "43342000", "incomeTaxExpense": "16958000", "interestAndDebtExpense": "None", "netIncomeFromContinuingOperations": "0", "comprehensiveIncomeNetOfTax": "None", "ebit": "48794000", "ebitda": "62174000", "netIncome": "25399000"}, {"fiscalDateEnding": "2010-09-30", "reportedCurrency": "USD", "grossProfit": "213934000", "totalRevenue": "1121861000", "costOfRevenue": "907927000", "costofGoodsAndServicesSold": "907927000", "operatingIncome": "40248000", "sellingGeneralAndAdministrative": "132095000000", "researchAndDevelopment": "0", "operatingExpenses": "173686000", "investmentIncomeNet": "None", "netInterestIncome": "None", "interestIncome": "None", "interestExpense": "4858000", "nonInterestIncome": "None", "otherNonOperatingIncome": "713000", "depreciation": "None", "depreciationAndAmortization": "13702000", "incomeBeforeTax": "36103000", "incomeTaxExpense": "13163000", "interestAndDebtExpense": "None", "netIncomeFromContinuingOperations": "22940000", "comprehensiveIncomeNetOfTax": "None", "ebit": "40961000", "ebitda": "54663000", "netIncome": "22662000"}, {"fiscalDateEnding": "2010-06-30", "reportedCurrency": "USD", "grossProfit": "201730000", "totalRevenue": "1076772000", "costOfRevenue": "875042000", "costofGoodsAndServicesSold": "875042000", "operatingIncome": "41709000", "sellingGeneralAndAdministrative": "129199999", "researchAndDevelopment": "0", "operatingExpenses": "160021000", "investmentIncomeNet": "None", "netInterestIncome": "None", "interestIncome": "None", "interestExpense": "3869000", "nonInterestIncome": "None", "otherNonOperatingIncome": "4142000", "depreciation": "None", "depreciationAndAmortization": "12391000", "incomeBeforeTax": "41982000", "incomeTaxExpense": "17254000", "interestAndDebtExpense": "None", "netIncomeFromContinuingOperations": "24728000", "comprehensiveIncomeNetOfTax": "None", "ebit": "45851000", "ebitda": "58242000", "netIncome": "22773000"}, {"fiscalDateEnding": "2010-03-31", "reportedCurrency": "USD", "grossProfit": "211861000", "totalRevenue": "1068721000", "costOfRevenue": "856860000", "costofGoodsAndServicesSold": "856860000", "operatingIncome": "29611000", "sellingGeneralAndAdministrative": "135507000", "researchAndDevelopment": "0", "operatingExpenses": "182250000", "investmentIncomeNet": "None", "netInterestIncome": "None", "interestIncome": "None", "interestExpense": "3813000", "nonInterestIncome": "None", "otherNonOperatingIncome": "None", "depreciation": "None", "depreciationAndAmortization": "12527000", "incomeBeforeTax": "32855000", "incomeTaxExpense": "12525000", "interestAndDebtExpense": "None", "netIncomeFromContinuingOperations": "0", "comprehensiveIncomeNetOfTax": "None", "ebit": "36668000", "ebitda": "49195000", "netIncome": "24002000"}, {"fiscalDateEnding": "2009-12-31", "reportedCurrency": "USD", "grossProfit": "212886000", "totalRevenue": "1092726000", "costOfRevenue": "879840000", "costofGoodsAndServicesSold": "879840000", "operatingIncome": "37778000", "sellingGeneralAndAdministrative": "514529000", "researchAndDevelopment": "0", "operatingExpenses": "175108000", "investmentIncomeNet": "None", "netInterestIncome": "None", "interestIncome": "None", "interestExpense": "4108000", "nonInterestIncome": "None", "otherNonOperatingIncome": "None", "depreciation": "None", "depreciationAndAmortization": "13204000", "incomeBeforeTax": "37580000", "incomeTaxExpense": "13781000", "interestAndDebtExpense": "None", "netIncomeFromContinuingOperations": "0", "comprehensiveIncomeNetOfTax": "None", "ebit": "41688000", "ebitda": "54892000", "netIncome": "23715000"}, {"fiscalDateEnding": "2009-09-30", "reportedCurrency": "USD", "grossProfit": "168034000", "totalRevenue": "1038234000", "costOfRevenue": "870200000", "costofGoodsAndServicesSold": "870200000", "operatingIncome": "38010000", "sellingGeneralAndAdministrative": "130024000", "researchAndDevelopment": "0", "operatingExpenses": "130024000", "investmentIncomeNet": "None", "netInterestIncome": "None", "interestIncome": "None", "interestExpense": "4064000", "nonInterestIncome": "None", "otherNonOperatingIncome": "None", "depreciation": "None", "depreciationAndAmortization": "9908000", "incomeBeforeTax": "37696000", "incomeTaxExpense": "12426000", "interestAndDebtExpense": "None", "netIncomeFromContinuingOperations": "0", "comprehensiveIncomeNetOfTax": "None", "ebit": "41760000", "ebitda": "51668000", "netIncome": "21268000"}, {"fiscalDateEnding": "2009-06-30", "reportedCurrency": "USD", "grossProfit": "160656000", "totalRevenue": "1039469000", "costOfRevenue": "878813000", "costofGoodsAndServicesSold": "878813000", "operatingIncome": "31435000", "sellingGeneralAndAdministrative": "129221000000", "researchAndDevelopment": "0", "operatingExpenses": "129221000", "investmentIncomeNet": "None", "netInterestIncome": "None", "interestIncome": "None", "interestExpense": "4160000", "nonInterestIncome": "None", "otherNonOperatingIncome": "None", "depreciation": "None", "depreciationAndAmortization": "10659000", "incomeBeforeTax": "31693000", "incomeTaxExpense": "11789000", "interestAndDebtExpense": "None", "netIncomeFromContinuingOperations": "0", "comprehensiveIncomeNetOfTax": "None", "ebit": "35853000", "ebitda": "46512000", "netIncome": "20230000"}, {"fiscalDateEnding": "2009-03-31", "reportedCurrency": "USD", "grossProfit": "153191000", "totalRevenue": "932435000", "costOfRevenue": "779244000", "costofGoodsAndServicesSold": "779244000", "operatingIncome": "30912000", "sellingGeneralAndAdministrative": "122279000000", "researchAndDevelopment": "0", "operatingExpenses": "122279000", "investmentIncomeNet": "None", "netInterestIncome": "None", "interestIncome": "None", "interestExpense": "3986000", "nonInterestIncome": "None", "otherNonOperatingIncome": "None", "depreciation": "None", "depreciationAndAmortization": "10233000", "incomeBeforeTax": "30539000", "incomeTaxExpense": "10845000", "interestAndDebtExpense": "None", "netIncomeFromContinuingOperations": "0", "comprehensiveIncomeNetOfTax": "None", "ebit": "34525000", "ebitda": "44758000", "netIncome": "18458000"}, {"fiscalDateEnding": "2008-12-31", "reportedCurrency": "USD", "grossProfit": "234703000", "totalRevenue": "790672000", "costOfRevenue": "555969000", "costofGoodsAndServicesSold": "555969000", "operatingIncome": "34113000", "sellingGeneralAndAdministrative": "444733000", "researchAndDevelopment": "0", "operatingExpenses": "200590000", "investmentIncomeNet": "None", "netInterestIncome": "None", "interestIncome": "None", "interestExpense": "4237000", "nonInterestIncome": "None", "otherNonOperatingIncome": "None", "depreciation": "None", "depreciationAndAmortization": "9396000", "incomeBeforeTax": "36070000", "incomeTaxExpense": "13726000", "interestAndDebtExpense": "None", "netIncomeFromContinuingOperations": "0", "comprehensiveIncomeNetOfTax": "None", "ebit": "40307000", "ebitda": "49703000", "netIncome": "21423000"}, {"fiscalDateEnding": "2008-09-30", "reportedCurrency": "USD", "grossProfit": "173825000", "totalRevenue": "858599000", "costOfRevenue": "684774000", "costofGoodsAndServicesSold": "684774000", "operatingIncome": "31913000", "sellingGeneralAndAdministrative": "122627000", "researchAndDevelopment": "0", "operatingExpenses": "141912000", "investmentIncomeNet": "None", "netInterestIncome": "None", "interestIncome": "None", "interestExpense": "4377000", "nonInterestIncome": "None", "otherNonOperatingIncome": "None", "depreciation": "None", "depreciationAndAmortization": "9789000", "incomeBeforeTax": "30244000", "incomeTaxExpense": "12145000", "interestAndDebtExpense": "None", "netIncomeFromContinuingOperations": "0", "comprehensiveIncomeNetOfTax": "None", "ebit": "34621000", "ebitda": "44410000", "netIncome": "18248000"}, {"fiscalDateEnding": "2008-06-30", "reportedCurrency": "USD", "grossProfit": "137147000", "totalRevenue": "823930000", "costOfRevenue": "686783000", "costofGoodsAndServicesSold": "686783000", "operatingIncome": "27877000", "sellingGeneralAndAdministrative": "113199000", "researchAndDevelopment": "0", "operatingExpenses": "109270000", "investmentIncomeNet": "None", "netInterestIncome": "None", "interestIncome": "None", "interestExpense": "4065000", "nonInterestIncome": "None", "otherNonOperatingIncome": "None", "depreciation": "None", "depreciationAndAmortization": "8431000", "incomeBeforeTax": "29246000", "incomeTaxExpense": "11363000", "interestAndDebtExpense": "None", "netIncomeFromContinuingOperations": "0", "comprehensiveIncomeNetOfTax": "None", "ebit": "33311000", "ebitda": "41742000", "netIncome": "18203000"}, {"fiscalDateEnding": "2008-03-31", "reportedCurrency": "USD", "grossProfit": "131794000", "totalRevenue": "779228000", "costOfRevenue": "647434000", "costofGoodsAndServicesSold": "647434000", "operatingIncome": "36301000", "sellingGeneralAndAdministrative": "99283000", "researchAndDevelopment": "0", "operatingExpenses": "95493000", "investmentIncomeNet": "None", "netInterestIncome": "None", "interestIncome": "None", "interestExpense": "3994000", "nonInterestIncome": "None", "otherNonOperatingIncome": "None", "depreciation": "None", "depreciationAndAmortization": "7798000", "incomeBeforeTax": "39889000", "incomeTaxExpense": "14956000", "interestAndDebtExpense": "None", "netIncomeFromContinuingOperations": "0", "comprehensiveIncomeNetOfTax": "None", "ebit": "43883000", "ebitda": "51681000", "netIncome": "25623000"}, {"fiscalDateEnding": "2007-12-31", "reportedCurrency": "USD", "grossProfit": "133148000", "totalRevenue": "770770000", "costOfRevenue": "637622000", "costofGoodsAndServicesSold": "637622000", "operatingIncome": "-2982000", "sellingGeneralAndAdministrative": "399687000", "researchAndDevelopment": "0", "operatingExpenses": "136130000", "investmentIncomeNet": "None", "netInterestIncome": "None", "interestIncome": "None", "interestExpense": "4110000", "nonInterestIncome": "None", "otherNonOperatingIncome": "None", "depreciation": "None", "depreciationAndAmortization": "7426000", "incomeBeforeTax": "1276000", "incomeTaxExpense": "31936000", "interestAndDebtExpense": "None", "netIncomeFromContinuingOperations": "0", "comprehensiveIncomeNetOfTax": "None", "ebit": "5386000", "ebitda": "12812000", "netIncome": "1473000"}, {"fiscalDateEnding": "2007-09-30", "reportedCurrency": "USD", "grossProfit": "124146000", "totalRevenue": "749888000", "costOfRevenue": "625742000", "costofGoodsAndServicesSold": "625742000", "operatingIncome": "23911000", "sellingGeneralAndAdministrative": "121139000", "researchAndDevelopment": "0", "operatingExpenses": "100235000", "investmentIncomeNet": "None", "netInterestIncome": "None", "interestIncome": "None", "interestExpense": "4171000", "nonInterestIncome": "None", "otherNonOperatingIncome": "None", "depreciation": "None", "depreciationAndAmortization": "7390000", "incomeBeforeTax": "26092000", "incomeTaxExpense": "9628000", "interestAndDebtExpense": "None", "netIncomeFromContinuingOperations": "0", "comprehensiveIncomeNetOfTax": "None", "ebit": "30263000", "ebitda": "37653000", "netIncome": "15936000"}, {"fiscalDateEnding": "2007-06-30", "reportedCurrency": "USD", "grossProfit": "135915000", "totalRevenue": "727731000", "costOfRevenue": "591816000", "costofGoodsAndServicesSold": "591816000", "operatingIncome": "14034000", "sellingGeneralAndAdministrative": "122596000", "researchAndDevelopment": "0", "operatingExpenses": "121881000", "investmentIncomeNet": "None", "netInterestIncome": "None", "interestIncome": "None", "interestExpense": "4213000", "nonInterestIncome": "None", "otherNonOperatingIncome": "None", "depreciation": "None", "depreciationAndAmortization": "6717000", "incomeBeforeTax": "16409000", "incomeTaxExpense": "6234000", "interestAndDebtExpense": "None", "netIncomeFromContinuingOperations": "0", "comprehensiveIncomeNetOfTax": "None", "ebit": "20622000", "ebitda": "27339000", "netIncome": "17782000"}, {"fiscalDateEnding": "2007-03-31", "reportedCurrency": "USD", "grossProfit": "120084000", "totalRevenue": "664234000", "costOfRevenue": "544150000", "costofGoodsAndServicesSold": "544150000", "operatingIncome": "15801000", "sellingGeneralAndAdministrative": "106866000", "researchAndDevelopment": "0", "operatingExpenses": "104283000", "investmentIncomeNet": "None", "netInterestIncome": "None", "interestIncome": "None", "interestExpense": "3132000", "nonInterestIncome": "None", "otherNonOperatingIncome": "None", "depreciation": "None", "depreciationAndAmortization": "6274000", "incomeBeforeTax": "18686000", "incomeTaxExpense": "7089000", "interestAndDebtExpense": "None", "netIncomeFromContinuingOperations": "0", "comprehensiveIncomeNetOfTax": "None", "ebit": "21818000", "ebitda": "28092000", "netIncome": "38211000"}, {"fiscalDateEnding": "2006-12-31", "reportedCurrency": "USD", "grossProfit": "-1137868000", "totalRevenue": "697400000", "costOfRevenue": "1835268000", "costofGoodsAndServicesSold": "1835268000", "operatingIncome": "18746000", "sellingGeneralAndAdministrative": "187071000", "researchAndDevelopment": "0", "operatingExpenses": "-1156614000", "investmentIncomeNet": "None", "netInterestIncome": "None", "interestIncome": "None", "interestExpense": "10636000", "nonInterestIncome": "None", "otherNonOperatingIncome": "None", "depreciation": "None", "depreciationAndAmortization": "5314000", "incomeBeforeTax": "21482000", "incomeTaxExpense": "7649000", "interestAndDebtExpense": "None", "netIncomeFromContinuingOperations": "0", "comprehensiveIncomeNetOfTax": "None", "ebit": "-50453000", "ebitda": "-45139000", "netIncome": "13833000"}, {"fiscalDateEnding": "2006-09-30", "reportedCurrency": "USD", "grossProfit": "114526000", "totalRevenue": "631249000", "costOfRevenue": "516723000", "costofGoodsAndServicesSold": "516723000", "operatingIncome": "-66556000", "sellingGeneralAndAdministrative": "93991000", "researchAndDevelopment": "0", "operatingExpenses": "181082000", "investmentIncomeNet": "None", "netInterestIncome": "None", "interestIncome": "None", "interestExpense": "3082000", "nonInterestIncome": "None", "otherNonOperatingIncome": "None", "depreciation": "None", "depreciationAndAmortization": "5745000", "incomeBeforeTax": "-65013000", "incomeTaxExpense": "6180000", "interestAndDebtExpense": "None", "netIncomeFromContinuingOperations": "0", "comprehensiveIncomeNetOfTax": "None", "ebit": "-61931000", "ebitda": "-56186000", "netIncome": "-71193000"}, {"fiscalDateEnding": "2006-06-30", "reportedCurrency": "USD", "grossProfit": "80747000", "totalRevenue": "495293000", "costOfRevenue": "414546000", "costofGoodsAndServicesSold": "414546000", "operatingIncome": "6306000", "sellingGeneralAndAdministrative": "74441000", "researchAndDevelopment": "0", "operatingExpenses": "74441000", "investmentIncomeNet": "None", "netInterestIncome": "None", "interestIncome": "None", "interestExpense": "2456000", "nonInterestIncome": "None", "otherNonOperatingIncome": "None", "depreciation": "None", "depreciationAndAmortization": "5021000", "incomeBeforeTax": "7741000", "incomeTaxExpense": "2776000", "interestAndDebtExpense": "None", "netIncomeFromContinuingOperations": "0", "comprehensiveIncomeNetOfTax": "None", "ebit": "10197000", "ebitda": "15218000", "netIncome": "4965000"}, {"fiscalDateEnding": "2006-03-31", "reportedCurrency": "USD", "grossProfit": "77818000", "totalRevenue": "455078000", "costOfRevenue": "377260000", "costofGoodsAndServicesSold": "377260000", "operatingIncome": "12596000", "sellingGeneralAndAdministrative": "65222000", "researchAndDevelopment": "0", "operatingExpenses": "65222000", "investmentIncomeNet": "None", "netInterestIncome": "None", "interestIncome": "None", "interestExpense": "1998000", "nonInterestIncome": "None", "otherNonOperatingIncome": "None", "depreciation": "None", "depreciationAndAmortization": "4520000", "incomeBeforeTax": "14138000", "incomeTaxExpense": "5372000", "interestAndDebtExpense": "None", "netIncomeFromContinuingOperations": "0", "comprehensiveIncomeNetOfTax": "None", "ebit": "16136000", "ebitda": "20656000", "netIncome": "8766000"}, {"fiscalDateEnding": "2005-12-31", "reportedCurrency": "USD", "grossProfit": "-805969000", "totalRevenue": "423218000", "costOfRevenue": "1229187000", "costofGoodsAndServicesSold": "1229187000", "operatingIncome": "20413000", "sellingGeneralAndAdministrative": "54639000", "researchAndDevelopment": "0", "operatingExpenses": "-826382000", "investmentIncomeNet": "None", "netInterestIncome": "None", "interestIncome": "None", "interestExpense": "3990000", "nonInterestIncome": "None", "otherNonOperatingIncome": "None", "depreciation": "None", "depreciationAndAmortization": "3411000", "incomeBeforeTax": "22003000", "incomeTaxExpense": "8137000", "interestAndDebtExpense": "None", "netIncomeFromContinuingOperations": "0", "comprehensiveIncomeNetOfTax": "None", "ebit": "31068000", "ebitda": "34479000", "netIncome": "13866000"}]}