{"symbol": "AIRS", "annualReports": [{"fiscalDateEnding": "2024-12-31", "reportedCurrency": "USD", "grossProfit": "108968000", "totalRevenue": "180350000", "costOfRevenue": "71382000", "costofGoodsAndServicesSold": "71382000", "operatingIncome": "-1816000", "sellingGeneralAndAdministrative": "72180000", "researchAndDevelopment": "None", "operatingExpenses": "110784000", "investmentIncomeNet": "None", "netInterestIncome": "-6247000", "interestIncome": "None", "interestExpense": "6247000", "nonInterestIncome": "None", "otherNonOperatingIncome": "None", "depreciation": "None", "depreciationAndAmortization": "11888000", "incomeBeforeTax": "-8063000", "incomeTaxExpense": "188000", "interestAndDebtExpense": "None", "netIncomeFromContinuingOperations": "-8251000", "comprehensiveIncomeNetOfTax": "None", "ebit": "-1816000", "ebitda": "10072000", "netIncome": "-8251000"}, {"fiscalDateEnding": "2023-12-31", "reportedCurrency": "USD", "grossProfit": "121905000", "totalRevenue": "195917000", "costOfRevenue": "74012000", "costofGoodsAndServicesSold": "74012000", "operatingIncome": "9483000", "sellingGeneralAndAdministrative": "82381000", "researchAndDevelopment": "None", "operatingExpenses": "112422000", "investmentIncomeNet": "None", "netInterestIncome": "-7392000", "interestIncome": "None", "interestExpense": "6485000", "nonInterestIncome": "None", "otherNonOperatingIncome": "None", "depreciation": "None", "depreciationAndAmortization": "10253000", "incomeBeforeTax": "2998000", "incomeTaxExpense": "7477000", "interestAndDebtExpense": "None", "netIncomeFromContinuingOperations": "-7097000", "comprehensiveIncomeNetOfTax": "None", "ebit": "9483000", "ebitda": "19736000", "netIncome": "-4479000"}, {"fiscalDateEnding": "2022-12-31", "reportedCurrency": "USD", "grossProfit": "110513000", "totalRevenue": "168794000", "costOfRevenue": "58281000", "costofGoodsAndServicesSold": "58281000", "operatingIncome": "-4545000", "sellingGeneralAndAdministrative": "85318000", "researchAndDevelopment": "None", "operatingExpenses": "115058000", "investmentIncomeNet": "None", "netInterestIncome": "-6751000", "interestIncome": "None", "interestExpense": "6751000", "nonInterestIncome": "None", "otherNonOperatingIncome": "None", "depreciation": "None", "depreciationAndAmortization": "8061000", "incomeBeforeTax": "-11296000", "incomeTaxExpense": "3383000", "interestAndDebtExpense": "None", "netIncomeFromContinuingOperations": "-14679000", "comprehensiveIncomeNetOfTax": "None", "ebit": "-3466000", "ebitda": "4595000", "netIncome": "-14679000"}, {"fiscalDateEnding": "2021-12-31", "reportedCurrency": "USD", "grossProfit": "88779000", "totalRevenue": "133315000", "costOfRevenue": "44536000", "costofGoodsAndServicesSold": "44536000", "operatingIncome": "15768000", "sellingGeneralAndAdministrative": "50932000", "researchAndDevelopment": "None", "operatingExpenses": "73011000", "investmentIncomeNet": "None", "netInterestIncome": "-4888000", "interestIncome": "None", "interestExpense": "4888000", "nonInterestIncome": "None", "otherNonOperatingIncome": "None", "depreciation": "None", "depreciationAndAmortization": "6597000", "incomeBeforeTax": "10880000", "incomeTaxExpense": "329000", "interestAndDebtExpense": "None", "netIncomeFromContinuingOperations": "10551000", "comprehensiveIncomeNetOfTax": "None", "ebit": "15768000", "ebitda": "22365000", "netIncome": "10551000"}, {"fiscalDateEnding": "2020-12-31", "reportedCurrency": "USD", "grossProfit": "39295000", "totalRevenue": "62766000", "costOfRevenue": "23471000", "costofGoodsAndServicesSold": "23471000", "operatingIncome": "10033000", "sellingGeneralAndAdministrative": "16621000", "researchAndDevelopment": "None", "operatingExpenses": "29262000", "investmentIncomeNet": "None", "netInterestIncome": "-2456000", "interestIncome": "None", "interestExpense": "2456000", "nonInterestIncome": "None", "otherNonOperatingIncome": "None", "depreciation": "None", "depreciationAndAmortization": "5641000", "incomeBeforeTax": "7577000", "incomeTaxExpense": "1827000", "interestAndDebtExpense": "None", "netIncomeFromContinuingOperations": "5750000", "comprehensiveIncomeNetOfTax": "None", "ebit": "10033000", "ebitda": "15674000", "netIncome": "7577000"}, {"fiscalDateEnding": "2019-12-31", "reportedCurrency": "USD", "grossProfit": "25748000", "totalRevenue": "41236000", "costOfRevenue": "15488000", "costofGoodsAndServicesSold": "15488000", "operatingIncome": "663000", "sellingGeneralAndAdministrative": "12925000", "researchAndDevelopment": "None", "operatingExpenses": "25085000", "investmentIncomeNet": "None", "netInterestIncome": "-2875000", "interestIncome": "None", "interestExpense": "2875000", "nonInterestIncome": "None", "otherNonOperatingIncome": "None", "depreciation": "None", "depreciationAndAmortization": "4960000", "incomeBeforeTax": "-2212000", "incomeTaxExpense": "2875000", "interestAndDebtExpense": "None", "netIncomeFromContinuingOperations": "-2212000", "comprehensiveIncomeNetOfTax": "None", "ebit": "663000", "ebitda": "5623000", "netIncome": "-2212000"}], "quarterlyReports": [{"fiscalDateEnding": "2025-09-30", "reportedCurrency": "USD", "grossProfit": "22929000", "totalRevenue": "34993000", "costOfRevenue": "12064000", "costofGoodsAndServicesSold": "12064000", "operatingIncome": "-9750000", "sellingGeneralAndAdministrative": "15925000", "researchAndDevelopment": "None", "operatingExpenses": "32679000", "investmentIncomeNet": "None", "netInterestIncome": "-1407000", "interestIncome": "None", "interestExpense": "1407000", "nonInterestIncome": "None", "otherNonOperatingIncome": "None", "depreciation": "None", "depreciationAndAmortization": "3217000", "incomeBeforeTax": "-7867001", "incomeTaxExpense": "1644999", "interestAndDebtExpense": "None", "netIncomeFromContinuingOperations": "-9512000", "comprehensiveIncomeNetOfTax": "None", "ebit": "-6460001", "ebitda": "-3243001", "netIncome": "-9512000"}, {"fiscalDateEnding": "2025-06-30", "reportedCurrency": "USD", "grossProfit": "28511000", "totalRevenue": "44012000", "costOfRevenue": "15501000", "costofGoodsAndServicesSold": "15501000", "operatingIncome": "786000", "sellingGeneralAndAdministrative": "14471000", "researchAndDevelopment": "None", "operatingExpenses": "27725000", "investmentIncomeNet": "None", "netInterestIncome": "-1562000", "interestIncome": "None", "interestExpense": "1562000", "nonInterestIncome": "None", "otherNonOperatingIncome": "None", "depreciation": "None", "depreciationAndAmortization": "3245999", "incomeBeforeTax": "-776000", "incomeTaxExpense": "-185000", "interestAndDebtExpense": "None", "netIncomeFromContinuingOperations": "-591000", "comprehensiveIncomeNetOfTax": "None", "ebit": "894000", "ebitda": "4139999", "netIncome": "-591000"}, {"fiscalDateEnding": "2025-03-31", "reportedCurrency": "USD", "grossProfit": "25221000", "totalRevenue": "39371000", "costOfRevenue": "14150000", "costofGoodsAndServicesSold": "14150000", "operatingIncome": "-1589000", "sellingGeneralAndAdministrative": "16368000", "researchAndDevelopment": "None", "operatingExpenses": "26810000", "investmentIncomeNet": "None", "netInterestIncome": "-1625000", "interestIncome": "None", "interestExpense": "1625000", "nonInterestIncome": "None", "otherNonOperatingIncome": "None", "depreciation": "None", "depreciationAndAmortization": "3242000", "incomeBeforeTax": "-3214000", "incomeTaxExpense": "-367000", "interestAndDebtExpense": "None", "netIncomeFromContinuingOperations": "-2847000", "comprehensiveIncomeNetOfTax": "None", "ebit": "-1589000", "ebitda": "1653000", "netIncome": "-2847000"}, {"fiscalDateEnding": "2024-12-31", "reportedCurrency": "USD", "grossProfit": "24131000", "totalRevenue": "39178000", "costOfRevenue": "15047000", "costofGoodsAndServicesSold": "15047000", "operatingIncome": "-4131000", "sellingGeneralAndAdministrative": "17955000", "researchAndDevelopment": "None", "operatingExpenses": "28262000", "investmentIncomeNet": "None", "netInterestIncome": "-1609000", "interestIncome": "None", "interestExpense": "1609000", "nonInterestIncome": "None", "otherNonOperatingIncome": "None", "depreciation": "None", "depreciationAndAmortization": "3195000", "incomeBeforeTax": "-5740000", "incomeTaxExpense": "-706000", "interestAndDebtExpense": "None", "netIncomeFromContinuingOperations": "-5034000", "comprehensiveIncomeNetOfTax": "None", "ebit": "-4119000", "ebitda": "-924000", "netIncome": "-5034000"}, {"fiscalDateEnding": "2024-09-30", "reportedCurrency": "USD", "grossProfit": "26582000", "totalRevenue": "42548000", "costOfRevenue": "15966000", "costofGoodsAndServicesSold": "15966000", "operatingIncome": "-3716000", "sellingGeneralAndAdministrative": "20395000", "researchAndDevelopment": "None", "operatingExpenses": "30298000", "investmentIncomeNet": "None", "netInterestIncome": "-1591000", "interestIncome": "None", "interestExpense": "1591000", "nonInterestIncome": "None", "otherNonOperatingIncome": "None", "depreciation": "None", "depreciationAndAmortization": "3003000", "incomeBeforeTax": "-5307000", "incomeTaxExpense": "733000", "interestAndDebtExpense": "None", "netIncomeFromContinuingOperations": "-6040000", "comprehensiveIncomeNetOfTax": "None", "ebit": "-3716000", "ebitda": "-713000", "netIncome": "-6040000"}, {"fiscalDateEnding": "2024-06-30", "reportedCurrency": "USD", "grossProfit": "33777000", "totalRevenue": "51004000", "costOfRevenue": "17227000", "costofGoodsAndServicesSold": "17227000", "operatingIncome": "-4981000", "sellingGeneralAndAdministrative": "22774000", "researchAndDevelopment": "None", "operatingExpenses": "38758000", "investmentIncomeNet": "None", "netInterestIncome": "-1515000", "interestIncome": "None", "interestExpense": "1515000", "nonInterestIncome": "None", "otherNonOperatingIncome": "None", "depreciation": "None", "depreciationAndAmortization": "2885000", "incomeBeforeTax": "-6496000", "incomeTaxExpense": "-3290000", "interestAndDebtExpense": "None", "netIncomeFromContinuingOperations": "-3206000", "comprehensiveIncomeNetOfTax": "None", "ebit": "-4982000", "ebitda": "-2097000", "netIncome": "-3206000"}, {"fiscalDateEnding": "2024-03-31", "reportedCurrency": "USD", "grossProfit": "26773000", "totalRevenue": "47620000", "costOfRevenue": "20847000", "costofGoodsAndServicesSold": "20847000", "operatingIncome": "11017000", "sellingGeneralAndAdministrative": "7356000", "researchAndDevelopment": "None", "operatingExpenses": "15756000", "investmentIncomeNet": "None", "netInterestIncome": "-1532000", "interestIncome": "None", "interestExpense": "1532000", "nonInterestIncome": "None", "otherNonOperatingIncome": "None", "depreciation": "None", "depreciationAndAmortization": "2805000", "incomeBeforeTax": "9480000", "incomeTaxExpense": "3451000", "interestAndDebtExpense": "None", "netIncomeFromContinuingOperations": "6029000", "comprehensiveIncomeNetOfTax": "None", "ebit": "11017000", "ebitda": "13822000", "netIncome": "6029000"}, {"fiscalDateEnding": "2023-12-31", "reportedCurrency": "USD", "grossProfit": "29740000", "totalRevenue": "47608000", "costOfRevenue": "17868000", "costofGoodsAndServicesSold": "17868000", "operatingIncome": "1404000", "sellingGeneralAndAdministrative": "17888000", "researchAndDevelopment": "None", "operatingExpenses": "28336000", "investmentIncomeNet": "None", "netInterestIncome": "-1023000", "interestIncome": "None", "interestExpense": "1023000", "nonInterestIncome": "None", "otherNonOperatingIncome": "None", "depreciation": "None", "depreciationAndAmortization": "2774000", "incomeBeforeTax": "381000", "incomeTaxExpense": "4955000", "interestAndDebtExpense": "None", "netIncomeFromContinuingOperations": "-4574000", "comprehensiveIncomeNetOfTax": "None", "ebit": "1404000", "ebitda": "4178000", "netIncome": "-4574000"}, {"fiscalDateEnding": "2023-09-30", "reportedCurrency": "USD", "grossProfit": "30118000", "totalRevenue": "46793000", "costOfRevenue": "16675000", "costofGoodsAndServicesSold": "16675000", "operatingIncome": "955000", "sellingGeneralAndAdministrative": "20030000", "researchAndDevelopment": "None", "operatingExpenses": "29163000", "investmentIncomeNet": "None", "netInterestIncome": "-1836000", "interestIncome": "None", "interestExpense": "1836000", "nonInterestIncome": "None", "otherNonOperatingIncome": "None", "depreciation": "None", "depreciationAndAmortization": "2629000", "incomeBeforeTax": "-881000", "incomeTaxExpense": "786000", "interestAndDebtExpense": "None", "netIncomeFromContinuingOperations": "-1667000", "comprehensiveIncomeNetOfTax": "None", "ebit": "959000", "ebitda": "3588000", "netIncome": "-1667000"}, {"fiscalDateEnding": "2023-06-30", "reportedCurrency": "USD", "grossProfit": "37151000", "totalRevenue": "55703000", "costOfRevenue": "18552000", "costofGoodsAndServicesSold": "18552000", "operatingIncome": "5362000", "sellingGeneralAndAdministrative": "19893000", "researchAndDevelopment": "None", "operatingExpenses": "31789000", "investmentIncomeNet": "None", "netInterestIncome": "-1891000", "interestIncome": "None", "interestExpense": "1891000", "nonInterestIncome": "None", "otherNonOperatingIncome": "None", "depreciation": "None", "depreciationAndAmortization": "2514000", "incomeBeforeTax": "3471000", "incomeTaxExpense": "1695000", "interestAndDebtExpense": "None", "netIncomeFromContinuingOperations": "1776000", "comprehensiveIncomeNetOfTax": "None", "ebit": "5344000", "ebitda": "7858000", "netIncome": "1776000"}, {"fiscalDateEnding": "2023-03-31", "reportedCurrency": "USD", "grossProfit": "29296000", "totalRevenue": "45813000", "costOfRevenue": "16517000", "costofGoodsAndServicesSold": "16517000", "operatingIncome": "1762000", "sellingGeneralAndAdministrative": "19282000", "researchAndDevelopment": "None", "operatingExpenses": "27534000", "investmentIncomeNet": "None", "netInterestIncome": "-1735000", "interestIncome": "None", "interestExpense": "1735000", "nonInterestIncome": "None", "otherNonOperatingIncome": "None", "depreciation": "None", "depreciationAndAmortization": "2336000", "incomeBeforeTax": "27000", "incomeTaxExpense": "41000", "interestAndDebtExpense": "None", "netIncomeFromContinuingOperations": "-14000", "comprehensiveIncomeNetOfTax": "None", "ebit": "1578000", "ebitda": "3914000", "netIncome": "-14000"}, {"fiscalDateEnding": "2022-12-31", "reportedCurrency": "USD", "grossProfit": "26065000", "totalRevenue": "40704000", "costOfRevenue": "14639000", "costofGoodsAndServicesSold": "14639000", "operatingIncome": "-5962000", "sellingGeneralAndAdministrative": "23744000", "researchAndDevelopment": "None", "operatingExpenses": "32027000", "investmentIncomeNet": "None", "netInterestIncome": "-1930000", "interestIncome": "None", "interestExpense": "1930000", "nonInterestIncome": "None", "otherNonOperatingIncome": "None", "depreciation": "None", "depreciationAndAmortization": "2219000", "incomeBeforeTax": "-6492001", "incomeTaxExpense": "699999", "interestAndDebtExpense": "None", "netIncomeFromContinuingOperations": "-7192000", "comprehensiveIncomeNetOfTax": "None", "ebit": "-5098000", "ebitda": "-2879000", "netIncome": "-7192000"}, {"fiscalDateEnding": "2022-09-30", "reportedCurrency": "USD", "grossProfit": "25304000", "totalRevenue": "38892000", "costOfRevenue": "13588000", "costofGoodsAndServicesSold": "13588000", "operatingIncome": "-1375000", "sellingGeneralAndAdministrative": "19297000", "researchAndDevelopment": "None", "operatingExpenses": "26679000", "investmentIncomeNet": "None", "netInterestIncome": "-1770000", "interestIncome": "None", "interestExpense": "1770000", "nonInterestIncome": "None", "otherNonOperatingIncome": "None", "depreciation": "None", "depreciationAndAmortization": "1994000", "incomeBeforeTax": "-3145000", "incomeTaxExpense": "4232000", "interestAndDebtExpense": "None", "netIncomeFromContinuingOperations": "-7377000", "comprehensiveIncomeNetOfTax": "None", "ebit": "-1387000", "ebitda": "607000", "netIncome": "-7377000"}, {"fiscalDateEnding": "2022-06-30", "reportedCurrency": "USD", "grossProfit": "33162000", "totalRevenue": "49654000", "costOfRevenue": "16492000", "costofGoodsAndServicesSold": "16492000", "operatingIncome": "3963000", "sellingGeneralAndAdministrative": "21810000", "researchAndDevelopment": "None", "operatingExpenses": "29199000", "investmentIncomeNet": "None", "netInterestIncome": "-1559000", "interestIncome": "None", "interestExpense": "1559000", "nonInterestIncome": "None", "otherNonOperatingIncome": "None", "depreciation": "None", "depreciationAndAmortization": "1962000", "incomeBeforeTax": "2404000", "incomeTaxExpense": "1821000", "interestAndDebtExpense": "None", "netIncomeFromContinuingOperations": "583000", "comprehensiveIncomeNetOfTax": "None", "ebit": "4190000", "ebitda": "6152000", "netIncome": "583000"}, {"fiscalDateEnding": "2022-03-31", "reportedCurrency": "USD", "grossProfit": "24882000", "totalRevenue": "39544000", "costOfRevenue": "14662000", "costofGoodsAndServicesSold": "14662000", "operatingIncome": "-1171000", "sellingGeneralAndAdministrative": "19367000", "researchAndDevelopment": "None", "operatingExpenses": "26053000", "investmentIncomeNet": "None", "netInterestIncome": "-1492000", "interestIncome": "None", "interestExpense": "1492000", "nonInterestIncome": "None", "otherNonOperatingIncome": "None", "depreciation": "None", "depreciationAndAmortization": "1886000", "incomeBeforeTax": "-2663000", "incomeTaxExpense": "-1970000", "interestAndDebtExpense": "None", "netIncomeFromContinuingOperations": "-693000", "comprehensiveIncomeNetOfTax": "None", "ebit": "-1171000", "ebitda": "715000", "netIncome": "-693000"}, {"fiscalDateEnding": "2021-12-31", "reportedCurrency": "USD", "grossProfit": "25382000", "totalRevenue": "37556000", "costOfRevenue": "12174000", "costofGoodsAndServicesSold": "12174000", "operatingIncome": "-12257000", "sellingGeneralAndAdministrative": "29306000", "researchAndDevelopment": "None", "operatingExpenses": "37639000", "investmentIncomeNet": "None", "netInterestIncome": "-1565000", "interestIncome": "None", "interestExpense": "1565000", "nonInterestIncome": "None", "otherNonOperatingIncome": "None", "depreciation": "None", "depreciationAndAmortization": "1933000", "incomeBeforeTax": "-13822000", "incomeTaxExpense": "329000", "interestAndDebtExpense": "None", "netIncomeFromContinuingOperations": "-8243000", "comprehensiveIncomeNetOfTax": "None", "ebit": "-11257000", "ebitda": "-9324000", "netIncome": "-14151000"}, {"fiscalDateEnding": "2021-09-30", "reportedCurrency": "USD", "grossProfit": "23941000", "totalRevenue": "34651000", "costOfRevenue": "10710000", "costofGoodsAndServicesSold": "10710000", "operatingIncome": "9620000", "sellingGeneralAndAdministrative": "8380000", "researchAndDevelopment": "None", "operatingExpenses": "14321000", "investmentIncomeNet": "None", "netInterestIncome": "-1566000", "interestIncome": "None", "interestExpense": "1566000", "nonInterestIncome": "None", "otherNonOperatingIncome": "None", "depreciation": "None", "depreciationAndAmortization": "1641000", "incomeBeforeTax": "8054000", "incomeTaxExpense": "1933000", "interestAndDebtExpense": "None", "netIncomeFromContinuingOperations": "6121000", "comprehensiveIncomeNetOfTax": "None", "ebit": "9620000", "ebitda": "11261000", "netIncome": "8054000"}, {"fiscalDateEnding": "2021-06-30", "reportedCurrency": "USD", "grossProfit": "24544000", "totalRevenue": "34967000", "costOfRevenue": "10423000", "costofGoodsAndServicesSold": "10423000", "operatingIncome": "11198000", "sellingGeneralAndAdministrative": "8532000", "researchAndDevelopment": "None", "operatingExpenses": "13346000", "investmentIncomeNet": "None", "netInterestIncome": "-1171000", "interestIncome": "None", "interestExpense": "1171000", "nonInterestIncome": "None", "otherNonOperatingIncome": "None", "depreciation": "None", "depreciationAndAmortization": "1532000", "incomeBeforeTax": "10027000", "incomeTaxExpense": "1171000", "interestAndDebtExpense": "None", "netIncomeFromContinuingOperations": "6052000", "comprehensiveIncomeNetOfTax": "None", "ebit": "11880000", "ebitda": "13412000", "netIncome": "10027000"}, {"fiscalDateEnding": "2021-03-31", "reportedCurrency": "USD", "grossProfit": "18156000", "totalRevenue": "26141000", "costOfRevenue": "7985000", "costofGoodsAndServicesSold": "7985000", "operatingIncome": "7207000", "sellingGeneralAndAdministrative": "6958000", "researchAndDevelopment": "None", "operatingExpenses": "10949000", "investmentIncomeNet": "None", "netInterestIncome": "-586000", "interestIncome": "None", "interestExpense": "586000", "nonInterestIncome": "None", "otherNonOperatingIncome": "None", "depreciation": "None", "depreciationAndAmortization": "1491000", "incomeBeforeTax": "6621000", "incomeTaxExpense": "1987500", "interestAndDebtExpense": "None", "netIncomeFromContinuingOperations": "6621000", "comprehensiveIncomeNetOfTax": "None", "ebit": "7207000", "ebitda": "8698000", "netIncome": "6621000"}, {"fiscalDateEnding": "2020-12-31", "reportedCurrency": "USD", "grossProfit": "15225000", "totalRevenue": "22843000", "costOfRevenue": "7618000", "costofGoodsAndServicesSold": "7618000", "operatingIncome": "6246000", "sellingGeneralAndAdministrative": "5303000", "researchAndDevelopment": "None", "operatingExpenses": "8979000", "investmentIncomeNet": "None", "netInterestIncome": "-680000", "interestIncome": "None", "interestExpense": "680000", "nonInterestIncome": "None", "otherNonOperatingIncome": "None", "depreciation": "None", "depreciationAndAmortization": "1476000", "incomeBeforeTax": "5566000", "incomeTaxExpense": "1331000", "interestAndDebtExpense": "None", "netIncomeFromContinuingOperations": "4235000", "comprehensiveIncomeNetOfTax": "None", "ebit": "6246000", "ebitda": "7722000", "netIncome": "4235000"}, {"fiscalDateEnding": "2020-09-30", "reportedCurrency": "USD", "grossProfit": "11079000", "totalRevenue": "17837000", "costOfRevenue": "6758000", "costofGoodsAndServicesSold": "6758000", "operatingIncome": "3448000", "sellingGeneralAndAdministrative": "4399000", "researchAndDevelopment": "None", "operatingExpenses": "7631000", "investmentIncomeNet": "None", "netInterestIncome": "-529000", "interestIncome": "None", "interestExpense": "529000", "nonInterestIncome": "None", "otherNonOperatingIncome": "None", "depreciation": "None", "depreciationAndAmortization": "1432000", "incomeBeforeTax": "2919000", "incomeTaxExpense": "496000", "interestAndDebtExpense": "None", "netIncomeFromContinuingOperations": "2423000", "comprehensiveIncomeNetOfTax": "None", "ebit": "3448000", "ebitda": "4880000", "netIncome": "2423000"}, {"fiscalDateEnding": "2020-06-30", "reportedCurrency": "USD", "grossProfit": "7151500", "totalRevenue": "11043000", "costOfRevenue": "3891500", "costofGoodsAndServicesSold": "3891500", "operatingIncome": "169500", "sellingGeneralAndAdministrative": "None", "researchAndDevelopment": "None", "operatingExpenses": "6982000", "investmentIncomeNet": "None", "netInterestIncome": "None", "interestIncome": "None", "interestExpense": "None", "nonInterestIncome": "None", "otherNonOperatingIncome": "None", "depreciation": "None", "depreciationAndAmortization": "1366500", "incomeBeforeTax": "-454000", "incomeTaxExpense": "None", "interestAndDebtExpense": "None", "netIncomeFromContinuingOperations": "None", "comprehensiveIncomeNetOfTax": "None", "ebit": "169500", "ebitda": "1536000", "netIncome": "-454000"}, {"fiscalDateEnding": "2020-03-31", "reportedCurrency": "USD", "grossProfit": "7151500", "totalRevenue": "11043000", "costOfRevenue": "3891500", "costofGoodsAndServicesSold": "3891500", "operatingIncome": "169500", "sellingGeneralAndAdministrative": "None", "researchAndDevelopment": "None", "operatingExpenses": "6982000", "investmentIncomeNet": "None", "netInterestIncome": "None", "interestIncome": "None", "interestExpense": "None", "nonInterestIncome": "None", "otherNonOperatingIncome": "None", "depreciation": "None", "depreciationAndAmortization": "1366500", "incomeBeforeTax": "-454000", "incomeTaxExpense": "None", "interestAndDebtExpense": "None", "netIncomeFromContinuingOperations": "None", "comprehensiveIncomeNetOfTax": "None", "ebit": "169500", "ebitda": "1536000", "netIncome": "-454000"}]}