{"symbol": "LEG", "annualReports": [{"fiscalDateEnding": "2024-12-31", "reportedCurrency": "USD", "grossProfit": "749100000", "totalRevenue": "4383600000", "costOfRevenue": "3634500000", "costofGoodsAndServicesSold": "3634500000", "operatingIncome": "218300000", "sellingGeneralAndAdministrative": "508800000", "researchAndDevelopment": "None", "operatingExpenses": "530800000", "investmentIncomeNet": "None", "netInterestIncome": "-79300000", "interestIncome": "6600000", "interestExpense": "85900000", "nonInterestIncome": "None", "otherNonOperatingIncome": "None", "depreciation": "None", "depreciationAndAmortization": "136000000", "incomeBeforeTax": "-509200000", "incomeTaxExpense": "2200000", "interestAndDebtExpense": "None", "netIncomeFromContinuingOperations": "-511400000", "comprehensiveIncomeNetOfTax": "None", "ebit": "-423300000", "ebitda": "-287300000", "netIncome": "-511500000"}, {"fiscalDateEnding": "2023-12-31", "reportedCurrency": "USD", "grossProfit": "853800000", "totalRevenue": "4725300000", "costOfRevenue": "3871500000", "costofGoodsAndServicesSold": "3871500000", "operatingIncome": "319400000", "sellingGeneralAndAdministrative": "465400000", "researchAndDevelopment": "None", "operatingExpenses": "534400000", "investmentIncomeNet": "None", "netInterestIncome": "-85700000", "interestIncome": "5400000", "interestExpense": "88400000", "nonInterestIncome": "None", "otherNonOperatingIncome": "None", "depreciation": "None", "depreciationAndAmortization": "179900000", "incomeBeforeTax": "-173400000", "incomeTaxExpense": "-36600000", "interestAndDebtExpense": "None", "netIncomeFromContinuingOperations": "-136800000", "comprehensiveIncomeNetOfTax": "None", "ebit": "-85000000", "ebitda": "94900000", "netIncome": "-136800000"}, {"fiscalDateEnding": "2022-12-31", "reportedCurrency": "USD", "grossProfit": "976800000", "totalRevenue": "5146700000", "costOfRevenue": "4169900000", "costofGoodsAndServicesSold": "4169900000", "operatingIncome": "482700000", "sellingGeneralAndAdministrative": "427300000", "researchAndDevelopment": "None", "operatingExpenses": "494100000", "investmentIncomeNet": "None", "netInterestIncome": "-81400000", "interestIncome": "81400000", "interestExpense": "85500000", "nonInterestIncome": "None", "otherNonOperatingIncome": "6600000", "depreciation": "None", "depreciationAndAmortization": "179800000", "incomeBeforeTax": "403600000", "incomeTaxExpense": "93700000", "interestAndDebtExpense": "None", "netIncomeFromContinuingOperations": "309900000", "comprehensiveIncomeNetOfTax": "None", "ebit": "489100000", "ebitda": "668900000", "netIncome": "309800000"}, {"fiscalDateEnding": "2021-12-31", "reportedCurrency": "USD", "grossProfit": "1038300000", "totalRevenue": "5072600000", "costOfRevenue": "4034300000", "costofGoodsAndServicesSold": "4034300000", "operatingIncome": "548700000", "sellingGeneralAndAdministrative": "422100000", "researchAndDevelopment": "None", "operatingExpenses": "489600000", "investmentIncomeNet": "None", "netInterestIncome": "-73900000", "interestIncome": "73900000", "interestExpense": "76500000", "nonInterestIncome": "None", "otherNonOperatingIncome": "32000000", "depreciation": "None", "depreciationAndAmortization": "187300000", "incomeBeforeTax": "522100000", "incomeTaxExpense": "119500000", "interestAndDebtExpense": "None", "netIncomeFromContinuingOperations": "402600000", "comprehensiveIncomeNetOfTax": "None", "ebit": "598600000", "ebitda": "785900000", "netIncome": "402400000"}, {"fiscalDateEnding": "2020-12-31", "reportedCurrency": "USD", "grossProfit": "904100000", "totalRevenue": "4280200000", "costOfRevenue": "3376100000", "costofGoodsAndServicesSold": "3376100000", "operatingIncome": "414500000", "sellingGeneralAndAdministrative": "424400000", "researchAndDevelopment": "None", "operatingExpenses": "489600000", "investmentIncomeNet": "None", "netInterestIncome": "-79600000", "interestIncome": "79600000", "interestExpense": "82700000", "nonInterestIncome": "None", "otherNonOperatingIncome": "3100000", "depreciation": "None", "depreciationAndAmortization": "189400000", "incomeBeforeTax": "327900000", "incomeTaxExpense": "74800000", "interestAndDebtExpense": "None", "netIncomeFromContinuingOperations": "247700000", "comprehensiveIncomeNetOfTax": "None", "ebit": "410600000", "ebitda": "600000000", "netIncome": "253000000"}, {"fiscalDateEnding": "2019-12-31", "reportedCurrency": "USD", "grossProfit": "1024000000", "totalRevenue": "4752500000", "costOfRevenue": "3728500000", "costofGoodsAndServicesSold": "3728500000", "operatingIncome": "491000000", "sellingGeneralAndAdministrative": "469700000", "researchAndDevelopment": "None", "operatingExpenses": "533000000", "investmentIncomeNet": "None", "netInterestIncome": "-83300000", "interestIncome": "7400000", "interestExpense": "90700000", "nonInterestIncome": "None", "otherNonOperatingIncome": "12400000", "depreciation": "None", "depreciationAndAmortization": "191900000", "incomeBeforeTax": "403500000", "incomeTaxExpense": "89400000", "interestAndDebtExpense": "None", "netIncomeFromContinuingOperations": "333900000", "comprehensiveIncomeNetOfTax": "None", "ebit": "494200000", "ebitda": "686100000", "netIncome": "314000000"}, {"fiscalDateEnding": "2018-12-31", "reportedCurrency": "USD", "grossProfit": "888700000", "totalRevenue": "4269500000", "costOfRevenue": "3380800000", "costofGoodsAndServicesSold": "3380800000", "operatingIncome": "443100000", "sellingGeneralAndAdministrative": "425100000", "researchAndDevelopment": "0", "operatingExpenses": "445600000", "investmentIncomeNet": "None", "netInterestIncome": "-52500000", "interestIncome": "8400000", "interestExpense": "60900000", "nonInterestIncome": "None", "otherNonOperatingIncome": "10300000", "depreciation": "None", "depreciationAndAmortization": "124800000", "incomeBeforeTax": "384400000", "incomeTaxExpense": "78300000", "interestAndDebtExpense": "None", "netIncomeFromContinuingOperations": "306100000", "comprehensiveIncomeNetOfTax": "None", "ebit": "437800000", "ebitda": "562600000", "netIncome": "305900000"}, {"fiscalDateEnding": "2017-12-31", "reportedCurrency": "USD", "grossProfit": "867900000", "totalRevenue": "3943800000", "costOfRevenue": "3075900000", "costofGoodsAndServicesSold": "3075900000", "operatingIncome": "448100000", "sellingGeneralAndAdministrative": "403600000", "researchAndDevelopment": "25000000", "operatingExpenses": "424300000", "investmentIncomeNet": "None", "netInterestIncome": "-35900000", "interestIncome": "7600000", "interestExpense": "43500000", "nonInterestIncome": "None", "otherNonOperatingIncome": "31800000", "depreciation": "None", "depreciationAndAmortization": "116000000", "incomeBeforeTax": "432000000", "incomeTaxExpense": "138400000", "interestAndDebtExpense": "None", "netIncomeFromContinuingOperations": "293600000", "comprehensiveIncomeNetOfTax": "None", "ebit": "471300000", "ebitda": "587300000", "netIncome": "292600000"}, {"fiscalDateEnding": "2016-12-31", "reportedCurrency": "USD", "grossProfit": "899200000", "totalRevenue": "3749900000", "costOfRevenue": "2850700000", "costofGoodsAndServicesSold": "2850700000", "operatingIncome": "449800000", "sellingGeneralAndAdministrative": "396800000", "researchAndDevelopment": "25000000", "operatingExpenses": "416700000", "investmentIncomeNet": "None", "netInterestIncome": "-34900000", "interestIncome": "3900000", "interestExpense": "38800000", "nonInterestIncome": "None", "otherNonOperatingIncome": "3900000", "depreciation": "None", "depreciationAndAmortization": "106700000", "incomeBeforeTax": "487100000", "incomeTaxExpense": "120000000", "interestAndDebtExpense": "None", "netIncomeFromContinuingOperations": "367100000", "comprehensiveIncomeNetOfTax": "None", "ebit": "521700000", "ebitda": "628400000", "netIncome": "385800000"}, {"fiscalDateEnding": "2015-12-31", "reportedCurrency": "USD", "grossProfit": "923200000", "totalRevenue": "3917200000", "costOfRevenue": "2994000000", "costofGoodsAndServicesSold": "2994000000", "operatingIncome": "485200000", "sellingGeneralAndAdministrative": "416900000", "researchAndDevelopment": "25000000", "operatingExpenses": "437700000", "investmentIncomeNet": "None", "netInterestIncome": "None", "interestIncome": "36700000", "interestExpense": "41100000", "nonInterestIncome": "None", "otherNonOperatingIncome": "4400000", "depreciation": "None", "depreciationAndAmortization": "113200000", "incomeBeforeTax": "449800000", "incomeTaxExpense": "121800000", "interestAndDebtExpense": "None", "netIncomeFromContinuingOperations": "328000000", "comprehensiveIncomeNetOfTax": "None", "ebit": "490900000", "ebitda": "604100000", "netIncome": "325100000"}, {"fiscalDateEnding": "2014-12-31", "reportedCurrency": "USD", "grossProfit": "790400000", "totalRevenue": "3782300000", "costOfRevenue": "2991900000", "costofGoodsAndServicesSold": "2991900000", "operatingIncome": "322300000", "sellingGeneralAndAdministrative": "449600000", "researchAndDevelopment": "26000000", "operatingExpenses": "469300000", "investmentIncomeNet": "None", "netInterestIncome": "None", "interestIncome": "None", "interestExpense": "41800000", "nonInterestIncome": "None", "otherNonOperatingIncome": "5800000", "depreciation": "None", "depreciationAndAmortization": "117900000", "incomeBeforeTax": "295500000", "incomeTaxExpense": "70300000", "interestAndDebtExpense": "None", "netIncomeFromContinuingOperations": "225200000", "comprehensiveIncomeNetOfTax": "None", "ebit": "337300000", "ebitda": "455200000", "netIncome": "98000000"}, {"fiscalDateEnding": "2013-12-31", "reportedCurrency": "USD", "grossProfit": "747200000", "totalRevenue": "3746000000", "costOfRevenue": "2998800000", "costofGoodsAndServicesSold": "2998800000", "operatingIncome": "328300000", "sellingGeneralAndAdministrative": "394800000", "researchAndDevelopment": "24000000", "operatingExpenses": "420800000", "investmentIncomeNet": "None", "netInterestIncome": "None", "interestIncome": "None", "interestExpense": "44700000", "nonInterestIncome": "None", "otherNonOperatingIncome": "7700000", "depreciation": "None", "depreciationAndAmortization": "122600000", "incomeBeforeTax": "247800000", "incomeTaxExpense": "55000000", "interestAndDebtExpense": "None", "netIncomeFromContinuingOperations": "192800000", "comprehensiveIncomeNetOfTax": "None", "ebit": "282300000", "ebitda": "404900000", "netIncome": "197300000"}, {"fiscalDateEnding": "2012-12-31", "reportedCurrency": "USD", "grossProfit": "748000000", "totalRevenue": "3720800000", "costOfRevenue": "2972800000", "costofGoodsAndServicesSold": "2972800000", "operatingIncome": "305000000", "sellingGeneralAndAdministrative": "380400000", "researchAndDevelopment": "20000000", "operatingExpenses": "406100000", "investmentIncomeNet": "None", "netInterestIncome": "None", "interestIncome": "None", "interestExpense": "43400000", "nonInterestIncome": "None", "otherNonOperatingIncome": "6500000", "depreciation": "None", "depreciationAndAmortization": "116100000", "incomeBeforeTax": "304400000", "incomeTaxExpense": "56300000", "interestAndDebtExpense": "None", "netIncomeFromContinuingOperations": "248100000", "comprehensiveIncomeNetOfTax": "None", "ebit": "345900000", "ebitda": "462000000", "netIncome": "248200000"}, {"fiscalDateEnding": "2011-12-31", "reportedCurrency": "USD", "grossProfit": "665300000", "totalRevenue": "3636000000", "costOfRevenue": "2970700000", "costofGoodsAndServicesSold": "2970700000", "operatingIncome": "237800000", "sellingGeneralAndAdministrative": "382100000", "researchAndDevelopment": "0", "operatingExpenses": "427500000", "investmentIncomeNet": "None", "netInterestIncome": "None", "interestIncome": "None", "interestExpense": "38300000", "nonInterestIncome": "None", "otherNonOperatingIncome": "6700000", "depreciation": "None", "depreciationAndAmortization": "116900000", "incomeBeforeTax": "206200000", "incomeTaxExpense": "49800000", "interestAndDebtExpense": "None", "netIncomeFromContinuingOperations": "156400000", "comprehensiveIncomeNetOfTax": "None", "ebit": "244200000", "ebitda": "361100000", "netIncome": "153300000"}, {"fiscalDateEnding": "2010-12-31", "reportedCurrency": "USD", "grossProfit": "655400000", "totalRevenue": "3359100000", "costOfRevenue": "2703700000", "costofGoodsAndServicesSold": "2703700000", "operatingIncome": "296400000", "sellingGeneralAndAdministrative": "354300000", "researchAndDevelopment": "0", "operatingExpenses": "359000000", "investmentIncomeNet": "None", "netInterestIncome": "None", "interestIncome": "None", "interestExpense": "37700000", "nonInterestIncome": "None", "otherNonOperatingIncome": "5200000", "depreciation": "None", "depreciationAndAmortization": "122800000", "incomeBeforeTax": "255500000", "incomeTaxExpense": "71900000", "interestAndDebtExpense": "None", "netIncomeFromContinuingOperations": "183600000", "comprehensiveIncomeNetOfTax": "None", "ebit": "293100000", "ebitda": "415900000", "netIncome": "176600000"}, {"fiscalDateEnding": "2009-12-31", "reportedCurrency": "USD", "grossProfit": "629700000", "totalRevenue": "3055100000", "costOfRevenue": "2425400000", "costofGoodsAndServicesSold": "2425400000", "operatingIncome": "252100000", "sellingGeneralAndAdministrative": "363000000", "researchAndDevelopment": "None", "operatingExpenses": "377600000", "investmentIncomeNet": "None", "netInterestIncome": "None", "interestIncome": "None", "interestExpense": "37400000", "nonInterestIncome": "None", "otherNonOperatingIncome": "None", "depreciation": "None", "depreciationAndAmortization": "130300000", "incomeBeforeTax": "198400000", "incomeTaxExpense": "77300000", "interestAndDebtExpense": "None", "netIncomeFromContinuingOperations": "None", "comprehensiveIncomeNetOfTax": "None", "ebit": "237000000", "ebitda": "367300000", "netIncome": "111800000"}, {"fiscalDateEnding": "2008-12-31", "reportedCurrency": "USD", "grossProfit": "691200000", "totalRevenue": "4076100000", "costOfRevenue": "3384900000", "costofGoodsAndServicesSold": "3384900000", "operatingIncome": "258900000", "sellingGeneralAndAdministrative": "423200000", "researchAndDevelopment": "None", "operatingExpenses": "432300000", "investmentIncomeNet": "None", "netInterestIncome": "None", "interestIncome": "None", "interestExpense": "48400000", "nonInterestIncome": "None", "otherNonOperatingIncome": "None", "depreciation": "None", "depreciationAndAmortization": "140400000", "incomeBeforeTax": "188000000", "incomeTaxExpense": "65100000", "interestAndDebtExpense": "None", "netIncomeFromContinuingOperations": "None", "comprehensiveIncomeNetOfTax": "None", "ebit": "236400000", "ebitda": "376800000", "netIncome": "104400000"}, {"fiscalDateEnding": "2007-12-31", "reportedCurrency": "USD", "grossProfit": "798600000", "totalRevenue": "4306400000", "costOfRevenue": "3507800000", "costofGoodsAndServicesSold": "3507800000", "operatingIncome": "334700000", "sellingGeneralAndAdministrative": "440600000", "researchAndDevelopment": "None", "operatingExpenses": "463900000", "investmentIncomeNet": "None", "netInterestIncome": "None", "interestIncome": "None", "interestExpense": "58600000", "nonInterestIncome": "None", "otherNonOperatingIncome": "None", "depreciation": "None", "depreciationAndAmortization": "183400000", "incomeBeforeTax": "128400000", "incomeTaxExpense": "77400000", "interestAndDebtExpense": "None", "netIncomeFromContinuingOperations": "None", "comprehensiveIncomeNetOfTax": "None", "ebit": "187000000", "ebitda": "370400000", "netIncome": "-11200000"}, {"fiscalDateEnding": "2006-12-31", "reportedCurrency": "USD", "grossProfit": "998400000", "totalRevenue": "5505400000", "costOfRevenue": "4507000000", "costofGoodsAndServicesSold": "4507000000", "operatingIncome": "490100000", "sellingGeneralAndAdministrative": "489500000", "researchAndDevelopment": "None", "operatingExpenses": "508300000", "investmentIncomeNet": "None", "netInterestIncome": "None", "interestIncome": "None", "interestExpense": "56200000", "nonInterestIncome": "None", "otherNonOperatingIncome": "None", "depreciation": "None", "depreciationAndAmortization": "175400000", "incomeBeforeTax": "434800000", "incomeTaxExpense": "134500000", "interestAndDebtExpense": "None", "netIncomeFromContinuingOperations": "None", "comprehensiveIncomeNetOfTax": "None", "ebit": "391700000", "ebitda": "567100000", "netIncome": "300300000"}, {"fiscalDateEnding": "2005-12-31", "reportedCurrency": "USD", "grossProfit": "912800000", "totalRevenue": "5299300000", "costOfRevenue": "4386500000", "costofGoodsAndServicesSold": "4386500000", "operatingIncome": "433700000", "sellingGeneralAndAdministrative": "468800000", "researchAndDevelopment": "25000000", "operatingExpenses": "479100000", "investmentIncomeNet": "None", "netInterestIncome": "None", "interestIncome": "None", "interestExpense": "46700000", "nonInterestIncome": "None", "otherNonOperatingIncome": "None", "depreciation": "None", "depreciationAndAmortization": "171100000", "incomeBeforeTax": "356200000", "incomeTaxExpense": "104900000", "interestAndDebtExpense": "None", "netIncomeFromContinuingOperations": "None", "comprehensiveIncomeNetOfTax": "None", "ebit": "375900000", "ebitda": "547000000", "netIncome": "251300000"}], "quarterlyReports": [{"fiscalDateEnding": "2025-09-30", "reportedCurrency": "USD", "grossProfit": "193700000", "totalRevenue": "1036400000", "costOfRevenue": "842700000", "costofGoodsAndServicesSold": "842700000", "operatingIncome": "65400000", "sellingGeneralAndAdministrative": "124500000", "researchAndDevelopment": "None", "operatingExpenses": "128300000", "investmentIncomeNet": "None", "netInterestIncome": "-16700000", "interestIncome": "1800000", "interestExpense": "18500000", "nonInterestIncome": "None", "otherNonOperatingIncome": "None", "depreciation": "None", "depreciationAndAmortization": "29400000", "incomeBeforeTax": "154400000", "incomeTaxExpense": "27200000", "interestAndDebtExpense": "None", "netIncomeFromContinuingOperations": "127200000", "comprehensiveIncomeNetOfTax": "None", "ebit": "171100000", "ebitda": "200500000", "netIncome": "127100000"}, {"fiscalDateEnding": "2025-06-30", "reportedCurrency": "USD", "grossProfit": "189000000", "totalRevenue": "1058000000", "costOfRevenue": "869000000", "costofGoodsAndServicesSold": "869000000", "operatingIncome": "70600000", "sellingGeneralAndAdministrative": "118400000", "researchAndDevelopment": "None", "operatingExpenses": "118400000", "investmentIncomeNet": "None", "netInterestIncome": "-18700000", "interestIncome": "18700000", "interestExpense": "20500000", "nonInterestIncome": "None", "otherNonOperatingIncome": "None", "depreciation": "None", "depreciationAndAmortization": "29700000", "incomeBeforeTax": "71700000", "incomeTaxExpense": "19200000", "interestAndDebtExpense": "None", "netIncomeFromContinuingOperations": "52500000", "comprehensiveIncomeNetOfTax": "None", "ebit": "90400000", "ebitda": "120100000", "netIncome": "52500000"}, {"fiscalDateEnding": "2025-03-31", "reportedCurrency": "USD", "grossProfit": "190000000", "totalRevenue": "1022100000", "costOfRevenue": "832100000", "costofGoodsAndServicesSold": "832100000", "operatingIncome": "61400000", "sellingGeneralAndAdministrative": "123600000", "researchAndDevelopment": "None", "operatingExpenses": "128600000", "investmentIncomeNet": "None", "netInterestIncome": "-17800000", "interestIncome": "1000000", "interestExpense": "17800000", "nonInterestIncome": "None", "otherNonOperatingIncome": "None", "depreciation": "None", "depreciationAndAmortization": "31600000", "incomeBeforeTax": "45100000", "incomeTaxExpense": "14500000", "interestAndDebtExpense": "None", "netIncomeFromContinuingOperations": "30600000", "comprehensiveIncomeNetOfTax": "None", "ebit": "63900000", "ebitda": "95500000", "netIncome": "30600000"}, {"fiscalDateEnding": "2024-12-31", "reportedCurrency": "USD", "grossProfit": "175600000", "totalRevenue": "1056400000", "costOfRevenue": "880800000", "costofGoodsAndServicesSold": "880800000", "operatingIncome": "46000000", "sellingGeneralAndAdministrative": "124800000", "researchAndDevelopment": "None", "operatingExpenses": "129600000", "investmentIncomeNet": "None", "netInterestIncome": "-18700000", "interestIncome": "2200000", "interestExpense": "20900000", "nonInterestIncome": "None", "otherNonOperatingIncome": "None", "depreciation": "None", "depreciationAndAmortization": "34100000", "incomeBeforeTax": "25000000", "incomeTaxExpense": "10800000", "interestAndDebtExpense": "None", "netIncomeFromContinuingOperations": "14200000", "comprehensiveIncomeNetOfTax": "None", "ebit": "45900000", "ebitda": "80000000", "netIncome": "14200000"}, {"fiscalDateEnding": "2024-09-30", "reportedCurrency": "USD", "grossProfit": "193400000", "totalRevenue": "1101700000", "costOfRevenue": "908300000", "costofGoodsAndServicesSold": "908300000", "operatingIncome": "66400000", "sellingGeneralAndAdministrative": "127000000", "researchAndDevelopment": "None", "operatingExpenses": "127000000", "investmentIncomeNet": "None", "netInterestIncome": "-20000000", "interestIncome": "1000000", "interestExpense": "20000000", "nonInterestIncome": "None", "otherNonOperatingIncome": "None", "depreciation": "None", "depreciationAndAmortization": "35100000", "incomeBeforeTax": "57700000", "incomeTaxExpense": "12800000", "interestAndDebtExpense": "None", "netIncomeFromContinuingOperations": "44900000", "comprehensiveIncomeNetOfTax": "None", "ebit": "79000000", "ebitda": "114100000", "netIncome": "44900000"}, {"fiscalDateEnding": "2024-06-30", "reportedCurrency": "USD", "grossProfit": "184500000", "totalRevenue": "1129200000", "costOfRevenue": "944700000", "costofGoodsAndServicesSold": "944700000", "operatingIncome": "57900000", "sellingGeneralAndAdministrative": "131100000", "researchAndDevelopment": "None", "operatingExpenses": "126600000", "investmentIncomeNet": "None", "netInterestIncome": "-20000000", "interestIncome": "2400000", "interestExpense": "22400000", "nonInterestIncome": "None", "otherNonOperatingIncome": "None", "depreciation": "None", "depreciationAndAmortization": "32700000", "incomeBeforeTax": "-634300000", "incomeTaxExpense": "-32200000", "interestAndDebtExpense": "None", "netIncomeFromContinuingOperations": "-602100000", "comprehensiveIncomeNetOfTax": "None", "ebit": "-611800000", "ebitda": "-579100000", "netIncome": "-602200000"}, {"fiscalDateEnding": "2024-03-31", "reportedCurrency": "USD", "grossProfit": "184400000", "totalRevenue": "1097000000", "costOfRevenue": "912600000", "costofGoodsAndServicesSold": "912600000", "operatingIncome": "59000000", "sellingGeneralAndAdministrative": "125900000", "researchAndDevelopment": "None", "operatingExpenses": "125400000", "investmentIncomeNet": "None", "netInterestIncome": "-20600000", "interestIncome": "1000000", "interestExpense": "21600000", "nonInterestIncome": "None", "otherNonOperatingIncome": "None", "depreciation": "None", "depreciationAndAmortization": "32800000", "incomeBeforeTax": "42400000", "incomeTaxExpense": "10800000", "interestAndDebtExpense": "None", "netIncomeFromContinuingOperations": "31600000", "comprehensiveIncomeNetOfTax": "None", "ebit": "64100000", "ebitda": "96900000", "netIncome": "31600000"}, {"fiscalDateEnding": "2023-12-31", "reportedCurrency": "USD", "grossProfit": "182400000", "totalRevenue": "1115100000", "costOfRevenue": "932700000", "costofGoodsAndServicesSold": "932700000", "operatingIncome": "61300000", "sellingGeneralAndAdministrative": "121100000", "researchAndDevelopment": "None", "operatingExpenses": "121100000", "investmentIncomeNet": "None", "netInterestIncome": "-19500000", "interestIncome": "1700000", "interestExpense": "21200000", "nonInterestIncome": "None", "otherNonOperatingIncome": "None", "depreciation": "None", "depreciationAndAmortization": "44800000", "incomeBeforeTax": "-386300000", "incomeTaxExpense": "-88900000", "interestAndDebtExpense": "None", "netIncomeFromContinuingOperations": "-297400000", "comprehensiveIncomeNetOfTax": "None", "ebit": "-365100000", "ebitda": "-320300000", "netIncome": "-297500000"}, {"fiscalDateEnding": "2023-09-30", "reportedCurrency": "USD", "grossProfit": "214300000", "totalRevenue": "1175400000", "costOfRevenue": "961100000", "costofGoodsAndServicesSold": "961100000", "operatingIncome": "87300000", "sellingGeneralAndAdministrative": "109100000", "researchAndDevelopment": "None", "operatingExpenses": "127000000", "investmentIncomeNet": "None", "netInterestIncome": "-20500000", "interestIncome": "20500000", "interestExpense": "22000000", "nonInterestIncome": "None", "otherNonOperatingIncome": "None", "depreciation": "None", "depreciationAndAmortization": "44900000", "incomeBeforeTax": "70900000", "incomeTaxExpense": "18000000", "interestAndDebtExpense": "None", "netIncomeFromContinuingOperations": "52900000", "comprehensiveIncomeNetOfTax": "None", "ebit": "92400000", "ebitda": "137300000", "netIncome": "52800000"}, {"fiscalDateEnding": "2023-06-30", "reportedCurrency": "USD", "grossProfit": "221100000", "totalRevenue": "1221200000", "costOfRevenue": "1000100000", "costofGoodsAndServicesSold": "1000100000", "operatingIncome": "85100000", "sellingGeneralAndAdministrative": "119200000", "researchAndDevelopment": "None", "operatingExpenses": "136000000", "investmentIncomeNet": "None", "netInterestIncome": "-22000000", "interestIncome": "22000000", "interestExpense": "23100000", "nonInterestIncome": "None", "otherNonOperatingIncome": "1100000", "depreciation": "None", "depreciationAndAmortization": "44700000", "incomeBeforeTax": "73700000", "incomeTaxExpense": "19500000", "interestAndDebtExpense": "None", "netIncomeFromContinuingOperations": "54200000", "comprehensiveIncomeNetOfTax": "None", "ebit": "96800000", "ebitda": "141500000", "netIncome": "54200000"}, {"fiscalDateEnding": "2023-03-31", "reportedCurrency": "USD", "grossProfit": "218600000", "totalRevenue": "1213600000", "costOfRevenue": "995000000", "costofGoodsAndServicesSold": "995000000", "operatingIncome": "85700000", "sellingGeneralAndAdministrative": "116000000", "researchAndDevelopment": "None", "operatingExpenses": "132900000", "investmentIncomeNet": "None", "netInterestIncome": "-21000000", "interestIncome": "21000000", "interestExpense": "22100000", "nonInterestIncome": "None", "otherNonOperatingIncome": "1400000", "depreciation": "None", "depreciationAndAmortization": "45400000", "incomeBeforeTax": "68300000", "incomeTaxExpense": "14800000", "interestAndDebtExpense": "None", "netIncomeFromContinuingOperations": "53500000", "comprehensiveIncomeNetOfTax": "None", "ebit": "90400000", "ebitda": "135800000", "netIncome": "53500000"}, {"fiscalDateEnding": "2022-12-31", "reportedCurrency": "USD", "grossProfit": "210600000", "totalRevenue": "1195800000", "costOfRevenue": "985200000", "costofGoodsAndServicesSold": "985200000", "operatingIncome": "84000000", "sellingGeneralAndAdministrative": "109800000", "researchAndDevelopment": "None", "operatingExpenses": "126600000", "investmentIncomeNet": "None", "netInterestIncome": "-22200000", "interestIncome": "22200000", "interestExpense": "23200000", "nonInterestIncome": "None", "otherNonOperatingIncome": "2500000", "depreciation": "None", "depreciationAndAmortization": "45500000", "incomeBeforeTax": "69000000", "incomeTaxExpense": "16200000", "interestAndDebtExpense": "None", "netIncomeFromContinuingOperations": "52800000", "comprehensiveIncomeNetOfTax": "None", "ebit": "92200000", "ebitda": "137700000", "netIncome": "52800000"}, {"fiscalDateEnding": "2022-09-30", "reportedCurrency": "USD", "grossProfit": "230500000", "totalRevenue": "1294400000", "costOfRevenue": "1063900000", "costofGoodsAndServicesSold": "1063900000", "operatingIncome": "113500000", "sellingGeneralAndAdministrative": "100400000", "researchAndDevelopment": "None", "operatingExpenses": "117000000", "investmentIncomeNet": "None", "netInterestIncome": "-19700000", "interestIncome": "19700000", "interestExpense": "20500000", "nonInterestIncome": "None", "otherNonOperatingIncome": "1100000", "depreciation": "None", "depreciationAndAmortization": "44100000", "incomeBeforeTax": "93500000", "incomeTaxExpense": "22000000", "interestAndDebtExpense": "None", "netIncomeFromContinuingOperations": "71500000", "comprehensiveIncomeNetOfTax": "None", "ebit": "114000000", "ebitda": "158100000", "netIncome": "71400000"}, {"fiscalDateEnding": "2022-06-30", "reportedCurrency": "USD", "grossProfit": "268400000", "totalRevenue": "1334200000", "costOfRevenue": "1065800000", "costofGoodsAndServicesSold": "1065800000", "operatingIncome": "146600000", "sellingGeneralAndAdministrative": "105400000", "researchAndDevelopment": "None", "operatingExpenses": "121800000", "investmentIncomeNet": "None", "netInterestIncome": "-20000000", "interestIncome": "1100000", "interestExpense": "21100000", "nonInterestIncome": "None", "otherNonOperatingIncome": "1800000", "depreciation": "None", "depreciationAndAmortization": "44500000", "incomeBeforeTax": "123000000", "incomeTaxExpense": "27800000", "interestAndDebtExpense": "None", "netIncomeFromContinuingOperations": "95200000", "comprehensiveIncomeNetOfTax": "None", "ebit": "144100000", "ebitda": "188600000", "netIncome": "95200000"}, {"fiscalDateEnding": "2022-03-31", "reportedCurrency": "USD", "grossProfit": "267300000", "totalRevenue": "1322300000", "costOfRevenue": "1055000000", "costofGoodsAndServicesSold": "1055000000", "operatingIncome": "138600000", "sellingGeneralAndAdministrative": "111700000", "researchAndDevelopment": "None", "operatingExpenses": "128700000", "investmentIncomeNet": "None", "netInterestIncome": "-19500000", "interestIncome": "1200000", "interestExpense": "20700000", "nonInterestIncome": "None", "otherNonOperatingIncome": "1200000", "depreciation": "None", "depreciationAndAmortization": "45700000", "incomeBeforeTax": "118100000", "incomeTaxExpense": "27700000", "interestAndDebtExpense": "None", "netIncomeFromContinuingOperations": "90400000", "comprehensiveIncomeNetOfTax": "None", "ebit": "138800000", "ebitda": "184500000", "netIncome": "90400000"}, {"fiscalDateEnding": "2021-12-31", "reportedCurrency": "USD", "grossProfit": "265400000", "totalRevenue": "1332900000", "costOfRevenue": "1067500000", "costofGoodsAndServicesSold": "1067500000", "operatingIncome": "149900000", "sellingGeneralAndAdministrative": "99600000", "researchAndDevelopment": "None", "operatingExpenses": "115500000", "investmentIncomeNet": "None", "netInterestIncome": "-18400000", "interestIncome": "18400000", "interestExpense": "18700000", "nonInterestIncome": "None", "otherNonOperatingIncome": "200000", "depreciation": "None", "depreciationAndAmortization": "46500000", "incomeBeforeTax": "133800000", "incomeTaxExpense": "28200000", "interestAndDebtExpense": "None", "netIncomeFromContinuingOperations": "105600000", "comprehensiveIncomeNetOfTax": "None", "ebit": "152500000", "ebitda": "199000000", "netIncome": "105500000"}, {"fiscalDateEnding": "2021-09-30", "reportedCurrency": "USD", "grossProfit": "256100000", "totalRevenue": "1319200000", "costOfRevenue": "1063100000", "costofGoodsAndServicesSold": "1063100000", "operatingIncome": "134700000", "sellingGeneralAndAdministrative": "103600000", "researchAndDevelopment": "None", "operatingExpenses": "121400000", "investmentIncomeNet": "None", "netInterestIncome": "-18400000", "interestIncome": "18400000", "interestExpense": "19000000", "nonInterestIncome": "None", "otherNonOperatingIncome": "1500000", "depreciation": "None", "depreciationAndAmortization": "46600000", "incomeBeforeTax": "125800000", "incomeTaxExpense": "28600000", "interestAndDebtExpense": "None", "netIncomeFromContinuingOperations": "97200000", "comprehensiveIncomeNetOfTax": "None", "ebit": "144800000", "ebitda": "191400000", "netIncome": "97200000"}, {"fiscalDateEnding": "2021-06-30", "reportedCurrency": "USD", "grossProfit": "269300000", "totalRevenue": "1269600000", "costOfRevenue": "1000300000", "costofGoodsAndServicesSold": "1000300000", "operatingIncome": "138700000", "sellingGeneralAndAdministrative": "112600000", "researchAndDevelopment": "None", "operatingExpenses": "130600000", "investmentIncomeNet": "None", "netInterestIncome": "-18700000", "interestIncome": "18700000", "interestExpense": "19500000", "nonInterestIncome": "None", "otherNonOperatingIncome": "29400000", "depreciation": "None", "depreciationAndAmortization": "48100000", "incomeBeforeTax": "153200000", "incomeTaxExpense": "40900000", "interestAndDebtExpense": "None", "netIncomeFromContinuingOperations": "112300000", "comprehensiveIncomeNetOfTax": "None", "ebit": "172700000", "ebitda": "220800000", "netIncome": "112200000"}, {"fiscalDateEnding": "2021-03-31", "reportedCurrency": "USD", "grossProfit": "247500000", "totalRevenue": "1150900000", "costOfRevenue": "903400000", "costofGoodsAndServicesSold": "903400000", "operatingIncome": "125400000", "sellingGeneralAndAdministrative": "106300000", "researchAndDevelopment": "None", "operatingExpenses": "122100000", "investmentIncomeNet": "None", "netInterestIncome": "-18400000", "interestIncome": "18400000", "interestExpense": "19300000", "nonInterestIncome": "None", "otherNonOperatingIncome": "900000", "depreciation": "None", "depreciationAndAmortization": "46100000", "incomeBeforeTax": "109300000", "incomeTaxExpense": "21800000", "interestAndDebtExpense": "None", "netIncomeFromContinuingOperations": "87500000", "comprehensiveIncomeNetOfTax": "None", "ebit": "128600000", "ebitda": "174700000", "netIncome": "87500000"}, {"fiscalDateEnding": "2020-12-31", "reportedCurrency": "USD", "grossProfit": "258600000", "totalRevenue": "1182000000", "costOfRevenue": "923400000", "costofGoodsAndServicesSold": "923400000", "operatingIncome": "138500000", "sellingGeneralAndAdministrative": "103800000", "researchAndDevelopment": "None", "operatingExpenses": "120100000", "investmentIncomeNet": "None", "netInterestIncome": "-18800000", "interestIncome": "18800000", "interestExpense": "19500000", "nonInterestIncome": "None", "otherNonOperatingIncome": "-1400000", "depreciation": "None", "depreciationAndAmortization": "48400000", "incomeBeforeTax": "130900000", "incomeTaxExpense": "27700000", "interestAndDebtExpense": "None", "netIncomeFromContinuingOperations": "103200000", "comprehensiveIncomeNetOfTax": "None", "ebit": "150400000", "ebitda": "198800000", "netIncome": "103200000"}, {"fiscalDateEnding": "2020-09-30", "reportedCurrency": "USD", "grossProfit": "269700000", "totalRevenue": "1207600000", "costOfRevenue": "937900000", "costofGoodsAndServicesSold": "937900000", "operatingIncome": "147900000", "sellingGeneralAndAdministrative": "105600000", "researchAndDevelopment": "None", "operatingExpenses": "121800000", "investmentIncomeNet": "None", "netInterestIncome": "-20400000", "interestIncome": "20400000", "interestExpense": "20900000", "nonInterestIncome": "None", "otherNonOperatingIncome": "2600000", "depreciation": "None", "depreciationAndAmortization": "47000000", "incomeBeforeTax": "129800000", "incomeTaxExpense": "22700000", "interestAndDebtExpense": "None", "netIncomeFromContinuingOperations": "104900000", "comprehensiveIncomeNetOfTax": "None", "ebit": "150700000", "ebitda": "197700000", "netIncome": "107000000"}, {"fiscalDateEnding": "2020-06-30", "reportedCurrency": "USD", "grossProfit": "146600000", "totalRevenue": "845100000", "costOfRevenue": "698500000", "costofGoodsAndServicesSold": "698500000", "operatingIncome": "33100000", "sellingGeneralAndAdministrative": "97200000", "researchAndDevelopment": "None", "operatingExpenses": "113500000", "investmentIncomeNet": "None", "netInterestIncome": "-20400000", "interestIncome": "1000000", "interestExpense": "21400000", "nonInterestIncome": "None", "otherNonOperatingIncome": "1000000", "depreciation": "None", "depreciationAndAmortization": "46500000", "incomeBeforeTax": "2300000", "incomeTaxExpense": "8400000", "interestAndDebtExpense": "None", "netIncomeFromContinuingOperations": "-6100000", "comprehensiveIncomeNetOfTax": "None", "ebit": "23700000", "ebitda": "70200000", "netIncome": "-6100000"}, {"fiscalDateEnding": "2020-03-31", "reportedCurrency": "USD", "grossProfit": "220700000", "totalRevenue": "1045500000", "costOfRevenue": "824800000", "costofGoodsAndServicesSold": "824800000", "operatingIncome": "86500000", "sellingGeneralAndAdministrative": "117800000", "researchAndDevelopment": "None", "operatingExpenses": "134200000", "investmentIncomeNet": "None", "netInterestIncome": "-20000000", "interestIncome": "900000", "interestExpense": "20900000", "nonInterestIncome": "None", "otherNonOperatingIncome": "900000", "depreciation": "None", "depreciationAndAmortization": "47500000", "incomeBeforeTax": "58600000", "incomeTaxExpense": "14500000", "interestAndDebtExpense": "None", "netIncomeFromContinuingOperations": "45700000", "comprehensiveIncomeNetOfTax": "None", "ebit": "79500000", "ebitda": "127000000", "netIncome": "44100000"}, {"fiscalDateEnding": "2019-12-31", "reportedCurrency": "USD", "grossProfit": "272400000", "totalRevenue": "1144900000", "costOfRevenue": "872500000", "costofGoodsAndServicesSold": "872500000", "operatingIncome": "138800000", "sellingGeneralAndAdministrative": "117600000", "researchAndDevelopment": "None", "operatingExpenses": "133600000", "investmentIncomeNet": "None", "netInterestIncome": "-20300000", "interestIncome": "1900000", "interestExpense": "22200000", "nonInterestIncome": "None", "otherNonOperatingIncome": "3900000", "depreciation": "None", "depreciationAndAmortization": "47200000", "incomeBeforeTax": "114800000", "incomeTaxExpense": "27900000", "interestAndDebtExpense": "None", "netIncomeFromContinuingOperations": "86900000", "comprehensiveIncomeNetOfTax": "None", "ebit": "137000000", "ebitda": "184200000", "netIncome": "86800000"}, {"fiscalDateEnding": "2019-09-30", "reportedCurrency": "USD", "grossProfit": "275500000", "totalRevenue": "1239300000", "costOfRevenue": "963800000", "costofGoodsAndServicesSold": "963800000", "operatingIncome": "144000000", "sellingGeneralAndAdministrative": "115200000", "researchAndDevelopment": "None", "operatingExpenses": "131500000", "investmentIncomeNet": "None", "netInterestIncome": "-21100000", "interestIncome": "1500000", "interestExpense": "22600000", "nonInterestIncome": "None", "otherNonOperatingIncome": "4500000", "depreciation": "None", "depreciationAndAmortization": "48400000", "incomeBeforeTax": "123000000", "incomeTaxExpense": "23400000", "interestAndDebtExpense": "None", "netIncomeFromContinuingOperations": "99600000", "comprehensiveIncomeNetOfTax": "None", "ebit": "145600000", "ebitda": "194000000", "netIncome": "99600000"}, {"fiscalDateEnding": "2019-06-30", "reportedCurrency": "USD", "grossProfit": "269700000", "totalRevenue": "1213200000", "costOfRevenue": "943500000", "costofGoodsAndServicesSold": "943500000", "operatingIncome": "134500000", "sellingGeneralAndAdministrative": "118300000", "researchAndDevelopment": "None", "operatingExpenses": "135200000", "investmentIncomeNet": "None", "netInterestIncome": "-21900000", "interestIncome": "2600000", "interestExpense": "24500000", "nonInterestIncome": "None", "otherNonOperatingIncome": "2600000", "depreciation": "None", "depreciationAndAmortization": "50000000", "incomeBeforeTax": "114100000", "incomeTaxExpense": "27800000", "interestAndDebtExpense": "None", "netIncomeFromContinuingOperations": "86300000", "comprehensiveIncomeNetOfTax": "None", "ebit": "138600000", "ebitda": "188600000", "netIncome": "86200000"}, {"fiscalDateEnding": "2019-03-31", "reportedCurrency": "USD", "grossProfit": "233000000", "totalRevenue": "1155100000", "costOfRevenue": "922100000", "costofGoodsAndServicesSold": "922100000", "operatingIncome": "100300000", "sellingGeneralAndAdministrative": "118600000", "researchAndDevelopment": "None", "operatingExpenses": "132700000", "investmentIncomeNet": "None", "netInterestIncome": "-20000000", "interestIncome": "20000000", "interestExpense": "21400000", "nonInterestIncome": "None", "otherNonOperatingIncome": "1400000", "depreciation": "None", "depreciationAndAmortization": "46300000", "incomeBeforeTax": "78200000", "incomeTaxExpense": "17100000", "interestAndDebtExpense": "None", "netIncomeFromContinuingOperations": "61100000", "comprehensiveIncomeNetOfTax": "None", "ebit": "99600000", "ebitda": "145900000", "netIncome": "61200000"}, {"fiscalDateEnding": "2018-12-31", "reportedCurrency": "USD", "grossProfit": "213200000", "totalRevenue": "1046700000", "costOfRevenue": "833500000", "costofGoodsAndServicesSold": "833500000", "operatingIncome": "96100000", "sellingGeneralAndAdministrative": "111900000", "researchAndDevelopment": "0", "operatingExpenses": "117100000", "investmentIncomeNet": "None", "netInterestIncome": "None", "interestIncome": "None", "interestExpense": "17400000", "nonInterestIncome": "None", "otherNonOperatingIncome": "3300000", "depreciation": "None", "depreciationAndAmortization": "35100000", "incomeBeforeTax": "68200000", "incomeTaxExpense": "15100000", "interestAndDebtExpense": "None", "netIncomeFromContinuingOperations": "53100000", "comprehensiveIncomeNetOfTax": "None", "ebit": "85600000", "ebitda": "120700000", "netIncome": "53000000"}, {"fiscalDateEnding": "2018-09-30", "reportedCurrency": "USD", "grossProfit": "227100000", "totalRevenue": "1091500000", "costOfRevenue": "864400000", "costofGoodsAndServicesSold": "864400000", "operatingIncome": "110100000", "sellingGeneralAndAdministrative": "100700000", "researchAndDevelopment": "0", "operatingExpenses": "105900000", "investmentIncomeNet": "None", "netInterestIncome": "None", "interestIncome": "None", "interestExpense": "13100000", "nonInterestIncome": "None", "otherNonOperatingIncome": "2000000", "depreciation": "None", "depreciationAndAmortization": "33800000", "incomeBeforeTax": "113300000", "incomeTaxExpense": "23300000", "interestAndDebtExpense": "None", "netIncomeFromContinuingOperations": "90000000", "comprehensiveIncomeNetOfTax": "None", "ebit": "126400000", "ebitda": "160200000", "netIncome": "90000000"}, {"fiscalDateEnding": "2018-06-30", "reportedCurrency": "USD", "grossProfit": "231000000", "totalRevenue": "1102500000", "costOfRevenue": "871500000", "costofGoodsAndServicesSold": "871500000", "operatingIncome": "104500000", "sellingGeneralAndAdministrative": "107800000", "researchAndDevelopment": "0", "operatingExpenses": "112900000", "investmentIncomeNet": "None", "netInterestIncome": "None", "interestIncome": "None", "interestExpense": "16000000", "nonInterestIncome": "None", "otherNonOperatingIncome": "2400000", "depreciation": "None", "depreciationAndAmortization": "33800000", "incomeBeforeTax": "107500000", "incomeTaxExpense": "22400000", "interestAndDebtExpense": "None", "netIncomeFromContinuingOperations": "85100000", "comprehensiveIncomeNetOfTax": "None", "ebit": "123500000", "ebitda": "157300000", "netIncome": "85000000"}, {"fiscalDateEnding": "2018-03-31", "reportedCurrency": "USD", "grossProfit": "217400000", "totalRevenue": "1028800000", "costOfRevenue": "811400000", "costofGoodsAndServicesSold": "811400000", "operatingIncome": "95700000", "sellingGeneralAndAdministrative": "104700000", "researchAndDevelopment": "0", "operatingExpenses": "109700000", "investmentIncomeNet": "None", "netInterestIncome": "None", "interestIncome": "None", "interestExpense": "14400000", "nonInterestIncome": "None", "otherNonOperatingIncome": "2600000", "depreciation": "None", "depreciationAndAmortization": "33400000", "incomeBeforeTax": "95400000", "incomeTaxExpense": "17500000", "interestAndDebtExpense": "None", "netIncomeFromContinuingOperations": "77900000", "comprehensiveIncomeNetOfTax": "None", "ebit": "109800000", "ebitda": "143200000", "netIncome": "77900000"}, {"fiscalDateEnding": "2017-12-31", "reportedCurrency": "USD", "grossProfit": "196000000", "totalRevenue": "984500000", "costOfRevenue": "788500000", "costofGoodsAndServicesSold": "788500000", "operatingIncome": "99300000", "sellingGeneralAndAdministrative": "96500000", "researchAndDevelopment": "25000000", "operatingExpenses": "101200000", "investmentIncomeNet": "None", "netInterestIncome": "None", "interestIncome": "None", "interestExpense": "12300000", "nonInterestIncome": "None", "otherNonOperatingIncome": "27100000", "depreciation": "None", "depreciationAndAmortization": "31500000", "incomeBeforeTax": "110600000", "incomeTaxExpense": "74200000", "interestAndDebtExpense": "None", "netIncomeFromContinuingOperations": "36400000", "comprehensiveIncomeNetOfTax": "None", "ebit": "121900000", "ebitda": "153400000", "netIncome": "36300000"}, {"fiscalDateEnding": "2017-09-30", "reportedCurrency": "USD", "grossProfit": "215800000", "totalRevenue": "1009700000", "costOfRevenue": "793900000", "costofGoodsAndServicesSold": "793900000", "operatingIncome": "113900000", "sellingGeneralAndAdministrative": "95700000", "researchAndDevelopment": "0", "operatingExpenses": "101900000", "investmentIncomeNet": "None", "netInterestIncome": "None", "interestIncome": "None", "interestExpense": "10200000", "nonInterestIncome": "None", "otherNonOperatingIncome": "600000", "depreciation": "None", "depreciationAndAmortization": "32200000", "incomeBeforeTax": "100700000", "incomeTaxExpense": "17200000", "interestAndDebtExpense": "None", "netIncomeFromContinuingOperations": "83500000", "comprehensiveIncomeNetOfTax": "None", "ebit": "110900000", "ebitda": "143100000", "netIncome": "82600000"}, {"fiscalDateEnding": "2017-06-30", "reportedCurrency": "USD", "grossProfit": "230100000", "totalRevenue": "989300000", "costOfRevenue": "759200000", "costofGoodsAndServicesSold": "759200000", "operatingIncome": "120400000", "sellingGeneralAndAdministrative": "105000000", "researchAndDevelopment": "0", "operatingExpenses": "109700000", "investmentIncomeNet": "None", "netInterestIncome": "None", "interestIncome": "None", "interestExpense": "10400000", "nonInterestIncome": "None", "otherNonOperatingIncome": "1900000", "depreciation": "None", "depreciationAndAmortization": "31900000", "incomeBeforeTax": "113400000", "incomeTaxExpense": "25800000", "interestAndDebtExpense": "None", "netIncomeFromContinuingOperations": "87600000", "comprehensiveIncomeNetOfTax": "None", "ebit": "123800000", "ebitda": "155700000", "netIncome": "87600000"}, {"fiscalDateEnding": "2017-03-31", "reportedCurrency": "USD", "grossProfit": "226000000", "totalRevenue": "960300000", "costOfRevenue": "734300000", "costofGoodsAndServicesSold": "734300000", "operatingIncome": "105900000", "sellingGeneralAndAdministrative": "106400000", "researchAndDevelopment": "0", "operatingExpenses": "111500000", "investmentIncomeNet": "None", "netInterestIncome": "None", "interestIncome": "None", "interestExpense": "10600000", "nonInterestIncome": "None", "otherNonOperatingIncome": "2200000", "depreciation": "None", "depreciationAndAmortization": "30300000", "incomeBeforeTax": "107300000", "incomeTaxExpense": "21200000", "interestAndDebtExpense": "None", "netIncomeFromContinuingOperations": "86100000", "comprehensiveIncomeNetOfTax": "None", "ebit": "117900000", "ebitda": "148200000", "netIncome": "86100000"}, {"fiscalDateEnding": "2016-12-31", "reportedCurrency": "USD", "grossProfit": "204200000", "totalRevenue": "903700000", "costOfRevenue": "699500000", "costofGoodsAndServicesSold": "699500000", "operatingIncome": "103500000", "sellingGeneralAndAdministrative": "98100000", "researchAndDevelopment": "25000000", "operatingExpenses": "102900000", "investmentIncomeNet": "None", "netInterestIncome": "None", "interestIncome": "None", "interestExpense": "9400000", "nonInterestIncome": "None", "otherNonOperatingIncome": "-17000000", "depreciation": "None", "depreciationAndAmortization": "29000000", "incomeBeforeTax": "110000000", "incomeTaxExpense": "27000000", "interestAndDebtExpense": "None", "netIncomeFromContinuingOperations": "83000000", "comprehensiveIncomeNetOfTax": "None", "ebit": "116900000", "ebitda": "145900000", "netIncome": "81600000"}, {"fiscalDateEnding": "2016-09-30", "reportedCurrency": "USD", "grossProfit": "227400000", "totalRevenue": "948900000", "costOfRevenue": "721500000", "costofGoodsAndServicesSold": "721500000", "operatingIncome": "128300000", "sellingGeneralAndAdministrative": "93900000", "researchAndDevelopment": "0", "operatingExpenses": "99100000", "investmentIncomeNet": "None", "netInterestIncome": "None", "interestIncome": "None", "interestExpense": "9900000", "nonInterestIncome": "None", "otherNonOperatingIncome": "800000", "depreciation": "None", "depreciationAndAmortization": "29200000", "incomeBeforeTax": "121200000", "incomeTaxExpense": "27600000", "interestAndDebtExpense": "None", "netIncomeFromContinuingOperations": "93600000", "comprehensiveIncomeNetOfTax": "None", "ebit": "131100000", "ebitda": "160300000", "netIncome": "93500000"}, {"fiscalDateEnding": "2016-06-30", "reportedCurrency": "USD", "grossProfit": "234000000", "totalRevenue": "958900000", "costOfRevenue": "724900000", "costofGoodsAndServicesSold": "724900000", "operatingIncome": "120200000", "sellingGeneralAndAdministrative": "99700000", "researchAndDevelopment": "0", "operatingExpenses": "104500000", "investmentIncomeNet": "None", "netInterestIncome": "None", "interestIncome": "None", "interestExpense": "9300000", "nonInterestIncome": "None", "otherNonOperatingIncome": "19300000", "depreciation": "None", "depreciationAndAmortization": "28900000", "incomeBeforeTax": "137200000", "incomeTaxExpense": "37700000", "interestAndDebtExpense": "None", "netIncomeFromContinuingOperations": "99500000", "comprehensiveIncomeNetOfTax": "None", "ebit": "147500000", "ebitda": "176400000", "netIncome": "121200000"}, {"fiscalDateEnding": "2016-03-31", "reportedCurrency": "USD", "grossProfit": "233600000", "totalRevenue": "938400000", "costOfRevenue": "704800000", "costofGoodsAndServicesSold": "704800000", "operatingIncome": "123400000", "sellingGeneralAndAdministrative": "105100000", "researchAndDevelopment": "0", "operatingExpenses": "110200000", "investmentIncomeNet": "None", "netInterestIncome": "None", "interestIncome": "None", "interestExpense": "8400000", "nonInterestIncome": "None", "otherNonOperatingIncome": "800000", "depreciation": "None", "depreciationAndAmortization": "28300000", "incomeBeforeTax": "118700000", "incomeTaxExpense": "27700000", "interestAndDebtExpense": "None", "netIncomeFromContinuingOperations": "91000000", "comprehensiveIncomeNetOfTax": "None", "ebit": "127900000", "ebitda": "156200000", "netIncome": "89500000"}, {"fiscalDateEnding": "2015-12-31", "reportedCurrency": "USD", "grossProfit": "233600000", "totalRevenue": "944600000", "costOfRevenue": "711000000", "costofGoodsAndServicesSold": "711000000", "operatingIncome": "112200000", "sellingGeneralAndAdministrative": "115900000", "researchAndDevelopment": "25000000", "operatingExpenses": "121100000", "investmentIncomeNet": "None", "netInterestIncome": "None", "interestIncome": "None", "interestExpense": "7600000", "nonInterestIncome": "None", "otherNonOperatingIncome": "1000000", "depreciation": "None", "depreciationAndAmortization": "28200000", "incomeBeforeTax": "106500000", "incomeTaxExpense": "24700000", "interestAndDebtExpense": "None", "netIncomeFromContinuingOperations": "81800000", "comprehensiveIncomeNetOfTax": "None", "ebit": "115100000", "ebitda": "143300000", "netIncome": "80500000"}, {"fiscalDateEnding": "2015-09-30", "reportedCurrency": "USD", "grossProfit": "241100000", "totalRevenue": "1009100000", "costOfRevenue": "768000000", "costofGoodsAndServicesSold": "768000000", "operatingIncome": "139000000", "sellingGeneralAndAdministrative": "96900000", "researchAndDevelopment": "0", "operatingExpenses": "102100000", "investmentIncomeNet": "None", "netInterestIncome": "None", "interestIncome": "None", "interestExpense": "9200000", "nonInterestIncome": "None", "otherNonOperatingIncome": "1100000", "depreciation": "None", "depreciationAndAmortization": "28500000", "incomeBeforeTax": "132300000", "incomeTaxExpense": "36100000", "interestAndDebtExpense": "None", "netIncomeFromContinuingOperations": "96200000", "comprehensiveIncomeNetOfTax": "None", "ebit": "142600000", "ebitda": "171100000", "netIncome": "95200000"}, {"fiscalDateEnding": "2015-06-30", "reportedCurrency": "USD", "grossProfit": "230700000", "totalRevenue": "997300000", "costOfRevenue": "766600000", "costofGoodsAndServicesSold": "766600000", "operatingIncome": "118900000", "sellingGeneralAndAdministrative": "106600000", "researchAndDevelopment": "0", "operatingExpenses": "111800000", "investmentIncomeNet": "None", "netInterestIncome": "None", "interestIncome": "None", "interestExpense": "10200000", "nonInterestIncome": "None", "otherNonOperatingIncome": "1000000", "depreciation": "None", "depreciationAndAmortization": "26900000", "incomeBeforeTax": "109000000", "incomeTaxExpense": "32300000", "interestAndDebtExpense": "None", "netIncomeFromContinuingOperations": "76700000", "comprehensiveIncomeNetOfTax": "None", "ebit": "120200000", "ebitda": "147100000", "netIncome": "77700000"}, {"fiscalDateEnding": "2015-03-31", "reportedCurrency": "USD", "grossProfit": "217800000", "totalRevenue": "966200000", "costOfRevenue": "748400000", "costofGoodsAndServicesSold": "748400000", "operatingIncome": "115100000", "sellingGeneralAndAdministrative": "97500000", "researchAndDevelopment": "0", "operatingExpenses": "102700000", "investmentIncomeNet": "None", "netInterestIncome": "None", "interestIncome": "None", "interestExpense": "9700000", "nonInterestIncome": "None", "otherNonOperatingIncome": "1300000", "depreciation": "None", "depreciationAndAmortization": "29600000", "incomeBeforeTax": "102000000", "incomeTaxExpense": "28700000", "interestAndDebtExpense": "None", "netIncomeFromContinuingOperations": "73300000", "comprehensiveIncomeNetOfTax": "None", "ebit": "113000000", "ebitda": "142600000", "netIncome": "71700000"}, {"fiscalDateEnding": "2014-12-31", "reportedCurrency": "USD", "grossProfit": "203800000", "totalRevenue": "953300000", "costOfRevenue": "749500000", "costofGoodsAndServicesSold": "749500000", "operatingIncome": "67800000", "sellingGeneralAndAdministrative": "132000000", "researchAndDevelopment": "26000000", "operatingExpenses": "137200000", "investmentIncomeNet": "None", "netInterestIncome": "None", "interestIncome": "None", "interestExpense": "9100000", "nonInterestIncome": "None", "otherNonOperatingIncome": "1500000", "depreciation": "None", "depreciationAndAmortization": "30300000", "incomeBeforeTax": "59000000", "incomeTaxExpense": "12800000", "interestAndDebtExpense": "None", "netIncomeFromContinuingOperations": "141200000", "comprehensiveIncomeNetOfTax": "None", "ebit": "69600000", "ebitda": "99900000", "netIncome": "20600000"}, {"fiscalDateEnding": "2014-09-30", "reportedCurrency": "USD", "grossProfit": "209100000", "totalRevenue": "997400000", "costOfRevenue": "788300000", "costofGoodsAndServicesSold": "788300000", "operatingIncome": "63900000", "sellingGeneralAndAdministrative": "131400000", "researchAndDevelopment": "0", "operatingExpenses": "136300000", "investmentIncomeNet": "None", "netInterestIncome": "None", "interestIncome": "None", "interestExpense": "8900000", "nonInterestIncome": "None", "otherNonOperatingIncome": "1500000", "depreciation": "None", "depreciationAndAmortization": "29200000", "incomeBeforeTax": "66500000", "incomeTaxExpense": "13100000", "interestAndDebtExpense": "None", "netIncomeFromContinuingOperations": "53400000", "comprehensiveIncomeNetOfTax": "None", "ebit": "76900000", "ebitda": "106100000", "netIncome": "48200000"}, {"fiscalDateEnding": "2014-06-30", "reportedCurrency": "USD", "grossProfit": "205200000", "totalRevenue": "1001600000", "costOfRevenue": "796400000", "costofGoodsAndServicesSold": "796400000", "operatingIncome": "100400000", "sellingGeneralAndAdministrative": "99800000", "researchAndDevelopment": "0", "operatingExpenses": "104800000", "investmentIncomeNet": "None", "netInterestIncome": "None", "interestIncome": "None", "interestExpense": "9000000", "nonInterestIncome": "None", "otherNonOperatingIncome": "1400000", "depreciation": "None", "depreciationAndAmortization": "29500000", "incomeBeforeTax": "-15900000", "incomeTaxExpense": "7200000", "interestAndDebtExpense": "None", "netIncomeFromContinuingOperations": "-23100000", "comprehensiveIncomeNetOfTax": "None", "ebit": "103600000", "ebitda": "133100000", "netIncome": "-23900000"}, {"fiscalDateEnding": "2014-03-31", "reportedCurrency": "USD", "grossProfit": "180000000", "totalRevenue": "919100000", "costOfRevenue": "739100000", "costofGoodsAndServicesSold": "739100000", "operatingIncome": "76600000", "sellingGeneralAndAdministrative": "98500000", "researchAndDevelopment": "0", "operatingExpenses": "103400000", "investmentIncomeNet": "None", "netInterestIncome": "None", "interestIncome": "None", "interestExpense": "9000000", "nonInterestIncome": "None", "otherNonOperatingIncome": "1400000", "depreciation": "None", "depreciationAndAmortization": "28900000", "incomeBeforeTax": "73500000", "incomeTaxExpense": "19800000", "interestAndDebtExpense": "None", "netIncomeFromContinuingOperations": "53700000", "comprehensiveIncomeNetOfTax": "None", "ebit": "87200000", "ebitda": "116100000", "netIncome": "53100000"}, {"fiscalDateEnding": "2013-12-31", "reportedCurrency": "USD", "grossProfit": "166200000", "totalRevenue": "896800000", "costOfRevenue": "730600000", "costofGoodsAndServicesSold": "730600000", "operatingIncome": "61900000", "sellingGeneralAndAdministrative": "96700000", "researchAndDevelopment": "24000000", "operatingExpenses": "106200000", "investmentIncomeNet": "None", "netInterestIncome": "None", "interestIncome": "None", "interestExpense": "8900000", "nonInterestIncome": "None", "otherNonOperatingIncome": "1500000", "depreciation": "None", "depreciationAndAmortization": "34300000", "incomeBeforeTax": "-8200000", "incomeTaxExpense": "-14900000", "interestAndDebtExpense": "None", "netIncomeFromContinuingOperations": "6600000", "comprehensiveIncomeNetOfTax": "None", "ebit": "2200000", "ebitda": "36500000", "netIncome": "5600000"}, {"fiscalDateEnding": "2013-09-30", "reportedCurrency": "USD", "grossProfit": "193000000", "totalRevenue": "957700000", "costOfRevenue": "764700000", "costofGoodsAndServicesSold": "764700000", "operatingIncome": "86600000", "sellingGeneralAndAdministrative": "92100000", "researchAndDevelopment": "0", "operatingExpenses": "97500000", "investmentIncomeNet": "None", "netInterestIncome": "None", "interestIncome": "None", "interestExpense": "8900000", "nonInterestIncome": "None", "otherNonOperatingIncome": "1700000", "depreciation": "None", "depreciationAndAmortization": "29200000", "incomeBeforeTax": "97300000", "incomeTaxExpense": "25700000", "interestAndDebtExpense": "None", "netIncomeFromContinuingOperations": "71600000", "comprehensiveIncomeNetOfTax": "None", "ebit": "101100000", "ebitda": "130300000", "netIncome": "71300000"}, {"fiscalDateEnding": "2013-06-30", "reportedCurrency": "USD", "grossProfit": "199100000", "totalRevenue": "958800000", "costOfRevenue": "759700000", "costofGoodsAndServicesSold": "759700000", "operatingIncome": "94900000", "sellingGeneralAndAdministrative": "98800000", "researchAndDevelopment": "0", "operatingExpenses": "104200000", "investmentIncomeNet": "None", "netInterestIncome": "None", "interestIncome": "None", "interestExpense": "9100000", "nonInterestIncome": "None", "otherNonOperatingIncome": "1800000", "depreciation": "None", "depreciationAndAmortization": "29800000", "incomeBeforeTax": "89400000", "incomeTaxExpense": "24300000", "interestAndDebtExpense": "None", "netIncomeFromContinuingOperations": "65100000", "comprehensiveIncomeNetOfTax": "None", "ebit": "100300000", "ebitda": "130100000", "netIncome": "71300000"}, {"fiscalDateEnding": "2013-03-31", "reportedCurrency": "USD", "grossProfit": "189400000", "totalRevenue": "936000000", "costOfRevenue": "746600000", "costofGoodsAndServicesSold": "746600000", "operatingIncome": "76000000", "sellingGeneralAndAdministrative": "107700000", "researchAndDevelopment": "0", "operatingExpenses": "113400000", "investmentIncomeNet": "None", "netInterestIncome": "None", "interestIncome": "None", "interestExpense": "10100000", "nonInterestIncome": "None", "otherNonOperatingIncome": "2700000", "depreciation": "None", "depreciationAndAmortization": "28000000", "incomeBeforeTax": "69500000", "incomeTaxExpense": "20000000", "interestAndDebtExpense": "None", "netIncomeFromContinuingOperations": "49500000", "comprehensiveIncomeNetOfTax": "None", "ebit": "83400000", "ebitda": "111400000", "netIncome": "49100000"}, {"fiscalDateEnding": "2012-12-31", "reportedCurrency": "USD", "grossProfit": "177000000", "totalRevenue": "853000000", "costOfRevenue": "676000000", "costofGoodsAndServicesSold": "676000000", "operatingIncome": "75100000", "sellingGeneralAndAdministrative": "95300000", "researchAndDevelopment": "22000000", "operatingExpenses": "101900000", "investmentIncomeNet": "None", "netInterestIncome": "None", "interestIncome": "None", "interestExpense": "11400000", "nonInterestIncome": "None", "otherNonOperatingIncome": "1600000", "depreciation": "None", "depreciationAndAmortization": "28400000", "incomeBeforeTax": "64200000", "incomeTaxExpense": "-9800000", "interestAndDebtExpense": "None", "netIncomeFromContinuingOperations": "74000000", "comprehensiveIncomeNetOfTax": "None", "ebit": "77200000", "ebitda": "105600000", "netIncome": "73500000"}, {"fiscalDateEnding": "2012-09-30", "reportedCurrency": "USD", "grossProfit": "205500000", "totalRevenue": "982200000", "costOfRevenue": "776700000", "costofGoodsAndServicesSold": "776700000", "operatingIncome": "104300000", "sellingGeneralAndAdministrative": "94700000", "researchAndDevelopment": "0", "operatingExpenses": "101200000", "investmentIncomeNet": "None", "netInterestIncome": "None", "interestIncome": "None", "interestExpense": "9700000", "nonInterestIncome": "None", "otherNonOperatingIncome": "1600000", "depreciation": "None", "depreciationAndAmortization": "30000000", "incomeBeforeTax": "95200000", "incomeTaxExpense": "28600000", "interestAndDebtExpense": "None", "netIncomeFromContinuingOperations": "66600000", "comprehensiveIncomeNetOfTax": "None", "ebit": "108000000", "ebitda": "138000000", "netIncome": "65800000"}, {"fiscalDateEnding": "2012-06-30", "reportedCurrency": "USD", "grossProfit": "187200000", "totalRevenue": "938800000", "costOfRevenue": "751600000", "costofGoodsAndServicesSold": "751600000", "operatingIncome": "88300000", "sellingGeneralAndAdministrative": "92500000", "researchAndDevelopment": "0", "operatingExpenses": "101000000", "investmentIncomeNet": "None", "netInterestIncome": "None", "interestIncome": "None", "interestExpense": "8000000", "nonInterestIncome": "None", "otherNonOperatingIncome": "1600000", "depreciation": "None", "depreciationAndAmortization": "6400000", "incomeBeforeTax": "78200000", "incomeTaxExpense": "15200000", "interestAndDebtExpense": "None", "netIncomeFromContinuingOperations": "63000000", "comprehensiveIncomeNetOfTax": "None", "ebit": "110700000", "ebitda": "117100000", "netIncome": "64900000"}, {"fiscalDateEnding": "2012-03-31", "reportedCurrency": "USD", "grossProfit": "178300000", "totalRevenue": "946800000", "costOfRevenue": "768500000", "costofGoodsAndServicesSold": "768500000", "operatingIncome": "74600000", "sellingGeneralAndAdministrative": "97900000", "researchAndDevelopment": "0", "operatingExpenses": "103700000", "investmentIncomeNet": "None", "netInterestIncome": "None", "interestIncome": "None", "interestExpense": "7800000", "nonInterestIncome": "None", "otherNonOperatingIncome": "1700000", "depreciation": "None", "depreciationAndAmortization": "6200000", "incomeBeforeTax": "66800000", "incomeTaxExpense": "22300000", "interestAndDebtExpense": "None", "netIncomeFromContinuingOperations": "44500000", "comprehensiveIncomeNetOfTax": "None", "ebit": "74600000", "ebitda": "80800000", "netIncome": "44000000"}, {"fiscalDateEnding": "2011-12-31", "reportedCurrency": "USD", "grossProfit": "143000000", "totalRevenue": "854100000", "costOfRevenue": "711100000", "costofGoodsAndServicesSold": "711100000", "operatingIncome": "12900000", "sellingGeneralAndAdministrative": "94300000", "researchAndDevelopment": "0", "operatingExpenses": "130100000", "investmentIncomeNet": "None", "netInterestIncome": "None", "interestIncome": "None", "interestExpense": "9800000", "nonInterestIncome": "None", "otherNonOperatingIncome": "1500000", "depreciation": "None", "depreciationAndAmortization": "28700000", "incomeBeforeTax": "4600000", "incomeTaxExpense": "-4700000", "interestAndDebtExpense": "None", "netIncomeFromContinuingOperations": "9300000", "comprehensiveIncomeNetOfTax": "None", "ebit": "14400000", "ebitda": "43100000", "netIncome": "8700000"}, {"fiscalDateEnding": "2011-09-30", "reportedCurrency": "USD", "grossProfit": "170400000", "totalRevenue": "940900000", "costOfRevenue": "770500000", "costofGoodsAndServicesSold": "770500000", "operatingIncome": "71600000", "sellingGeneralAndAdministrative": "93900000", "researchAndDevelopment": "0", "operatingExpenses": "98800000", "investmentIncomeNet": "None", "netInterestIncome": "None", "interestIncome": "None", "interestExpense": "9600000", "nonInterestIncome": "None", "otherNonOperatingIncome": "1400000", "depreciation": "None", "depreciationAndAmortization": "27900000", "incomeBeforeTax": "63400000", "incomeTaxExpense": "18100000", "interestAndDebtExpense": "None", "netIncomeFromContinuingOperations": "45300000", "comprehensiveIncomeNetOfTax": "None", "ebit": "73000000", "ebitda": "100900000", "netIncome": "44900000"}, {"fiscalDateEnding": "2011-06-30", "reportedCurrency": "USD", "grossProfit": "181900000", "totalRevenue": "945200000", "costOfRevenue": "763300000", "costofGoodsAndServicesSold": "763300000", "operatingIncome": "79100000", "sellingGeneralAndAdministrative": "98100000", "researchAndDevelopment": "0", "operatingExpenses": "102800000", "investmentIncomeNet": "None", "netInterestIncome": "None", "interestIncome": "None", "interestExpense": "9400000", "nonInterestIncome": "None", "otherNonOperatingIncome": "2300000", "depreciation": "None", "depreciationAndAmortization": "28400000", "incomeBeforeTax": "72000000", "incomeTaxExpense": "16500000", "interestAndDebtExpense": "None", "netIncomeFromContinuingOperations": "55500000", "comprehensiveIncomeNetOfTax": "None", "ebit": "83200000", "ebitda": "111600000", "netIncome": "54700000"}, {"fiscalDateEnding": "2011-03-31", "reportedCurrency": "USD", "grossProfit": "170000000", "totalRevenue": "895800000", "costOfRevenue": "725800000", "costofGoodsAndServicesSold": "725800000", "operatingIncome": "74200000", "sellingGeneralAndAdministrative": "95800000", "researchAndDevelopment": "0", "operatingExpenses": "170000000", "investmentIncomeNet": "None", "netInterestIncome": "None", "interestIncome": "None", "interestExpense": "9500000", "nonInterestIncome": "None", "otherNonOperatingIncome": "1500000", "depreciation": "None", "depreciationAndAmortization": "30100000", "incomeBeforeTax": "66200000", "incomeTaxExpense": "19900000", "interestAndDebtExpense": "None", "netIncomeFromContinuingOperations": "46300000", "comprehensiveIncomeNetOfTax": "None", "ebit": "75700000", "ebitda": "105800000", "netIncome": "45000000"}, {"fiscalDateEnding": "2010-12-31", "reportedCurrency": "USD", "grossProfit": "141500000", "totalRevenue": "801900000", "costOfRevenue": "660400000", "costofGoodsAndServicesSold": "660400000", "operatingIncome": "58500000", "sellingGeneralAndAdministrative": "85600000", "researchAndDevelopment": "0", "operatingExpenses": "83000000", "investmentIncomeNet": "None", "netInterestIncome": "None", "interestIncome": "None", "interestExpense": "9900000", "nonInterestIncome": "None", "otherNonOperatingIncome": "None", "depreciation": "None", "depreciationAndAmortization": "31600000", "incomeBeforeTax": "41400000", "incomeTaxExpense": "8800000", "interestAndDebtExpense": "None", "netIncomeFromContinuingOperations": "0", "comprehensiveIncomeNetOfTax": "None", "ebit": "51300000", "ebitda": "82900000", "netIncome": "31400000"}, {"fiscalDateEnding": "2010-09-30", "reportedCurrency": "USD", "grossProfit": "168700000", "totalRevenue": "866500000", "costOfRevenue": "697800000", "costofGoodsAndServicesSold": "697800000", "operatingIncome": "75600000", "sellingGeneralAndAdministrative": "87600000", "researchAndDevelopment": "0", "operatingExpenses": "93100000", "investmentIncomeNet": "None", "netInterestIncome": "None", "interestIncome": "None", "interestExpense": "9300000", "nonInterestIncome": "None", "otherNonOperatingIncome": "1700000", "depreciation": "None", "depreciationAndAmortization": "30000000", "incomeBeforeTax": "68000000", "incomeTaxExpense": "18100000", "interestAndDebtExpense": "None", "netIncomeFromContinuingOperations": "49900000", "comprehensiveIncomeNetOfTax": "None", "ebit": "77300000", "ebitda": "107300000", "netIncome": "47400000"}, {"fiscalDateEnding": "2010-06-30", "reportedCurrency": "USD", "grossProfit": "179700000", "totalRevenue": "874300000", "costOfRevenue": "694600000", "costofGoodsAndServicesSold": "694600000", "operatingIncome": "85100000", "sellingGeneralAndAdministrative": "88800000", "researchAndDevelopment": "0", "operatingExpenses": "94600000", "investmentIncomeNet": "None", "netInterestIncome": "None", "interestIncome": "None", "interestExpense": "9200000", "nonInterestIncome": "None", "otherNonOperatingIncome": "1200000", "depreciation": "None", "depreciationAndAmortization": "29300000", "incomeBeforeTax": "77100000", "incomeTaxExpense": "23500000", "interestAndDebtExpense": "None", "netIncomeFromContinuingOperations": "53600000", "comprehensiveIncomeNetOfTax": "None", "ebit": "86300000", "ebitda": "115600000", "netIncome": "52700000"}, {"fiscalDateEnding": "2010-03-31", "reportedCurrency": "USD", "grossProfit": "165500000", "totalRevenue": "816400000", "costOfRevenue": "650900000", "costofGoodsAndServicesSold": "650900000", "operatingIncome": "77200000", "sellingGeneralAndAdministrative": "92300000", "researchAndDevelopment": "0", "operatingExpenses": "165500000", "investmentIncomeNet": "None", "netInterestIncome": "None", "interestIncome": "None", "interestExpense": "9300000", "nonInterestIncome": "None", "otherNonOperatingIncome": "None", "depreciation": "None", "depreciationAndAmortization": "31900000", "incomeBeforeTax": "69000000", "incomeTaxExpense": "21500000", "interestAndDebtExpense": "None", "netIncomeFromContinuingOperations": "0", "comprehensiveIncomeNetOfTax": "None", "ebit": "78300000", "ebitda": "110200000", "netIncome": "45100000"}, {"fiscalDateEnding": "2009-12-31", "reportedCurrency": "USD", "grossProfit": "170200000", "totalRevenue": "769700000", "costOfRevenue": "599500000", "costofGoodsAndServicesSold": "599500000", "operatingIncome": "98400000", "sellingGeneralAndAdministrative": "87300000", "researchAndDevelopment": "0", "operatingExpenses": "71800000", "investmentIncomeNet": "None", "netInterestIncome": "None", "interestIncome": "None", "interestExpense": "9600000", "nonInterestIncome": "None", "otherNonOperatingIncome": "None", "depreciation": "None", "depreciationAndAmortization": "33000000", "incomeBeforeTax": "68700000", "incomeTaxExpense": "26200000", "interestAndDebtExpense": "None", "netIncomeFromContinuingOperations": "0", "comprehensiveIncomeNetOfTax": "None", "ebit": "78300000", "ebitda": "111300000", "netIncome": "35200000"}, {"fiscalDateEnding": "2009-09-30", "reportedCurrency": "USD", "grossProfit": "187300000", "totalRevenue": "809900000", "costOfRevenue": "622600000", "costofGoodsAndServicesSold": "622600000", "operatingIncome": "95000000", "sellingGeneralAndAdministrative": "84800000", "researchAndDevelopment": "0", "operatingExpenses": "92300000", "investmentIncomeNet": "None", "netInterestIncome": "None", "interestIncome": "None", "interestExpense": "9300000", "nonInterestIncome": "None", "otherNonOperatingIncome": "None", "depreciation": "None", "depreciationAndAmortization": "32500000", "incomeBeforeTax": "87000000", "incomeTaxExpense": "30800000", "interestAndDebtExpense": "None", "netIncomeFromContinuingOperations": "0", "comprehensiveIncomeNetOfTax": "None", "ebit": "96300000", "ebitda": "128800000", "netIncome": "54300000"}, {"fiscalDateEnding": "2009-06-30", "reportedCurrency": "USD", "grossProfit": "147200000", "totalRevenue": "757400000", "costOfRevenue": "610200000", "costofGoodsAndServicesSold": "610200000", "operatingIncome": "40800000", "sellingGeneralAndAdministrative": "89000000", "researchAndDevelopment": "0", "operatingExpenses": "106400000", "investmentIncomeNet": "None", "netInterestIncome": "None", "interestIncome": "None", "interestExpense": "9100000", "nonInterestIncome": "None", "otherNonOperatingIncome": "None", "depreciation": "None", "depreciationAndAmortization": "33400000", "incomeBeforeTax": "32700000", "incomeTaxExpense": "13600000", "interestAndDebtExpense": "None", "netIncomeFromContinuingOperations": "0", "comprehensiveIncomeNetOfTax": "None", "ebit": "41800000", "ebitda": "75200000", "netIncome": "19000000"}, {"fiscalDateEnding": "2009-03-31", "reportedCurrency": "USD", "grossProfit": "125000000", "totalRevenue": "718100000", "costOfRevenue": "593100000", "costofGoodsAndServicesSold": "593100000", "operatingIncome": "17900000", "sellingGeneralAndAdministrative": "101900000", "researchAndDevelopment": "0", "operatingExpenses": "107100000", "investmentIncomeNet": "None", "netInterestIncome": "None", "interestIncome": "None", "interestExpense": "9400000", "nonInterestIncome": "None", "otherNonOperatingIncome": "None", "depreciation": "None", "depreciationAndAmortization": "31400000", "incomeBeforeTax": "10000000", "incomeTaxExpense": "6700000", "interestAndDebtExpense": "None", "netIncomeFromContinuingOperations": "0", "comprehensiveIncomeNetOfTax": "None", "ebit": "19400000", "ebitda": "50800000", "netIncome": "3300000"}, {"fiscalDateEnding": "2008-12-31", "reportedCurrency": "USD", "grossProfit": "110600000", "totalRevenue": "882500000", "costOfRevenue": "771900000", "costofGoodsAndServicesSold": "771900000", "operatingIncome": "13800000", "sellingGeneralAndAdministrative": "106200000", "researchAndDevelopment": "0", "operatingExpenses": "96800000", "investmentIncomeNet": "None", "netInterestIncome": "None", "interestIncome": "None", "interestExpense": "48400000", "nonInterestIncome": "None", "otherNonOperatingIncome": "None", "depreciation": "None", "depreciationAndAmortization": "34800000", "incomeBeforeTax": "-25300000", "incomeTaxExpense": "-17100000", "interestAndDebtExpense": "None", "netIncomeFromContinuingOperations": "0", "comprehensiveIncomeNetOfTax": "None", "ebit": "-8700000", "ebitda": "26100000", "netIncome": "-18000000"}, {"fiscalDateEnding": "2008-09-30", "reportedCurrency": "USD", "grossProfit": "207100000", "totalRevenue": "1132200000", "costOfRevenue": "925100000", "costofGoodsAndServicesSold": "925100000", "operatingIncome": "95400000", "sellingGeneralAndAdministrative": "105500000", "researchAndDevelopment": "0", "operatingExpenses": "111700000", "investmentIncomeNet": "None", "netInterestIncome": "None", "interestIncome": "None", "interestExpense": "11900000", "nonInterestIncome": "None", "otherNonOperatingIncome": "None", "depreciation": "None", "depreciationAndAmortization": "34400000", "incomeBeforeTax": "85500000", "incomeTaxExpense": "37100000", "interestAndDebtExpense": "None", "netIncomeFromContinuingOperations": "0", "comprehensiveIncomeNetOfTax": "None", "ebit": "98500000", "ebitda": "132900000", "netIncome": "32700000"}, {"fiscalDateEnding": "2008-06-30", "reportedCurrency": "USD", "grossProfit": "196400000", "totalRevenue": "1063100000", "costOfRevenue": "866700000", "costofGoodsAndServicesSold": "866700000", "operatingIncome": "82500000", "sellingGeneralAndAdministrative": "107600000", "researchAndDevelopment": "0", "operatingExpenses": "113900000", "investmentIncomeNet": "None", "netInterestIncome": "None", "interestIncome": "None", "interestExpense": "13100000", "nonInterestIncome": "None", "otherNonOperatingIncome": "None", "depreciation": "None", "depreciationAndAmortization": "36200000", "incomeBeforeTax": "69700000", "incomeTaxExpense": "26200000", "interestAndDebtExpense": "None", "netIncomeFromContinuingOperations": "0", "comprehensiveIncomeNetOfTax": "None", "ebit": "84500000", "ebitda": "120700000", "netIncome": "46300000"}, {"fiscalDateEnding": "2008-03-31", "reportedCurrency": "USD", "grossProfit": "177100000", "totalRevenue": "998300000", "costOfRevenue": "821200000", "costofGoodsAndServicesSold": "821200000", "operatingIncome": "67200000", "sellingGeneralAndAdministrative": "103900000", "researchAndDevelopment": "0", "operatingExpenses": "109900000", "investmentIncomeNet": "None", "netInterestIncome": "None", "interestIncome": "None", "interestExpense": "13300000", "nonInterestIncome": "None", "otherNonOperatingIncome": "None", "depreciation": "None", "depreciationAndAmortization": "35000000", "incomeBeforeTax": "58100000", "incomeTaxExpense": "18900000", "interestAndDebtExpense": "None", "netIncomeFromContinuingOperations": "0", "comprehensiveIncomeNetOfTax": "None", "ebit": "72600000", "ebitda": "107600000", "netIncome": "43400000"}, {"fiscalDateEnding": "2007-12-31", "reportedCurrency": "USD", "grossProfit": "93700000", "totalRevenue": "369900000", "costOfRevenue": "276200000", "costofGoodsAndServicesSold": "276200000", "operatingIncome": "13200000", "sellingGeneralAndAdministrative": "57200000", "researchAndDevelopment": "0", "operatingExpenses": "80500000", "investmentIncomeNet": "None", "netInterestIncome": "None", "interestIncome": "None", "interestExpense": "58600000", "nonInterestIncome": "None", "otherNonOperatingIncome": "None", "depreciation": "None", "depreciationAndAmortization": "48300000", "incomeBeforeTax": "-135000000", "incomeTaxExpense": "2300000", "interestAndDebtExpense": "None", "netIncomeFromContinuingOperations": "0", "comprehensiveIncomeNetOfTax": "None", "ebit": "13200000", "ebitda": "61500000", "netIncome": "-212600000"}, {"fiscalDateEnding": "2007-09-30", "reportedCurrency": "USD", "grossProfit": "240800000", "totalRevenue": "1326100000", "costOfRevenue": "1085300000", "costofGoodsAndServicesSold": "1085300000", "operatingIncome": "113800000", "sellingGeneralAndAdministrative": "127000000", "researchAndDevelopment": "0", "operatingExpenses": "127000000", "investmentIncomeNet": "None", "netInterestIncome": "None", "interestIncome": "None", "interestExpense": "15800000", "nonInterestIncome": "None", "otherNonOperatingIncome": "None", "depreciation": "None", "depreciationAndAmortization": "44900000", "incomeBeforeTax": "94800000", "incomeTaxExpense": "29100000", "interestAndDebtExpense": "None", "netIncomeFromContinuingOperations": "0", "comprehensiveIncomeNetOfTax": "None", "ebit": "104400000", "ebitda": "149300000", "netIncome": "65700000"}, {"fiscalDateEnding": "2007-06-30", "reportedCurrency": "USD", "grossProfit": "235100000", "totalRevenue": "1316100000", "costOfRevenue": "1081000000", "costofGoodsAndServicesSold": "1081000000", "operatingIncome": "100800000", "sellingGeneralAndAdministrative": "134300000", "researchAndDevelopment": "0", "operatingExpenses": "134300000", "investmentIncomeNet": "None", "netInterestIncome": "None", "interestIncome": "None", "interestExpense": "14200000", "nonInterestIncome": "None", "otherNonOperatingIncome": "None", "depreciation": "None", "depreciationAndAmortization": "46700000", "incomeBeforeTax": "79600000", "incomeTaxExpense": "19600000", "interestAndDebtExpense": "None", "netIncomeFromContinuingOperations": "0", "comprehensiveIncomeNetOfTax": "None", "ebit": "87200000", "ebitda": "133900000", "netIncome": "60000000"}, {"fiscalDateEnding": "2007-03-31", "reportedCurrency": "USD", "grossProfit": "229000000", "totalRevenue": "1294300000", "costOfRevenue": "1065300000", "costofGoodsAndServicesSold": "1065300000", "operatingIncome": "106900000", "sellingGeneralAndAdministrative": "122100000", "researchAndDevelopment": "0", "operatingExpenses": "122100000", "investmentIncomeNet": "None", "netInterestIncome": "None", "interestIncome": "None", "interestExpense": "14100000", "nonInterestIncome": "None", "otherNonOperatingIncome": "None", "depreciation": "None", "depreciationAndAmortization": "43500000", "incomeBeforeTax": "89000000", "incomeTaxExpense": "26400000", "interestAndDebtExpense": "None", "netIncomeFromContinuingOperations": "0", "comprehensiveIncomeNetOfTax": "None", "ebit": "91200000", "ebitda": "134700000", "netIncome": "75700000"}, {"fiscalDateEnding": "2006-12-31", "reportedCurrency": "USD", "grossProfit": "243300000", "totalRevenue": "1310500000", "costOfRevenue": "1067200000", "costofGoodsAndServicesSold": "1067200000", "operatingIncome": "105200000", "sellingGeneralAndAdministrative": "119300000", "researchAndDevelopment": "0", "operatingExpenses": "138100000", "investmentIncomeNet": "None", "netInterestIncome": "None", "interestIncome": "None", "interestExpense": "56200000", "nonInterestIncome": "None", "otherNonOperatingIncome": "None", "depreciation": "None", "depreciationAndAmortization": "43500000", "incomeBeforeTax": "105800000", "incomeTaxExpense": "35800000", "interestAndDebtExpense": "None", "netIncomeFromContinuingOperations": "0", "comprehensiveIncomeNetOfTax": "None", "ebit": "105200000", "ebitda": "148700000", "netIncome": "70000000"}, {"fiscalDateEnding": "2006-09-30", "reportedCurrency": "USD", "grossProfit": "258600000", "totalRevenue": "1414600000", "costOfRevenue": "1156000000", "costofGoodsAndServicesSold": "1156000000", "operatingIncome": "138000000", "sellingGeneralAndAdministrative": "120600000", "researchAndDevelopment": "0", "operatingExpenses": "120600000", "investmentIncomeNet": "None", "netInterestIncome": "None", "interestIncome": "None", "interestExpense": "14000000", "nonInterestIncome": "None", "otherNonOperatingIncome": "None", "depreciation": "None", "depreciationAndAmortization": "43900000", "incomeBeforeTax": "125100000", "incomeTaxExpense": "41100000", "interestAndDebtExpense": "None", "netIncomeFromContinuingOperations": "0", "comprehensiveIncomeNetOfTax": "None", "ebit": "133300000", "ebitda": "177200000", "netIncome": "84000000"}, {"fiscalDateEnding": "2006-06-30", "reportedCurrency": "USD", "grossProfit": "256400000", "totalRevenue": "1402600000", "costOfRevenue": "1146200000", "costofGoodsAndServicesSold": "1146200000", "operatingIncome": "130600000", "sellingGeneralAndAdministrative": "125800000", "researchAndDevelopment": "0", "operatingExpenses": "125800000", "investmentIncomeNet": "None", "netInterestIncome": "None", "interestIncome": "None", "interestExpense": "14000000", "nonInterestIncome": "None", "otherNonOperatingIncome": "None", "depreciation": "None", "depreciationAndAmortization": "44800000", "incomeBeforeTax": "111600000", "incomeTaxExpense": "27400000", "interestAndDebtExpense": "None", "netIncomeFromContinuingOperations": "0", "comprehensiveIncomeNetOfTax": "None", "ebit": "125500000", "ebitda": "170300000", "netIncome": "84200000"}, {"fiscalDateEnding": "2006-03-31", "reportedCurrency": "USD", "grossProfit": "240100000", "totalRevenue": "1377700000", "costOfRevenue": "1137600000", "costofGoodsAndServicesSold": "1137600000", "operatingIncome": "103700000", "sellingGeneralAndAdministrative": "123800000", "researchAndDevelopment": "0", "operatingExpenses": "136400000", "investmentIncomeNet": "None", "netInterestIncome": "None", "interestIncome": "None", "interestExpense": "12900000", "nonInterestIncome": "None", "otherNonOperatingIncome": "None", "depreciation": "None", "depreciationAndAmortization": "43200000", "incomeBeforeTax": "92300000", "incomeTaxExpense": "30200000", "interestAndDebtExpense": "None", "netIncomeFromContinuingOperations": "0", "comprehensiveIncomeNetOfTax": "None", "ebit": "107900000", "ebitda": "151100000", "netIncome": "62100000"}, {"fiscalDateEnding": "2005-12-31", "reportedCurrency": "USD", "grossProfit": "219100000", "totalRevenue": "1339600000", "costOfRevenue": "1120500000", "costofGoodsAndServicesSold": "1120500000", "operatingIncome": "86700000", "sellingGeneralAndAdministrative": "122100000", "researchAndDevelopment": "25000000", "operatingExpenses": "132400000", "investmentIncomeNet": "None", "netInterestIncome": "None", "interestIncome": "None", "interestExpense": "46700000", "nonInterestIncome": "None", "otherNonOperatingIncome": "None", "depreciation": "None", "depreciationAndAmortization": "44200000", "incomeBeforeTax": "52700000", "incomeTaxExpense": "7400000", "interestAndDebtExpense": "None", "netIncomeFromContinuingOperations": "0", "comprehensiveIncomeNetOfTax": "None", "ebit": "86700000", "ebitda": "130900000", "netIncome": "45300000"}, {"fiscalDateEnding": "2005-09-30", "reportedCurrency": "USD", "grossProfit": "215100000", "totalRevenue": "1348600000", "costOfRevenue": "1133500000", "costofGoodsAndServicesSold": "1133500000", "operatingIncome": "99300000", "sellingGeneralAndAdministrative": "115800000", "researchAndDevelopment": "0", "operatingExpenses": "115800000", "investmentIncomeNet": "None", "netInterestIncome": "None", "interestIncome": "None", "interestExpense": "11900000", "nonInterestIncome": "None", "otherNonOperatingIncome": "None", "depreciation": "None", "depreciationAndAmortization": "44300000", "incomeBeforeTax": "77600000", "incomeTaxExpense": "23600000", "interestAndDebtExpense": "None", "netIncomeFromContinuingOperations": "0", "comprehensiveIncomeNetOfTax": "None", "ebit": "55000000", "ebitda": "99300000", "netIncome": "54000000"}]}