{"symbol": "ABBV", "annualReports": [{"fiscalDateEnding": "2025-12-31", "reportedCurrency": "None", "grossProfit": "51195000000", "totalRevenue": "61160000000", "costOfRevenue": "9965000000", "costofGoodsAndServicesSold": "9965000000", "operatingIncome": "21214000000", "sellingGeneralAndAdministrative": "None", "researchAndDevelopment": "9096000000", "operatingExpenses": "29981000000", "investmentIncomeNet": "None", "netInterestIncome": "None", "interestIncome": "None", "interestExpense": "2627000000", "nonInterestIncome": "None", "otherNonOperatingIncome": "None", "depreciation": "None", "depreciationAndAmortization": "19069665000", "incomeBeforeTax": "6597000000", "incomeTaxExpense": "2364000000", "interestAndDebtExpense": "None", "netIncomeFromContinuingOperations": "None", "comprehensiveIncomeNetOfTax": "None", "ebit": "9224000000", "ebitda": "28293665000", "netIncome": "4226000000"}, {"fiscalDateEnding": "2024-12-31", "reportedCurrency": "USD", "grossProfit": "39430000000", "totalRevenue": "56334000000", "costOfRevenue": "16904000000", "costofGoodsAndServicesSold": "16904000000", "operatingIncome": "9137000000", "sellingGeneralAndAdministrative": "11089000000", "researchAndDevelopment": "12791000000", "operatingExpenses": "30293000000", "investmentIncomeNet": "None", "netInterestIncome": "-2160000000", "interestIncome": "648000000", "interestExpense": "2808000000", "nonInterestIncome": "None", "otherNonOperatingIncome": "None", "depreciation": "None", "depreciationAndAmortization": "8386000000", "incomeBeforeTax": "3716000000", "incomeTaxExpense": "-570000000", "interestAndDebtExpense": "None", "netIncomeFromContinuingOperations": "4286000000", "comprehensiveIncomeNetOfTax": "None", "ebit": "6524000000", "ebitda": "14910000000", "netIncome": "4278000000"}, {"fiscalDateEnding": "2023-12-31", "reportedCurrency": "USD", "grossProfit": "33903000000", "totalRevenue": "54318000000", "costOfRevenue": "20415000000", "costofGoodsAndServicesSold": "20415000000", "operatingIncome": "12757000000", "sellingGeneralAndAdministrative": "10704000000", "researchAndDevelopment": "7675000000", "operatingExpenses": "21146000000", "investmentIncomeNet": "None", "netInterestIncome": "-1684000000", "interestIncome": "540000000", "interestExpense": "2224000000", "nonInterestIncome": "None", "otherNonOperatingIncome": "None", "depreciation": "None", "depreciationAndAmortization": "8698000000", "incomeBeforeTax": "6250000000", "incomeTaxExpense": "1377000000", "interestAndDebtExpense": "None", "netIncomeFromContinuingOperations": "4873000000", "comprehensiveIncomeNetOfTax": "None", "ebit": "8474000000", "ebitda": "17172000000", "netIncome": "4863000000"}, {"fiscalDateEnding": "2022-12-31", "reportedCurrency": "USD", "grossProfit": "40640000000", "totalRevenue": "58054000000", "costOfRevenue": "17414000000", "costofGoodsAndServicesSold": "17414000000", "operatingIncome": "18117000000", "sellingGeneralAndAdministrative": "13260000000", "researchAndDevelopment": "6510000000", "operatingExpenses": "22523000000", "investmentIncomeNet": "None", "netInterestIncome": "-2044000000", "interestIncome": "186000000", "interestExpense": "2230000000", "nonInterestIncome": "None", "otherNonOperatingIncome": "-2596000000", "depreciation": "None", "depreciationAndAmortization": "8467000000", "incomeBeforeTax": "13477000000", "incomeTaxExpense": "1632000000", "interestAndDebtExpense": "None", "netIncomeFromContinuingOperations": "11845000000", "comprehensiveIncomeNetOfTax": "None", "ebit": "15707000000", "ebitda": "24174000000", "netIncome": "11836000000"}, {"fiscalDateEnding": "2021-12-31", "reportedCurrency": "USD", "grossProfit": "38751000000", "totalRevenue": "56197000000", "costOfRevenue": "17446000000", "costofGoodsAndServicesSold": "17446000000", "operatingIncome": "17924000000", "sellingGeneralAndAdministrative": "10249000000", "researchAndDevelopment": "8046000000", "operatingExpenses": "20827000000", "investmentIncomeNet": "None", "netInterestIncome": "-2384000000", "interestIncome": "39000000", "interestExpense": "2423000000", "nonInterestIncome": "None", "otherNonOperatingIncome": "-2551000000", "depreciation": "None", "depreciationAndAmortization": "8521000000", "incomeBeforeTax": "12989000000", "incomeTaxExpense": "1440000000", "interestAndDebtExpense": "None", "netIncomeFromContinuingOperations": "11549000000", "comprehensiveIncomeNetOfTax": "None", "ebit": "15412000000", "ebitda": "23933000000", "netIncome": "11542000000"}, {"fiscalDateEnding": "2020-12-31", "reportedCurrency": "USD", "grossProfit": "30417000000", "totalRevenue": "45804000000", "costOfRevenue": "15387000000", "costofGoodsAndServicesSold": "15387000000", "operatingIncome": "11363000000", "sellingGeneralAndAdministrative": "8067000000", "researchAndDevelopment": "7755000000", "operatingExpenses": "19054000000", "investmentIncomeNet": "None", "netInterestIncome": "-2280000000", "interestIncome": "174000000", "interestExpense": "2454000000", "nonInterestIncome": "None", "otherNonOperatingIncome": "-5685000000", "depreciation": "None", "depreciationAndAmortization": "6471000000", "incomeBeforeTax": "3398000000", "incomeTaxExpense": "-1224000000", "interestAndDebtExpense": "None", "netIncomeFromContinuingOperations": "4622000000", "comprehensiveIncomeNetOfTax": "None", "ebit": "5852000000", "ebitda": "12323000000", "netIncome": "4616000000"}, {"fiscalDateEnding": "2019-12-31", "reportedCurrency": "USD", "grossProfit": "25827000000", "totalRevenue": "33266000000", "costOfRevenue": "7439000000", "costofGoodsAndServicesSold": "7439000000", "operatingIncome": "12983000000", "sellingGeneralAndAdministrative": "5842000000", "researchAndDevelopment": "6792000000", "operatingExpenses": "12844000000", "investmentIncomeNet": "None", "netInterestIncome": "-1509000000", "interestIncome": "275000000", "interestExpense": "1784000000", "nonInterestIncome": "None", "otherNonOperatingIncome": "-3048000000", "depreciation": "None", "depreciationAndAmortization": "2017000000", "incomeBeforeTax": "8426000000", "incomeTaxExpense": "544000000", "interestAndDebtExpense": "None", "netIncomeFromContinuingOperations": "7882000000", "comprehensiveIncomeNetOfTax": "None", "ebit": "10210000000", "ebitda": "12227000000", "netIncome": "7882000000"}, {"fiscalDateEnding": "2018-12-31", "reportedCurrency": "USD", "grossProfit": "25035000000", "totalRevenue": "32753000000", "costOfRevenue": "7718000000", "costofGoodsAndServicesSold": "7718000000", "operatingIncome": "6383000000", "sellingGeneralAndAdministrative": "6253000000", "researchAndDevelopment": "10753000000", "operatingExpenses": "18652000000", "investmentIncomeNet": "None", "netInterestIncome": "-1144000000", "interestIncome": "204000000", "interestExpense": "1348000000", "nonInterestIncome": "None", "otherNonOperatingIncome": "-42000000", "depreciation": "None", "depreciationAndAmortization": "1765000000", "incomeBeforeTax": "5197000000", "incomeTaxExpense": "-490000000", "interestAndDebtExpense": "None", "netIncomeFromContinuingOperations": "5687000000", "comprehensiveIncomeNetOfTax": "None", "ebit": "6545000000", "ebitda": "8310000000", "netIncome": "5687000000"}, {"fiscalDateEnding": "2017-12-31", "reportedCurrency": "USD", "grossProfit": "21176000000", "totalRevenue": "28216000000", "costOfRevenue": "7040000000", "costofGoodsAndServicesSold": "7040000000", "operatingIncome": "9545000000", "sellingGeneralAndAdministrative": "5402000000", "researchAndDevelopment": "5334000000", "operatingExpenses": "11629000000", "investmentIncomeNet": "None", "netInterestIncome": "-1004000000", "interestIncome": "146000000", "interestExpense": "1150000000", "nonInterestIncome": "None", "otherNonOperatingIncome": "-861000000", "depreciation": "None", "depreciationAndAmortization": "1501000000", "incomeBeforeTax": "7727000000", "incomeTaxExpense": "2418000000", "interestAndDebtExpense": "None", "netIncomeFromContinuingOperations": "5309000000", "comprehensiveIncomeNetOfTax": "None", "ebit": "8877000000", "ebitda": "10378000000", "netIncome": "5309000000"}, {"fiscalDateEnding": "2016-12-31", "reportedCurrency": "USD", "grossProfit": "19805000000", "totalRevenue": "25638000000", "costOfRevenue": "5833000000", "costofGoodsAndServicesSold": "5833000000", "operatingIncome": "9340000000", "sellingGeneralAndAdministrative": "5073000000", "researchAndDevelopment": "4585000000", "operatingExpenses": "10466000000", "investmentIncomeNet": "None", "netInterestIncome": "-965000000", "interestIncome": "82000000", "interestExpense": "1047000000", "nonInterestIncome": "None", "otherNonOperatingIncome": "-535000000", "depreciation": "None", "depreciationAndAmortization": "1189000000", "incomeBeforeTax": "7884000000", "incomeTaxExpense": "1931000000", "interestAndDebtExpense": "None", "netIncomeFromContinuingOperations": "5953000000", "comprehensiveIncomeNetOfTax": "None", "ebit": "8931000000", "ebitda": "10120000000", "netIncome": "5953000000"}, {"fiscalDateEnding": "2015-12-31", "reportedCurrency": "USD", "grossProfit": "18359000000", "totalRevenue": "22859000000", "costOfRevenue": "4500000000", "costofGoodsAndServicesSold": "4500000000", "operatingIncome": "7537000000", "sellingGeneralAndAdministrative": "4959000000", "researchAndDevelopment": "4435000000", "operatingExpenses": "10822000000", "investmentIncomeNet": "None", "netInterestIncome": "None", "interestIncome": "879000000", "interestExpense": "719000000", "nonInterestIncome": "None", "otherNonOperatingIncome": "-206000000", "depreciation": "None", "depreciationAndAmortization": "836000000", "incomeBeforeTax": "6645000000", "incomeTaxExpense": "1501000000", "interestAndDebtExpense": "None", "netIncomeFromContinuingOperations": "5144000000", "comprehensiveIncomeNetOfTax": "None", "ebit": "7364000000", "ebitda": "8200000000", "netIncome": "5144000000"}, {"fiscalDateEnding": "2014-12-31", "reportedCurrency": "USD", "grossProfit": "15534000000", "totalRevenue": "19960000000", "costOfRevenue": "4426000000", "costofGoodsAndServicesSold": "4426000000", "operatingIncome": "3411000000", "sellingGeneralAndAdministrative": "5359000000", "researchAndDevelopment": "3649000000", "operatingExpenses": "12123000000", "investmentIncomeNet": "None", "netInterestIncome": "None", "interestIncome": "None", "interestExpense": "429000000", "nonInterestIncome": "None", "otherNonOperatingIncome": "-651000000", "depreciation": "None", "depreciationAndAmortization": "786000000", "incomeBeforeTax": "2369000000", "incomeTaxExpense": "595000000", "interestAndDebtExpense": "None", "netIncomeFromContinuingOperations": "1774000000", "comprehensiveIncomeNetOfTax": "None", "ebit": "2798000000", "ebitda": "3584000000", "netIncome": "1774000000"}, {"fiscalDateEnding": "2013-12-31", "reportedCurrency": "USD", "grossProfit": "14209000000", "totalRevenue": "18790000000", "costOfRevenue": "4581000000", "costofGoodsAndServicesSold": "4581000000", "operatingIncome": "5664000000", "sellingGeneralAndAdministrative": "4726000000", "researchAndDevelopment": "3193000000", "operatingExpenses": "8545000000", "investmentIncomeNet": "None", "netInterestIncome": "None", "interestIncome": "None", "interestExpense": "299000000", "nonInterestIncome": "None", "otherNonOperatingIncome": "-54000000", "depreciation": "None", "depreciationAndAmortization": "897000000", "incomeBeforeTax": "5332000000", "incomeTaxExpense": "1204000000", "interestAndDebtExpense": "None", "netIncomeFromContinuingOperations": "4128000000", "comprehensiveIncomeNetOfTax": "None", "ebit": "5631000000", "ebitda": "6528000000", "netIncome": "4128000000"}, {"fiscalDateEnding": "2012-12-31", "reportedCurrency": "USD", "grossProfit": "13872000000", "totalRevenue": "18380000000", "costOfRevenue": "4508000000", "costofGoodsAndServicesSold": "4508000000", "operatingIncome": "5817000000", "sellingGeneralAndAdministrative": "4989000000", "researchAndDevelopment": "3066000000", "operatingExpenses": "8055000000", "investmentIncomeNet": "None", "netInterestIncome": "None", "interestIncome": "None", "interestExpense": "104000000", "nonInterestIncome": "None", "otherNonOperatingIncome": "None", "depreciation": "None", "depreciationAndAmortization": "1150000000", "incomeBeforeTax": "5725000000", "incomeTaxExpense": "450000000", "interestAndDebtExpense": "None", "netIncomeFromContinuingOperations": "None", "comprehensiveIncomeNetOfTax": "None", "ebit": "5829000000", "ebitda": "6979000000", "netIncome": "5275000000"}, {"fiscalDateEnding": "2011-12-31", "reportedCurrency": "USD", "grossProfit": "12805000000", "totalRevenue": "17444000000", "costOfRevenue": "4639000000", "costofGoodsAndServicesSold": "4639000000", "operatingIncome": "3620000000", "sellingGeneralAndAdministrative": "5893820000", "researchAndDevelopment": "3291000000", "operatingExpenses": "9185000000", "investmentIncomeNet": "None", "netInterestIncome": "None", "interestIncome": "None", "interestExpense": "0", "nonInterestIncome": "None", "otherNonOperatingIncome": "None", "depreciation": "None", "depreciationAndAmortization": "1272000000", "incomeBeforeTax": "3668000000", "incomeTaxExpense": "235000000", "interestAndDebtExpense": "None", "netIncomeFromContinuingOperations": "None", "comprehensiveIncomeNetOfTax": "None", "ebit": "3668000000", "ebitda": "4940000000", "netIncome": "3433000000"}, {"fiscalDateEnding": "2010-12-31", "reportedCurrency": "USD", "grossProfit": "11345000000", "totalRevenue": "15638000000", "costOfRevenue": "4293000000", "costofGoodsAndServicesSold": "4293000000", "operatingIncome": "4717000000", "sellingGeneralAndAdministrative": "3820000000", "researchAndDevelopment": "2808000000", "operatingExpenses": "6628000000", "investmentIncomeNet": "None", "netInterestIncome": "None", "interestIncome": "None", "interestExpense": "0", "nonInterestIncome": "None", "otherNonOperatingIncome": "None", "depreciation": "None", "depreciationAndAmortization": "1184000000", "incomeBeforeTax": "4836000000", "incomeTaxExpense": "658000000", "interestAndDebtExpense": "None", "netIncomeFromContinuingOperations": "None", "comprehensiveIncomeNetOfTax": "None", "ebit": "4836000000", "ebitda": "6020000000", "netIncome": "4178000000"}, {"fiscalDateEnding": "2009-12-31", "reportedCurrency": "USD", "grossProfit": "10157806000", "totalRevenue": "14214196000", "costOfRevenue": "4056390000", "costofGoodsAndServicesSold": "4056390000", "operatingIncome": "4931794000", "sellingGeneralAndAdministrative": "3348572000", "researchAndDevelopment": "1707440000", "operatingExpenses": "5226012000", "investmentIncomeNet": "None", "netInterestIncome": "None", "interestIncome": "None", "interestExpense": "0", "nonInterestIncome": "None", "otherNonOperatingIncome": "None", "depreciation": "None", "depreciationAndAmortization": "697492000", "incomeBeforeTax": "5950317000", "incomeTaxExpense": "1313802000", "interestAndDebtExpense": "None", "netIncomeFromContinuingOperations": "None", "comprehensiveIncomeNetOfTax": "None", "ebit": "5101794000", "ebitda": "5799286000", "netIncome": "4636515000"}], "quarterlyReports": [{"fiscalDateEnding": "2025-12-31", "reportedCurrency": "None", "grossProfit": "13962000000", "totalRevenue": "16618000000", "costOfRevenue": "2656000000", "costofGoodsAndServicesSold": "2656000000", "operatingIncome": "5809000000", "sellingGeneralAndAdministrative": "None", "researchAndDevelopment": "2579000000", "operatingExpenses": "8153000000", "investmentIncomeNet": "None", "netInterestIncome": "None", "interestIncome": "None", "interestExpense": "655000000", "nonInterestIncome": "None", "otherNonOperatingIncome": "None", "depreciation": "None", "depreciationAndAmortization": "12710665000", "incomeBeforeTax": "2668000000", "incomeTaxExpense": "853000000", "interestAndDebtExpense": "None", "netIncomeFromContinuingOperations": "None", "comprehensiveIncomeNetOfTax": "None", "ebit": "3323000000", "ebitda": "16033665000", "netIncome": "1816000000"}, {"fiscalDateEnding": "2025-09-30", "reportedCurrency": "USD", "grossProfit": "10472000000", "totalRevenue": "15776000000", "costOfRevenue": "5304000000", "costofGoodsAndServicesSold": "5304000000", "operatingIncome": "1904000000", "sellingGeneralAndAdministrative": "3569000000", "researchAndDevelopment": "2319000000", "operatingExpenses": "8568000000", "investmentIncomeNet": "None", "netInterestIncome": "-667000000", "interestIncome": "72000000", "interestExpense": "739000000", "nonInterestIncome": "None", "otherNonOperatingIncome": "None", "depreciation": "None", "depreciationAndAmortization": "2063000000", "incomeBeforeTax": "714000000", "incomeTaxExpense": "526000000", "interestAndDebtExpense": "None", "netIncomeFromContinuingOperations": "188000000", "comprehensiveIncomeNetOfTax": "None", "ebit": "1453000000", "ebitda": "3516000000", "netIncome": "186000000"}, {"fiscalDateEnding": "2025-06-30", "reportedCurrency": "USD", "grossProfit": "11077000000", "totalRevenue": "15423000000", "costOfRevenue": "4346000000", "costofGoodsAndServicesSold": "4346000000", "operatingIncome": "4894000000", "sellingGeneralAndAdministrative": "3253000000", "researchAndDevelopment": "2131000000", "operatingExpenses": "6183000000", "investmentIncomeNet": "None", "netInterestIncome": "-678000000", "interestIncome": "62000000", "interestExpense": "740000000", "nonInterestIncome": "None", "otherNonOperatingIncome": "None", "depreciation": "None", "depreciationAndAmortization": "2050000000", "incomeBeforeTax": "1554000000", "incomeTaxExpense": "613000000", "interestAndDebtExpense": "None", "netIncomeFromContinuingOperations": "941000000", "comprehensiveIncomeNetOfTax": "None", "ebit": "2294000000", "ebitda": "4344000000", "netIncome": "938000000"}, {"fiscalDateEnding": "2025-03-31", "reportedCurrency": "USD", "grossProfit": "9341000000", "totalRevenue": "13343000000", "costOfRevenue": "4002000000", "costofGoodsAndServicesSold": "4002000000", "operatingIncome": "3733000000", "sellingGeneralAndAdministrative": "3293000000", "researchAndDevelopment": "2067000000", "operatingExpenses": "5608000000", "investmentIncomeNet": "None", "netInterestIncome": "-627000000", "interestIncome": "73000000", "interestExpense": "700000000", "nonInterestIncome": "None", "otherNonOperatingIncome": "None", "depreciation": "None", "depreciationAndAmortization": "2039000000", "incomeBeforeTax": "1661000000", "incomeTaxExpense": "372000000", "interestAndDebtExpense": "None", "netIncomeFromContinuingOperations": "1289000000", "comprehensiveIncomeNetOfTax": "None", "ebit": "2361000000", "ebitda": "4400000000", "netIncome": "1286000000"}, {"fiscalDateEnding": "2024-12-31", "reportedCurrency": "USD", "grossProfit": "10706000000", "totalRevenue": "15102000000", "costOfRevenue": "4396000000", "costofGoodsAndServicesSold": "4396000000", "operatingIncome": "-1490000000", "sellingGeneralAndAdministrative": "779000000", "researchAndDevelopment": "6774000000", "operatingExpenses": "12196000000", "investmentIncomeNet": "None", "netInterestIncome": "-610000000", "interestIncome": "92000000", "interestExpense": "702000000", "nonInterestIncome": "None", "otherNonOperatingIncome": "None", "depreciation": "None", "depreciationAndAmortization": "2102000000", "incomeBeforeTax": "-2269000000", "incomeTaxExpense": "-2246000000", "interestAndDebtExpense": "None", "netIncomeFromContinuingOperations": "-23000000", "comprehensiveIncomeNetOfTax": "None", "ebit": "-1567000000", "ebitda": "535000000", "netIncome": "-22000000"}, {"fiscalDateEnding": "2024-09-30", "reportedCurrency": "USD", "grossProfit": "10248000000", "totalRevenue": "14460000000", "costOfRevenue": "4212000000", "costofGoodsAndServicesSold": "4212000000", "operatingIncome": "3831000000", "sellingGeneralAndAdministrative": "4205000000", "researchAndDevelopment": "2130000000", "operatingExpenses": "6417000000", "investmentIncomeNet": "None", "netInterestIncome": "-591000000", "interestIncome": "129000000", "interestExpense": "720000000", "nonInterestIncome": "None", "otherNonOperatingIncome": "None", "depreciation": "None", "depreciationAndAmortization": "2079000000", "incomeBeforeTax": "2084000000", "incomeTaxExpense": "520000000", "interestAndDebtExpense": "None", "netIncomeFromContinuingOperations": "1564000000", "comprehensiveIncomeNetOfTax": "None", "ebit": "2804000000", "ebitda": "4883000000", "netIncome": "1561000000"}, {"fiscalDateEnding": "2024-06-30", "reportedCurrency": "USD", "grossProfit": "10260000000", "totalRevenue": "14462000000", "costOfRevenue": "4202000000", "costofGoodsAndServicesSold": "4202000000", "operatingIncome": "3998000000", "sellingGeneralAndAdministrative": "3377000000", "researchAndDevelopment": "1948000000", "operatingExpenses": "6262000000", "investmentIncomeNet": "None", "netInterestIncome": "-506000000", "interestIncome": "220000000", "interestExpense": "726000000", "nonInterestIncome": "None", "otherNonOperatingIncome": "None", "depreciation": "None", "depreciationAndAmortization": "2131000000", "incomeBeforeTax": "2146000000", "incomeTaxExpense": "773000000", "interestAndDebtExpense": "None", "netIncomeFromContinuingOperations": "1373000000", "comprehensiveIncomeNetOfTax": "None", "ebit": "2872000000", "ebitda": "5003000000", "netIncome": "1370000000"}, {"fiscalDateEnding": "2024-03-31", "reportedCurrency": "USD", "grossProfit": "8216000000", "totalRevenue": "12310000000", "costOfRevenue": "4094000000", "costofGoodsAndServicesSold": "4094000000", "operatingIncome": "2798000000", "sellingGeneralAndAdministrative": "3315000000", "researchAndDevelopment": "1939000000", "operatingExpenses": "5418000000", "investmentIncomeNet": "None", "netInterestIncome": "-453000000", "interestIncome": "207000000", "interestExpense": "660000000", "nonInterestIncome": "None", "otherNonOperatingIncome": "None", "depreciation": "None", "depreciationAndAmortization": "2074000000", "incomeBeforeTax": "1755000000", "incomeTaxExpense": "383000000", "interestAndDebtExpense": "None", "netIncomeFromContinuingOperations": "1372000000", "comprehensiveIncomeNetOfTax": "None", "ebit": "2415000000", "ebitda": "4489000000", "netIncome": "1369000000"}, {"fiscalDateEnding": "2023-12-31", "reportedCurrency": "USD", "grossProfit": "8597000000", "totalRevenue": "14301000000", "costOfRevenue": "5704000000", "costofGoodsAndServicesSold": "5704000000", "operatingIncome": "3195000000", "sellingGeneralAndAdministrative": "1355000000", "researchAndDevelopment": "2209000000", "operatingExpenses": "5402000000", "investmentIncomeNet": "None", "netInterestIncome": "-378000000", "interestIncome": "186000000", "interestExpense": "564000000", "nonInterestIncome": "None", "otherNonOperatingIncome": "None", "depreciation": "None", "depreciationAndAmortization": "2076000000", "incomeBeforeTax": "1212000000", "incomeTaxExpense": "388000000", "interestAndDebtExpense": "None", "netIncomeFromContinuingOperations": "824000000", "comprehensiveIncomeNetOfTax": "None", "ebit": "1776000000", "ebitda": "3852000000", "netIncome": "822000000"}, {"fiscalDateEnding": "2023-09-30", "reportedCurrency": "USD", "grossProfit": "7442000000", "totalRevenue": "13927000000", "costOfRevenue": "6485000000", "costofGoodsAndServicesSold": "6485000000", "operatingIncome": "2281000000", "sellingGeneralAndAdministrative": "3372000000", "researchAndDevelopment": "1723000000", "operatingExpenses": "5161000000", "investmentIncomeNet": "None", "netInterestIncome": "-398000000", "interestIncome": "157000000", "interestExpense": "555000000", "nonInterestIncome": "None", "otherNonOperatingIncome": "None", "depreciation": "None", "depreciationAndAmortization": "2235000000", "incomeBeforeTax": "1953000000", "incomeTaxExpense": "172000000", "interestAndDebtExpense": "None", "netIncomeFromContinuingOperations": "1781000000", "comprehensiveIncomeNetOfTax": "None", "ebit": "2508000000", "ebitda": "4743000000", "netIncome": "1778000000"}, {"fiscalDateEnding": "2023-06-30", "reportedCurrency": "USD", "grossProfit": "9625000000", "totalRevenue": "13865000000", "costOfRevenue": "4240000000", "costofGoodsAndServicesSold": "4240000000", "operatingIncome": "4513000000", "sellingGeneralAndAdministrative": "3268000000", "researchAndDevelopment": "1733000000", "operatingExpenses": "5112000000", "investmentIncomeNet": "None", "netInterestIncome": "-454000000", "interestIncome": "98000000", "interestExpense": "552000000", "nonInterestIncome": "None", "otherNonOperatingIncome": "-1449000000", "depreciation": "None", "depreciationAndAmortization": "2260000000", "incomeBeforeTax": "2610000000", "incomeTaxExpense": "583000000", "interestAndDebtExpense": "None", "netIncomeFromContinuingOperations": "2027000000", "comprehensiveIncomeNetOfTax": "None", "ebit": "3162000000", "ebitda": "5422000000", "netIncome": "2024000000"}, {"fiscalDateEnding": "2023-03-31", "reportedCurrency": "USD", "grossProfit": "8239000000", "totalRevenue": "12225000000", "costOfRevenue": "3986000000", "costofGoodsAndServicesSold": "3986000000", "operatingIncome": "2768000000", "sellingGeneralAndAdministrative": "3039000000", "researchAndDevelopment": "2292000000", "operatingExpenses": "5471000000", "investmentIncomeNet": "None", "netInterestIncome": "-454000000", "interestIncome": "99000000", "interestExpense": "553000000", "nonInterestIncome": "None", "otherNonOperatingIncome": "-1839000000", "depreciation": "None", "depreciationAndAmortization": "2127000000", "incomeBeforeTax": "475000000", "incomeTaxExpense": "234000000", "interestAndDebtExpense": "None", "netIncomeFromContinuingOperations": "241000000", "comprehensiveIncomeNetOfTax": "None", "ebit": "1028000000", "ebitda": "3155000000", "netIncome": "239000000"}, {"fiscalDateEnding": "2022-12-31", "reportedCurrency": "USD", "grossProfit": "10951000000", "totalRevenue": "15121000000", "costOfRevenue": "4170000000", "costofGoodsAndServicesSold": "4170000000", "operatingIncome": "5502000000", "sellingGeneralAndAdministrative": "1417000000", "researchAndDevelopment": "2033000000", "operatingExpenses": "5449000000", "investmentIncomeNet": "None", "netInterestIncome": "-476000000", "interestIncome": "90000000", "interestExpense": "566000000", "nonInterestIncome": "None", "otherNonOperatingIncome": "-2061000000", "depreciation": "None", "depreciationAndAmortization": "2157000000", "incomeBeforeTax": "2965000000", "incomeTaxExpense": "493000000", "interestAndDebtExpense": "None", "netIncomeFromContinuingOperations": "2472000000", "comprehensiveIncomeNetOfTax": "None", "ebit": "3531000000", "ebitda": "5688000000", "netIncome": "2473000000"}, {"fiscalDateEnding": "2022-09-30", "reportedCurrency": "USD", "grossProfit": "9790000000", "totalRevenue": "14812000000", "costOfRevenue": "5022000000", "costofGoodsAndServicesSold": "5022000000", "operatingIncome": "4603000000", "sellingGeneralAndAdministrative": "3304000000", "researchAndDevelopment": "1654000000", "operatingExpenses": "5187000000", "investmentIncomeNet": "None", "netInterestIncome": "-497000000", "interestIncome": "63000000", "interestExpense": "560000000", "nonInterestIncome": "None", "otherNonOperatingIncome": "294000000", "depreciation": "None", "depreciationAndAmortization": "2205000000", "incomeBeforeTax": "4400000000", "incomeTaxExpense": "448000000", "interestAndDebtExpense": "None", "netIncomeFromContinuingOperations": "3952000000", "comprehensiveIncomeNetOfTax": "None", "ebit": "4960000000", "ebitda": "7165000000", "netIncome": "3949000000"}, {"fiscalDateEnding": "2022-06-30", "reportedCurrency": "USD", "grossProfit": "10413000000", "totalRevenue": "14583000000", "costOfRevenue": "4170000000", "costofGoodsAndServicesSold": "4170000000", "operatingIncome": "3295000000", "sellingGeneralAndAdministrative": "5412000000", "researchAndDevelopment": "1878000000", "operatingExpenses": "7118000000", "investmentIncomeNet": "None", "netInterestIncome": "-532000000", "interestIncome": "24000000", "interestExpense": "556000000", "nonInterestIncome": "None", "otherNonOperatingIncome": "-1580000000", "depreciation": "None", "depreciationAndAmortization": "2052000000", "incomeBeforeTax": "1183000000", "incomeTaxExpense": "255000000", "interestAndDebtExpense": "None", "netIncomeFromContinuingOperations": "928000000", "comprehensiveIncomeNetOfTax": "None", "ebit": "1739000000", "ebitda": "3791000000", "netIncome": "924000000"}, {"fiscalDateEnding": "2022-03-31", "reportedCurrency": "USD", "grossProfit": "9486000000", "totalRevenue": "13538000000", "costOfRevenue": "4052000000", "costofGoodsAndServicesSold": "4052000000", "operatingIncome": "4717000000", "sellingGeneralAndAdministrative": "3127000000", "researchAndDevelopment": "1642000000", "operatingExpenses": "4769000000", "investmentIncomeNet": "None", "netInterestIncome": "-539000000", "interestIncome": "9000000", "interestExpense": "548000000", "nonInterestIncome": "None", "otherNonOperatingIncome": "751000000", "depreciation": "None", "depreciationAndAmortization": "2053000000", "incomeBeforeTax": "4929000000", "incomeTaxExpense": "436000000", "interestAndDebtExpense": "None", "netIncomeFromContinuingOperations": "4493000000", "comprehensiveIncomeNetOfTax": "None", "ebit": "5477000000", "ebitda": "7530000000", "netIncome": "4490000000"}, {"fiscalDateEnding": "2021-12-31", "reportedCurrency": "USD", "grossProfit": "10566000000", "totalRevenue": "14886000000", "costOfRevenue": "4320000000", "costofGoodsAndServicesSold": "4320000000", "operatingIncome": "5074000000", "sellingGeneralAndAdministrative": "1160000000", "researchAndDevelopment": "2232000000", "operatingExpenses": "5492000000", "investmentIncomeNet": "None", "netInterestIncome": "-571000000", "interestIncome": "9000000", "interestExpense": "580000000", "nonInterestIncome": "None", "otherNonOperatingIncome": "-232000000", "depreciation": "None", "depreciationAndAmortization": "1979000000", "incomeBeforeTax": "4271000000", "incomeTaxExpense": "226000000", "interestAndDebtExpense": "None", "netIncomeFromContinuingOperations": "4045000000", "comprehensiveIncomeNetOfTax": "None", "ebit": "4851000000", "ebitda": "6830000000", "netIncome": "4044000000"}, {"fiscalDateEnding": "2021-09-30", "reportedCurrency": "USD", "grossProfit": "9952000000", "totalRevenue": "14342000000", "costOfRevenue": "4390000000", "costofGoodsAndServicesSold": "4390000000", "operatingIncome": "4306000000", "sellingGeneralAndAdministrative": "3083000000", "researchAndDevelopment": "2063000000", "operatingExpenses": "5646000000", "investmentIncomeNet": "None", "netInterestIncome": "-585000000", "interestIncome": "11000000", "interestExpense": "596000000", "nonInterestIncome": "None", "otherNonOperatingIncome": "-33000000", "depreciation": "None", "depreciationAndAmortization": "2127000000", "incomeBeforeTax": "3688000000", "incomeTaxExpense": "508000000", "interestAndDebtExpense": "None", "netIncomeFromContinuingOperations": "3180000000", "comprehensiveIncomeNetOfTax": "None", "ebit": "4284000000", "ebitda": "6411000000", "netIncome": "3179000000"}, {"fiscalDateEnding": "2021-06-30", "reportedCurrency": "USD", "grossProfit": "9436000000", "totalRevenue": "13959000000", "costOfRevenue": "4523000000", "costofGoodsAndServicesSold": "4523000000", "operatingIncome": "4441000000", "sellingGeneralAndAdministrative": "3164000000", "researchAndDevelopment": "1899000000", "operatingExpenses": "4995000000", "investmentIncomeNet": "None", "netInterestIncome": "-606000000", "interestIncome": "9000000", "interestExpense": "615000000", "nonInterestIncome": "None", "otherNonOperatingIncome": "-2672000000", "depreciation": "None", "depreciationAndAmortization": "2200000000", "incomeBeforeTax": "1163000000", "incomeTaxExpense": "394000000", "interestAndDebtExpense": "None", "netIncomeFromContinuingOperations": "769000000", "comprehensiveIncomeNetOfTax": "None", "ebit": "1778000000", "ebitda": "3978000000", "netIncome": "766000000"}, {"fiscalDateEnding": "2021-03-31", "reportedCurrency": "USD", "grossProfit": "8797000000", "totalRevenue": "13010000000", "costOfRevenue": "4213000000", "costofGoodsAndServicesSold": "4213000000", "operatingIncome": "4103000000", "sellingGeneralAndAdministrative": "2842000000", "researchAndDevelopment": "1852000000", "operatingExpenses": "4694000000", "investmentIncomeNet": "None", "netInterestIncome": "-622000000", "interestIncome": "10000000", "interestExpense": "632000000", "nonInterestIncome": "None", "otherNonOperatingIncome": "386000000", "depreciation": "None", "depreciationAndAmortization": "2215000000", "incomeBeforeTax": "3867000000", "incomeTaxExpense": "312000000", "interestAndDebtExpense": "None", "netIncomeFromContinuingOperations": "3555000000", "comprehensiveIncomeNetOfTax": "None", "ebit": "4499000000", "ebitda": "6714000000", "netIncome": "3553000000"}, {"fiscalDateEnding": "2020-12-31", "reportedCurrency": "USD", "grossProfit": "9174000000", "totalRevenue": "13858000000", "costOfRevenue": "4684000000", "costofGoodsAndServicesSold": "4684000000", "operatingIncome": "3753000000", "sellingGeneralAndAdministrative": "1431000000", "researchAndDevelopment": "2190000000", "operatingExpenses": "5421000000", "investmentIncomeNet": "None", "netInterestIncome": "-618000000", "interestIncome": "11000000", "interestExpense": "629000000", "nonInterestIncome": "None", "otherNonOperatingIncome": "-4642000000", "depreciation": "None", "depreciationAndAmortization": "2065000000", "incomeBeforeTax": "-1507000000", "incomeTaxExpense": "-1545000000", "interestAndDebtExpense": "None", "netIncomeFromContinuingOperations": "38000000", "comprehensiveIncomeNetOfTax": "None", "ebit": "-878000000", "ebitda": "1187000000", "netIncome": "36000000"}, {"fiscalDateEnding": "2020-09-30", "reportedCurrency": "USD", "grossProfit": "7852000000", "totalRevenue": "12902000000", "costOfRevenue": "5050000000", "costofGoodsAndServicesSold": "5050000000", "operatingIncome": "3255000000", "sellingGeneralAndAdministrative": "2846000000", "researchAndDevelopment": "1751000000", "operatingExpenses": "4597000000", "investmentIncomeNet": "None", "netInterestIncome": "-620000000", "interestIncome": "10000000", "interestExpense": "630000000", "nonInterestIncome": "None", "otherNonOperatingIncome": "-135000000", "depreciation": "None", "depreciationAndAmortization": "2292000000", "incomeBeforeTax": "2500000000", "incomeTaxExpense": "187000000", "interestAndDebtExpense": "None", "netIncomeFromContinuingOperations": "2313000000", "comprehensiveIncomeNetOfTax": "None", "ebit": "3130000000", "ebitda": "5422000000", "netIncome": "2308000000"}, {"fiscalDateEnding": "2020-06-30", "reportedCurrency": "USD", "grossProfit": "6714000000", "totalRevenue": "10425000000", "costOfRevenue": "3711000000", "costofGoodsAndServicesSold": "3711000000", "operatingIncome": "752000000", "sellingGeneralAndAdministrative": "3527000000", "researchAndDevelopment": "2435000000", "operatingExpenses": "5962000000", "investmentIncomeNet": "None", "netInterestIncome": "-614000000", "interestIncome": "18000000", "interestExpense": "632000000", "nonInterestIncome": "None", "otherNonOperatingIncome": "-831000000", "depreciation": "None", "depreciationAndAmortization": "1555000000", "incomeBeforeTax": "-693000000", "incomeTaxExpense": "46000000", "interestAndDebtExpense": "None", "netIncomeFromContinuingOperations": "-739000000", "comprehensiveIncomeNetOfTax": "None", "ebit": "-61000000", "ebitda": "1494000000", "netIncome": "-738000000"}, {"fiscalDateEnding": "2020-03-31", "reportedCurrency": "USD", "grossProfit": "6677000000", "totalRevenue": "8619000000", "costOfRevenue": "1942000000", "costofGoodsAndServicesSold": "1942000000", "operatingIncome": "3603000000", "sellingGeneralAndAdministrative": "1695000000", "researchAndDevelopment": "1379000000", "operatingExpenses": "3074000000", "investmentIncomeNet": "None", "netInterestIncome": "-428000000", "interestIncome": "135000000", "interestExpense": "563000000", "nonInterestIncome": "None", "otherNonOperatingIncome": "-77000000", "depreciation": "None", "depreciationAndAmortization": "559000000", "incomeBeforeTax": "3098000000", "incomeTaxExpense": "88000000", "interestAndDebtExpense": "None", "netIncomeFromContinuingOperations": "3010000000", "comprehensiveIncomeNetOfTax": "None", "ebit": "3661000000", "ebitda": "4220000000", "netIncome": "3010000000"}, {"fiscalDateEnding": "2019-12-31", "reportedCurrency": "USD", "grossProfit": "6698000000", "totalRevenue": "8704000000", "costOfRevenue": "2006000000", "costofGoodsAndServicesSold": "2006000000", "operatingIncome": "3956000000", "sellingGeneralAndAdministrative": "780000000", "researchAndDevelopment": "1681000000", "operatingExpenses": "2742000000", "investmentIncomeNet": "None", "netInterestIncome": "-455000000", "interestIncome": "104000000", "interestExpense": "559000000", "nonInterestIncome": "None", "otherNonOperatingIncome": "-427000000", "depreciation": "None", "depreciationAndAmortization": "509000000", "incomeBeforeTax": "3074000000", "incomeTaxExpense": "273000000", "interestAndDebtExpense": "None", "netIncomeFromContinuingOperations": "2801000000", "comprehensiveIncomeNetOfTax": "None", "ebit": "3633000000", "ebitda": "4142000000", "netIncome": "2801000000"}, {"fiscalDateEnding": "2019-09-30", "reportedCurrency": "USD", "grossProfit": "6559000000", "totalRevenue": "8479000000", "costOfRevenue": "1920000000", "costofGoodsAndServicesSold": "1920000000", "operatingIncome": "2617000000", "sellingGeneralAndAdministrative": "1657000000", "researchAndDevelopment": "2285000000", "operatingExpenses": "3942000000", "investmentIncomeNet": "None", "netInterestIncome": "-420000000", "interestIncome": "60000000", "interestExpense": "480000000", "nonInterestIncome": "None", "otherNonOperatingIncome": "-196000000", "depreciation": "None", "depreciationAndAmortization": "503000000", "incomeBeforeTax": "2001000000", "incomeTaxExpense": "117000000", "interestAndDebtExpense": "None", "netIncomeFromContinuingOperations": "1884000000", "comprehensiveIncomeNetOfTax": "None", "ebit": "2481000000", "ebitda": "2984000000", "netIncome": "1884000000"}, {"fiscalDateEnding": "2019-06-30", "reportedCurrency": "USD", "grossProfit": "6436000000", "totalRevenue": "8255000000", "costOfRevenue": "1819000000", "costofGoodsAndServicesSold": "1819000000", "operatingIncome": "3400000000", "sellingGeneralAndAdministrative": "1654000000", "researchAndDevelopment": "1382000000", "operatingExpenses": "3036000000", "investmentIncomeNet": "None", "netInterestIncome": "-309000000", "interestIncome": "49000000", "interestExpense": "358000000", "nonInterestIncome": "None", "otherNonOperatingIncome": "-2284000000", "depreciation": "None", "depreciationAndAmortization": "502000000", "incomeBeforeTax": "807000000", "incomeTaxExpense": "66000000", "interestAndDebtExpense": "None", "netIncomeFromContinuingOperations": "741000000", "comprehensiveIncomeNetOfTax": "None", "ebit": "1165000000", "ebitda": "1667000000", "netIncome": "741000000"}, {"fiscalDateEnding": "2019-03-31", "reportedCurrency": "USD", "grossProfit": "6134000000", "totalRevenue": "7828000000", "costOfRevenue": "1694000000", "costofGoodsAndServicesSold": "1694000000", "operatingIncome": "3010000000", "sellingGeneralAndAdministrative": "1680000000", "researchAndDevelopment": "1444000000", "operatingExpenses": "3124000000", "investmentIncomeNet": "None", "netInterestIncome": "-325000000", "interestIncome": "331000000", "interestExpense": "387000000", "nonInterestIncome": "None", "otherNonOperatingIncome": "-141000000", "depreciation": "None", "depreciationAndAmortization": "503000000", "incomeBeforeTax": "2544000000", "incomeTaxExpense": "88000000", "interestAndDebtExpense": "None", "netIncomeFromContinuingOperations": "2456000000", "comprehensiveIncomeNetOfTax": "None", "ebit": "2931000000", "ebitda": "3434000000", "netIncome": "2456000000"}, {"fiscalDateEnding": "2018-12-31", "reportedCurrency": "USD", "grossProfit": "6283000000", "totalRevenue": "8305000000", "costOfRevenue": "2022000000", "costofGoodsAndServicesSold": "2022000000", "operatingIncome": "-2441000000", "sellingGeneralAndAdministrative": "504000000", "researchAndDevelopment": "6795000000", "operatingExpenses": "8724000000", "investmentIncomeNet": "None", "netInterestIncome": "None", "interestIncome": "None", "interestExpense": "380000000", "nonInterestIncome": "None", "otherNonOperatingIncome": "387000000", "depreciation": "None", "depreciationAndAmortization": "442000000", "incomeBeforeTax": "-2373000000", "incomeTaxExpense": "-547000000", "interestAndDebtExpense": "None", "netIncomeFromContinuingOperations": "-1826000000", "comprehensiveIncomeNetOfTax": "None", "ebit": "-1993000000", "ebitda": "-1551000000", "netIncome": "-1826000000"}, {"fiscalDateEnding": "2018-09-30", "reportedCurrency": "USD", "grossProfit": "6401000000", "totalRevenue": "8236000000", "costOfRevenue": "1835000000", "costofGoodsAndServicesSold": "1835000000", "operatingIncome": "3159000000", "sellingGeneralAndAdministrative": "1919000000", "researchAndDevelopment": "1323000000", "operatingExpenses": "3242000000", "investmentIncomeNet": "None", "netInterestIncome": "None", "interestIncome": "None", "interestExpense": "339000000", "nonInterestIncome": "None", "otherNonOperatingIncome": "-96000000", "depreciation": "None", "depreciationAndAmortization": "435000000", "incomeBeforeTax": "2761000000", "incomeTaxExpense": "14000000", "interestAndDebtExpense": "None", "netIncomeFromContinuingOperations": "2747000000", "comprehensiveIncomeNetOfTax": "None", "ebit": "3100000000", "ebitda": "3535000000", "netIncome": "2747000000"}, {"fiscalDateEnding": "2018-06-30", "reportedCurrency": "USD", "grossProfit": "6344000000", "totalRevenue": "8278000000", "costOfRevenue": "1934000000", "costofGoodsAndServicesSold": "1934000000", "operatingIncome": "2762000000", "sellingGeneralAndAdministrative": "1760000000", "researchAndDevelopment": "1322000000", "operatingExpenses": "3582000000", "investmentIncomeNet": "None", "netInterestIncome": "None", "interestIncome": "None", "interestExpense": "320000000", "nonInterestIncome": "None", "otherNonOperatingIncome": "-478000000", "depreciation": "None", "depreciationAndAmortization": "443000000", "incomeBeforeTax": "2012000000", "incomeTaxExpense": "29000000", "interestAndDebtExpense": "None", "netIncomeFromContinuingOperations": "1983000000", "comprehensiveIncomeNetOfTax": "None", "ebit": "2332000000", "ebitda": "2775000000", "netIncome": "1983000000"}, {"fiscalDateEnding": "2018-03-31", "reportedCurrency": "USD", "grossProfit": "6007000000", "totalRevenue": "7934000000", "costOfRevenue": "1927000000", "costofGoodsAndServicesSold": "1927000000", "operatingIncome": "2903000000", "sellingGeneralAndAdministrative": "1791000000", "researchAndDevelopment": "1313000000", "operatingExpenses": "3104000000", "investmentIncomeNet": "None", "netInterestIncome": "None", "interestIncome": "None", "interestExpense": "309000000", "nonInterestIncome": "None", "otherNonOperatingIncome": "145000000", "depreciation": "None", "depreciationAndAmortization": "445000000", "incomeBeforeTax": "2797000000", "incomeTaxExpense": "14000000", "interestAndDebtExpense": "None", "netIncomeFromContinuingOperations": "2783000000", "comprehensiveIncomeNetOfTax": "None", "ebit": "3106000000", "ebitda": "3551000000", "netIncome": "2783000000"}, {"fiscalDateEnding": "2017-12-31", "reportedCurrency": "USD", "grossProfit": "5459000000", "totalRevenue": "7739000000", "costOfRevenue": "2280000000", "costofGoodsAndServicesSold": "2280000000", "operatingIncome": "1794000000", "sellingGeneralAndAdministrative": "727000000", "researchAndDevelopment": "1714000000", "operatingExpenses": "3665000000", "investmentIncomeNet": "None", "netInterestIncome": "None", "interestIncome": "None", "interestExpense": "299000000", "nonInterestIncome": "None", "otherNonOperatingIncome": "-349000000", "depreciation": "None", "depreciationAndAmortization": "369000000", "incomeBeforeTax": "1193000000", "incomeTaxExpense": "1141000000", "interestAndDebtExpense": "None", "netIncomeFromContinuingOperations": "52000000", "comprehensiveIncomeNetOfTax": "None", "ebit": "1492000000", "ebitda": "1861000000", "netIncome": "52000000"}, {"fiscalDateEnding": "2017-09-30", "reportedCurrency": "USD", "grossProfit": "5379000000", "totalRevenue": "6995000000", "costOfRevenue": "1616000000", "costofGoodsAndServicesSold": "1616000000", "operatingIncome": "2694000000", "sellingGeneralAndAdministrative": "1452000000", "researchAndDevelopment": "1228000000", "operatingExpenses": "2685000000", "investmentIncomeNet": "None", "netInterestIncome": "None", "interestIncome": "None", "interestExpense": "293000000", "nonInterestIncome": "None", "otherNonOperatingIncome": "-358000000", "depreciation": "None", "depreciationAndAmortization": "379000000", "incomeBeforeTax": "2095000000", "incomeTaxExpense": "464000000", "interestAndDebtExpense": "None", "netIncomeFromContinuingOperations": "1631000000", "comprehensiveIncomeNetOfTax": "None", "ebit": "2388000000", "ebitda": "2767000000", "netIncome": "1631000000"}, {"fiscalDateEnding": "2017-06-30", "reportedCurrency": "USD", "grossProfit": "5416000000", "totalRevenue": "6944000000", "costOfRevenue": "1528000000", "costofGoodsAndServicesSold": "1528000000", "operatingIncome": "2662000000", "sellingGeneralAndAdministrative": "1504000000", "researchAndDevelopment": "1244000000", "operatingExpenses": "2753000000", "investmentIncomeNet": "None", "netInterestIncome": "None", "interestIncome": "None", "interestExpense": "284000000", "nonInterestIncome": "None", "otherNonOperatingIncome": "-68000000", "depreciation": "None", "depreciationAndAmortization": "379000000", "incomeBeforeTax": "2353000000", "incomeTaxExpense": "438000000", "interestAndDebtExpense": "None", "netIncomeFromContinuingOperations": "1915000000", "comprehensiveIncomeNetOfTax": "None", "ebit": "2637000000", "ebitda": "3016000000", "netIncome": "1915000000"}, {"fiscalDateEnding": "2017-03-31", "reportedCurrency": "USD", "grossProfit": "4922000000", "totalRevenue": "6538000000", "costOfRevenue": "1616000000", "costofGoodsAndServicesSold": "1616000000", "operatingIncome": "2407000000", "sellingGeneralAndAdministrative": "1368000000", "researchAndDevelopment": "1142000000", "operatingExpenses": "2515000000", "investmentIncomeNet": "None", "netInterestIncome": "None", "interestIncome": "None", "interestExpense": "273000000", "nonInterestIncome": "None", "otherNonOperatingIncome": "-86000000", "depreciation": "None", "depreciationAndAmortization": "374000000", "incomeBeforeTax": "2086000000", "incomeTaxExpense": "375000000", "interestAndDebtExpense": "None", "netIncomeFromContinuingOperations": "1711000000", "comprehensiveIncomeNetOfTax": "None", "ebit": "2359000000", "ebitda": "2733000000", "netIncome": "1711000000"}, {"fiscalDateEnding": "2016-12-31", "reportedCurrency": "USD", "grossProfit": "5241000000", "totalRevenue": "6796000000", "costOfRevenue": "1555000000", "costofGoodsAndServicesSold": "1555000000", "operatingIncome": "2358000000", "sellingGeneralAndAdministrative": "889000000", "researchAndDevelopment": "1230000000", "operatingExpenses": "2883000000", "investmentIncomeNet": "None", "netInterestIncome": "None", "interestIncome": "None", "interestExpense": "316000000", "nonInterestIncome": "None", "otherNonOperatingIncome": "-70000000", "depreciation": "None", "depreciationAndAmortization": "328000000", "incomeBeforeTax": "1998000000", "incomeTaxExpense": "607000000", "interestAndDebtExpense": "None", "netIncomeFromContinuingOperations": "1391000000", "comprehensiveIncomeNetOfTax": "None", "ebit": "2314000000", "ebitda": "2642000000", "netIncome": "1391000000"}, {"fiscalDateEnding": "2016-09-30", "reportedCurrency": "USD", "grossProfit": "4928000000", "totalRevenue": "6432000000", "costOfRevenue": "1504000000", "costofGoodsAndServicesSold": "1504000000", "operatingIncome": "2361000000", "sellingGeneralAndAdministrative": "1381000000", "researchAndDevelopment": "1186000000", "operatingExpenses": "2567000000", "investmentIncomeNet": "None", "netInterestIncome": "None", "interestIncome": "None", "interestExpense": "271000000", "nonInterestIncome": "None", "otherNonOperatingIncome": "-97000000", "depreciation": "None", "depreciationAndAmortization": "304000000", "incomeBeforeTax": "2014000000", "incomeTaxExpense": "416000000", "interestAndDebtExpense": "None", "netIncomeFromContinuingOperations": "1598000000", "comprehensiveIncomeNetOfTax": "None", "ebit": "2285000000", "ebitda": "2589000000", "netIncome": "1598000000"}, {"fiscalDateEnding": "2016-06-30", "reportedCurrency": "USD", "grossProfit": "5047000000", "totalRevenue": "6452000000", "costOfRevenue": "1405000000", "costofGoodsAndServicesSold": "1405000000", "operatingIncome": "2387000000", "sellingGeneralAndAdministrative": "1466000000", "researchAndDevelopment": "1194000000", "operatingExpenses": "2660000000", "investmentIncomeNet": "None", "netInterestIncome": "None", "interestIncome": "None", "interestExpense": "245000000", "nonInterestIncome": "None", "otherNonOperatingIncome": "-66000000", "depreciation": "None", "depreciationAndAmortization": "289000000", "incomeBeforeTax": "2096000000", "incomeTaxExpense": "486000000", "interestAndDebtExpense": "None", "netIncomeFromContinuingOperations": "1610000000", "comprehensiveIncomeNetOfTax": "None", "ebit": "2341000000", "ebitda": "2630000000", "netIncome": "1610000000"}, {"fiscalDateEnding": "2016-03-31", "reportedCurrency": "USD", "grossProfit": "4589000000", "totalRevenue": "5958000000", "costOfRevenue": "1369000000", "costofGoodsAndServicesSold": "1369000000", "operatingIncome": "2278000000", "sellingGeneralAndAdministrative": "1355000000", "researchAndDevelopment": "956000000", "operatingExpenses": "2311000000", "investmentIncomeNet": "None", "netInterestIncome": "None", "interestIncome": "None", "interestExpense": "215000000", "nonInterestIncome": "None", "otherNonOperatingIncome": "-302000000", "depreciation": "None", "depreciationAndAmortization": "268000000", "incomeBeforeTax": "1776000000", "incomeTaxExpense": "422000000", "interestAndDebtExpense": "None", "netIncomeFromContinuingOperations": "1354000000", "comprehensiveIncomeNetOfTax": "None", "ebit": "1991000000", "ebitda": "2259000000", "netIncome": "1354000000"}, {"fiscalDateEnding": "2015-12-31", "reportedCurrency": "USD", "grossProfit": "4925000000", "totalRevenue": "6400000000", "costOfRevenue": "1475000000", "costofGoodsAndServicesSold": "1475000000", "operatingIncome": "2113000000", "sellingGeneralAndAdministrative": "1737000000", "researchAndDevelopment": "1075000000", "operatingExpenses": "2812000000", "investmentIncomeNet": "None", "netInterestIncome": "None", "interestIncome": "None", "interestExpense": "208000000", "nonInterestIncome": "None", "otherNonOperatingIncome": "10000000", "depreciation": "None", "depreciationAndAmortization": "261000000", "incomeBeforeTax": "1924000000", "incomeTaxExpense": "407000000", "interestAndDebtExpense": "None", "netIncomeFromContinuingOperations": "1517000000", "comprehensiveIncomeNetOfTax": "None", "ebit": "2132000000", "ebitda": "2393000000", "netIncome": "1517000000"}, {"fiscalDateEnding": "2015-09-30", "reportedCurrency": "USD", "grossProfit": "4777000000", "totalRevenue": "5944000000", "costOfRevenue": "1167000000", "costofGoodsAndServicesSold": "1167000000", "operatingIncome": "1885000000", "sellingGeneralAndAdministrative": "1474000000", "researchAndDevelopment": "1418000000", "operatingExpenses": "2892000000", "investmentIncomeNet": "None", "netInterestIncome": "None", "interestIncome": "None", "interestExpense": "207000000", "nonInterestIncome": "None", "otherNonOperatingIncome": "-41000000", "depreciation": "None", "depreciationAndAmortization": "227000000", "incomeBeforeTax": "1647000000", "incomeTaxExpense": "408000000", "interestAndDebtExpense": "None", "netIncomeFromContinuingOperations": "1239000000", "comprehensiveIncomeNetOfTax": "None", "ebit": "1854000000", "ebitda": "2081000000", "netIncome": "1239000000"}, {"fiscalDateEnding": "2015-06-30", "reportedCurrency": "USD", "grossProfit": "4559000000", "totalRevenue": "5475000000", "costOfRevenue": "916000000", "costofGoodsAndServicesSold": "916000000", "operatingIncome": "1852000000", "sellingGeneralAndAdministrative": "1703000000", "researchAndDevelopment": "1004000000", "operatingExpenses": "2707000000", "investmentIncomeNet": "None", "netInterestIncome": "None", "interestIncome": "None", "interestExpense": "172000000", "nonInterestIncome": "None", "otherNonOperatingIncome": "-10000000", "depreciation": "None", "depreciationAndAmortization": "190000000", "incomeBeforeTax": "1678000000", "incomeTaxExpense": "312000000", "interestAndDebtExpense": "None", "netIncomeFromContinuingOperations": "1366000000", "comprehensiveIncomeNetOfTax": "None", "ebit": "1850000000", "ebitda": "2040000000", "netIncome": "1366000000"}, {"fiscalDateEnding": "2015-03-31", "reportedCurrency": "USD", "grossProfit": "4098000000", "totalRevenue": "5040000000", "costOfRevenue": "942000000", "costofGoodsAndServicesSold": "942000000", "operatingIncome": "1687000000", "sellingGeneralAndAdministrative": "1473000000", "researchAndDevelopment": "938000000", "operatingExpenses": "2411000000", "investmentIncomeNet": "None", "netInterestIncome": "None", "interestIncome": "None", "interestExpense": "132000000", "nonInterestIncome": "None", "otherNonOperatingIncome": "-165000000", "depreciation": "None", "depreciationAndAmortization": "158000000", "incomeBeforeTax": "1396000000", "incomeTaxExpense": "374000000", "interestAndDebtExpense": "None", "netIncomeFromContinuingOperations": "1022000000", "comprehensiveIncomeNetOfTax": "None", "ebit": "1528000000", "ebitda": "1686000000", "netIncome": "1022000000"}, {"fiscalDateEnding": "2014-12-31", "reportedCurrency": "USD", "grossProfit": "4333000000", "totalRevenue": "5452000000", "costOfRevenue": "1119000000", "costofGoodsAndServicesSold": "1119000000", "operatingIncome": "-415000000", "sellingGeneralAndAdministrative": "3341000000", "researchAndDevelopment": "907000000", "operatingExpenses": "4748000000", "investmentIncomeNet": "None", "netInterestIncome": "None", "interestIncome": "None", "interestExpense": "139000000", "nonInterestIncome": "None", "otherNonOperatingIncome": "-493000000", "depreciation": "None", "depreciationAndAmortization": "193000000", "incomeBeforeTax": "-1037000000", "incomeTaxExpense": "-227000000", "interestAndDebtExpense": "None", "netIncomeFromContinuingOperations": "-810000000", "comprehensiveIncomeNetOfTax": "None", "ebit": "-898000000", "ebitda": "-705000000", "netIncome": "-810000000"}, {"fiscalDateEnding": "2014-09-30", "reportedCurrency": "USD", "grossProfit": "3925000000", "totalRevenue": "5019000000", "costOfRevenue": "1094000000", "costofGoodsAndServicesSold": "1094000000", "operatingIncome": "960000000", "sellingGeneralAndAdministrative": "1595000000", "researchAndDevelopment": "1120000000", "operatingExpenses": "2965000000", "investmentIncomeNet": "None", "netInterestIncome": "None", "interestIncome": "None", "interestExpense": "148000000", "nonInterestIncome": "None", "otherNonOperatingIncome": "-145000000", "depreciation": "None", "depreciationAndAmortization": "192000000", "incomeBeforeTax": "687000000", "incomeTaxExpense": "181000000", "interestAndDebtExpense": "None", "netIncomeFromContinuingOperations": "506000000", "comprehensiveIncomeNetOfTax": "None", "ebit": "835000000", "ebitda": "1027000000", "netIncome": "506000000"}, {"fiscalDateEnding": "2014-06-30", "reportedCurrency": "USD", "grossProfit": "3813000000", "totalRevenue": "4926000000", "costOfRevenue": "1113000000", "costofGoodsAndServicesSold": "1113000000", "operatingIncome": "1515000000", "sellingGeneralAndAdministrative": "1448000000", "researchAndDevelopment": "850000000", "operatingExpenses": "2298000000", "investmentIncomeNet": "None", "netInterestIncome": "None", "interestIncome": "None", "interestExpense": "73000000", "nonInterestIncome": "None", "otherNonOperatingIncome": "-13000000", "depreciation": "None", "depreciationAndAmortization": "202000000", "incomeBeforeTax": "1433000000", "incomeTaxExpense": "335000000", "interestAndDebtExpense": "None", "netIncomeFromContinuingOperations": "1098000000", "comprehensiveIncomeNetOfTax": "None", "ebit": "1506000000", "ebitda": "1708000000", "netIncome": "1098000000"}, {"fiscalDateEnding": "2014-03-31", "reportedCurrency": "USD", "grossProfit": "3463000000", "totalRevenue": "4563000000", "costOfRevenue": "1100000000", "costofGoodsAndServicesSold": "1100000000", "operatingIncome": "1351000000", "sellingGeneralAndAdministrative": "1340000000", "researchAndDevelopment": "772000000", "operatingExpenses": "2112000000", "investmentIncomeNet": "None", "netInterestIncome": "None", "interestIncome": "None", "interestExpense": "70000000", "nonInterestIncome": "None", "otherNonOperatingIncome": "None", "depreciation": "None", "depreciationAndAmortization": "199000000", "incomeBeforeTax": "1286000000", "incomeTaxExpense": "306000000", "interestAndDebtExpense": "None", "netIncomeFromContinuingOperations": "980000000", "comprehensiveIncomeNetOfTax": "None", "ebit": "1356000000", "ebitda": "1555000000", "netIncome": "980000000"}, {"fiscalDateEnding": "2013-12-31", "reportedCurrency": "USD", "grossProfit": "3829000000", "totalRevenue": "5111000000", "costOfRevenue": "1282000000", "costofGoodsAndServicesSold": "1282000000", "operatingIncome": "1535000000", "sellingGeneralAndAdministrative": "1448000000", "researchAndDevelopment": "846000000", "operatingExpenses": "2294000000", "investmentIncomeNet": "None", "netInterestIncome": "None", "interestIncome": "None", "interestExpense": "74000000", "nonInterestIncome": "None", "otherNonOperatingIncome": "-28000000", "depreciation": "None", "depreciationAndAmortization": "200000000", "incomeBeforeTax": "1439000000", "incomeTaxExpense": "311000000", "interestAndDebtExpense": "None", "netIncomeFromContinuingOperations": "1128000000", "comprehensiveIncomeNetOfTax": "None", "ebit": "1513000000", "ebitda": "1713000000", "netIncome": "1128000000"}, {"fiscalDateEnding": "2013-09-30", "reportedCurrency": "USD", "grossProfit": "3566000000", "totalRevenue": "4658000000", "costOfRevenue": "1092000000", "costofGoodsAndServicesSold": "1092000000", "operatingIncome": "1371000000", "sellingGeneralAndAdministrative": "1261000000", "researchAndDevelopment": "934000000", "operatingExpenses": "2195000000", "investmentIncomeNet": "None", "netInterestIncome": "None", "interestIncome": "None", "interestExpense": "75000000", "nonInterestIncome": "None", "otherNonOperatingIncome": "-16000000", "depreciation": "None", "depreciationAndAmortization": "234000000", "incomeBeforeTax": "1286000000", "incomeTaxExpense": "322000000", "interestAndDebtExpense": "None", "netIncomeFromContinuingOperations": "964000000", "comprehensiveIncomeNetOfTax": "None", "ebit": "1361000000", "ebitda": "1595000000", "netIncome": "964000000"}, {"fiscalDateEnding": "2013-06-30", "reportedCurrency": "USD", "grossProfit": "3638000000", "totalRevenue": "4692000000", "costOfRevenue": "1054000000", "costofGoodsAndServicesSold": "1054000000", "operatingIncome": "1453000000", "sellingGeneralAndAdministrative": "1406000000", "researchAndDevelopment": "779000000", "operatingExpenses": "2185000000", "investmentIncomeNet": "None", "netInterestIncome": "None", "interestIncome": "None", "interestExpense": "79000000", "nonInterestIncome": "None", "otherNonOperatingIncome": "-10000000", "depreciation": "None", "depreciationAndAmortization": "236000000", "incomeBeforeTax": "1368000000", "incomeTaxExpense": "300000000", "interestAndDebtExpense": "None", "netIncomeFromContinuingOperations": "1068000000", "comprehensiveIncomeNetOfTax": "None", "ebit": "1447000000", "ebitda": "1683000000", "netIncome": "1068000000"}, {"fiscalDateEnding": "2013-03-31", "reportedCurrency": "USD", "grossProfit": "3176000000", "totalRevenue": "4329000000", "costOfRevenue": "1153000000", "costofGoodsAndServicesSold": "1153000000", "operatingIncome": "1305000000", "sellingGeneralAndAdministrative": "1237000000", "researchAndDevelopment": "634000000", "operatingExpenses": "1871000000", "investmentIncomeNet": "None", "netInterestIncome": "None", "interestIncome": "None", "interestExpense": "72000000", "nonInterestIncome": "None", "otherNonOperatingIncome": "None", "depreciation": "None", "depreciationAndAmortization": "227000000", "incomeBeforeTax": "1239000000", "incomeTaxExpense": "271000000", "interestAndDebtExpense": "None", "netIncomeFromContinuingOperations": "968000000", "comprehensiveIncomeNetOfTax": "None", "ebit": "1311000000", "ebitda": "1538000000", "netIncome": "968000000"}, {"fiscalDateEnding": "2012-12-31", "reportedCurrency": "USD", "grossProfit": "3940468000", "totalRevenue": "5205795000", "costOfRevenue": "1265327000", "costofGoodsAndServicesSold": "1265327000", "operatingIncome": "1820890000", "sellingGeneralAndAdministrative": "1410357000", "researchAndDevelopment": "969221000", "operatingExpenses": "2119578000", "investmentIncomeNet": "None", "netInterestIncome": "None", "interestIncome": "None", "interestExpense": "104000000", "nonInterestIncome": "None", "otherNonOperatingIncome": "None", "depreciation": "None", "depreciationAndAmortization": "308860000", "incomeBeforeTax": "1712917000", "incomeTaxExpense": "173275000", "interestAndDebtExpense": "None", "netIncomeFromContinuingOperations": "0", "comprehensiveIncomeNetOfTax": "None", "ebit": "1572890000", "ebitda": "1881750000", "netIncome": "1539642000"}, {"fiscalDateEnding": "2012-09-30", "reportedCurrency": "USD", "grossProfit": "3494000000", "totalRevenue": "4508000000", "costOfRevenue": "1014000000", "costofGoodsAndServicesSold": "1014000000", "operatingIncome": "1596000000", "sellingGeneralAndAdministrative": "1085000000", "researchAndDevelopment": "813000000", "operatingExpenses": "1898000000", "investmentIncomeNet": "None", "netInterestIncome": "None", "interestIncome": "None", "interestExpense": "10000000", "nonInterestIncome": "None", "otherNonOperatingIncome": "None", "depreciation": "None", "depreciationAndAmortization": "227000000", "incomeBeforeTax": "1604000000", "incomeTaxExpense": "19000000", "interestAndDebtExpense": "None", "netIncomeFromContinuingOperations": "0", "comprehensiveIncomeNetOfTax": "None", "ebit": "1614000000", "ebitda": "1841000000", "netIncome": "1585000000"}, {"fiscalDateEnding": "2012-06-30", "reportedCurrency": "USD", "grossProfit": "3420000000", "totalRevenue": "4493000000", "costOfRevenue": "1073000000", "costofGoodsAndServicesSold": "1073000000", "operatingIncome": "1422000000", "sellingGeneralAndAdministrative": "1246000000", "researchAndDevelopment": "752000000", "operatingExpenses": "1998000000", "investmentIncomeNet": "None", "netInterestIncome": "None", "interestIncome": "None", "interestExpense": "0", "nonInterestIncome": "None", "otherNonOperatingIncome": "None", "depreciation": "None", "depreciationAndAmortization": "295000000", "incomeBeforeTax": "1402000000", "incomeTaxExpense": "135000000", "interestAndDebtExpense": "None", "netIncomeFromContinuingOperations": "0", "comprehensiveIncomeNetOfTax": "None", "ebit": "1402000000", "ebitda": "1697000000", "netIncome": "1267000000"}, {"fiscalDateEnding": "2012-03-31", "reportedCurrency": "USD", "grossProfit": "3017000000", "totalRevenue": "4173000000", "costOfRevenue": "1156000000", "costofGoodsAndServicesSold": "1156000000", "operatingIncome": "978000000", "sellingGeneralAndAdministrative": "1246924000", "researchAndDevelopment": "792000000", "operatingExpenses": "2039000000", "investmentIncomeNet": "None", "netInterestIncome": "None", "interestIncome": "None", "interestExpense": "0", "nonInterestIncome": "None", "otherNonOperatingIncome": "None", "depreciation": "None", "depreciationAndAmortization": "319000000", "incomeBeforeTax": "1006000000", "incomeTaxExpense": "123000000", "interestAndDebtExpense": "None", "netIncomeFromContinuingOperations": "0", "comprehensiveIncomeNetOfTax": "None", "ebit": "1006000000", "ebitda": "1325000000", "netIncome": "883000000"}, {"fiscalDateEnding": "2011-12-31", "reportedCurrency": "USD", "grossProfit": "3688000000", "totalRevenue": "4864063000", "costOfRevenue": "1176063000", "costofGoodsAndServicesSold": "1176063000", "operatingIncome": "1378839000", "sellingGeneralAndAdministrative": "1812161000", "researchAndDevelopment": "775129000", "operatingExpenses": "2309161000", "investmentIncomeNet": "None", "netInterestIncome": "None", "interestIncome": "None", "interestExpense": "0", "nonInterestIncome": "None", "otherNonOperatingIncome": "None", "depreciation": "None", "depreciationAndAmortization": "324876000", "incomeBeforeTax": "1357900000", "incomeTaxExpense": "200337000", "interestAndDebtExpense": "None", "netIncomeFromContinuingOperations": "0", "comprehensiveIncomeNetOfTax": "None", "ebit": "1778839000", "ebitda": "2103715000", "netIncome": "1157563000"}, {"fiscalDateEnding": "2011-09-30", "reportedCurrency": "USD", "grossProfit": "3260000000", "totalRevenue": "4408681000", "costOfRevenue": "1148681000", "costofGoodsAndServicesSold": "1148681000", "operatingIncome": "53613000", "sellingGeneralAndAdministrative": "1706387000", "researchAndDevelopment": "665521000", "operatingExpenses": "3206387000", "investmentIncomeNet": "None", "netInterestIncome": "None", "interestIncome": "None", "interestExpense": "0", "nonInterestIncome": "None", "otherNonOperatingIncome": "None", "depreciation": "None", "depreciationAndAmortization": "315233000", "incomeBeforeTax": "71573000", "incomeTaxExpense": "59238000", "interestAndDebtExpense": "None", "netIncomeFromContinuingOperations": "0", "comprehensiveIncomeNetOfTax": "None", "ebit": "53613000", "ebitda": "368846000", "netIncome": "12335000"}, {"fiscalDateEnding": "2011-06-30", "reportedCurrency": "USD", "grossProfit": "3167107000", "totalRevenue": "4274445000", "costOfRevenue": "1107338000", "costofGoodsAndServicesSold": "1107338000", "operatingIncome": "1363844000", "sellingGeneralAndAdministrative": "1630763000", "researchAndDevelopment": "589759000", "operatingExpenses": "1803263000", "investmentIncomeNet": "None", "netInterestIncome": "None", "interestIncome": "None", "interestExpense": "0", "nonInterestIncome": "None", "otherNonOperatingIncome": "None", "depreciation": "None", "depreciationAndAmortization": "317610000", "incomeBeforeTax": "1380732000", "incomeTaxExpense": "-159299000", "interestAndDebtExpense": "None", "netIncomeFromContinuingOperations": "0", "comprehensiveIncomeNetOfTax": "None", "ebit": "1536344000", "ebitda": "1853954000", "netIncome": "1540031000"}, {"fiscalDateEnding": "2011-03-31", "reportedCurrency": "USD", "grossProfit": "2689451000", "totalRevenue": "3896762000", "costOfRevenue": "1207311000", "costofGoodsAndServicesSold": "1207311000", "operatingIncome": "824436000", "sellingGeneralAndAdministrative": "1177918000", "researchAndDevelopment": "587097000", "operatingExpenses": "1865015000", "investmentIncomeNet": "None", "netInterestIncome": "None", "interestIncome": "None", "interestExpense": "0", "nonInterestIncome": "None", "otherNonOperatingIncome": "None", "depreciation": "None", "depreciationAndAmortization": "314475000", "incomeBeforeTax": "858322000", "incomeTaxExpense": "135123000", "interestAndDebtExpense": "None", "netIncomeFromContinuingOperations": "0", "comprehensiveIncomeNetOfTax": "None", "ebit": "924436000", "ebitda": "1238911000", "netIncome": "723199000"}, {"fiscalDateEnding": "2010-12-31", "reportedCurrency": "USD", "grossProfit": "12535103000", "totalRevenue": "15637731000", "costOfRevenue": "3102628000", "costofGoodsAndServicesSold": "3102628000", "operatingIncome": "5176983000", "sellingGeneralAndAdministrative": "6173759000", "researchAndDevelopment": "2807798000", "operatingExpenses": "0", "investmentIncomeNet": "None", "netInterestIncome": "None", "interestIncome": "None", "interestExpense": "0", "nonInterestIncome": "None", "otherNonOperatingIncome": "None", "depreciation": "None", "depreciationAndAmortization": "None", "incomeBeforeTax": "4835497000", "incomeTaxExpense": "657631000", "interestAndDebtExpense": "None", "netIncomeFromContinuingOperations": "0", "comprehensiveIncomeNetOfTax": "None", "ebit": "0", "ebitda": "None", "netIncome": "4177866000"}]}