{"symbol": "SPGI", "annualReports": [{"fiscalDateEnding": "2025-12-31", "reportedCurrency": "USD", "grossProfit": "6177000000", "totalRevenue": "15336000000", "costOfRevenue": "9159000000", "costofGoodsAndServicesSold": "9159000000", "operatingIncome": "6177000000", "sellingGeneralAndAdministrative": "3417000000", "researchAndDevelopment": "None", "operatingExpenses": "9159000000", "investmentIncomeNet": "None", "netInterestIncome": "-287000000", "interestIncome": "None", "interestExpense": "287000000", "nonInterestIncome": "None", "otherNonOperatingIncome": "None", "depreciation": "None", "depreciationAndAmortization": "1179000000", "incomeBeforeTax": "6227000000", "incomeTaxExpense": "1407000000", "interestAndDebtExpense": "None", "netIncomeFromContinuingOperations": "4820000000", "comprehensiveIncomeNetOfTax": "None", "ebit": "6514000000", "ebitda": "7693000000", "netIncome": "4471000000"}, {"fiscalDateEnding": "2024-12-31", "reportedCurrency": "USD", "grossProfit": "9817000000", "totalRevenue": "14208000000", "costOfRevenue": "4391000000", "costofGoodsAndServicesSold": "4391000000", "operatingIncome": "5580000000", "sellingGeneralAndAdministrative": "3166000000", "researchAndDevelopment": "None", "operatingExpenses": "4237000000", "investmentIncomeNet": "None", "netInterestIncome": "-297000000", "interestIncome": "None", "interestExpense": "297000000", "nonInterestIncome": "None", "otherNonOperatingIncome": "None", "depreciation": "None", "depreciationAndAmortization": "1173000000", "incomeBeforeTax": "5308000000", "incomeTaxExpense": "1141000000", "interestAndDebtExpense": "None", "netIncomeFromContinuingOperations": "4167000000", "comprehensiveIncomeNetOfTax": "None", "ebit": "5605000000", "ebitda": "6778000000", "netIncome": "3852000000"}, {"fiscalDateEnding": "2023-12-31", "reportedCurrency": "USD", "grossProfit": "12497000000", "totalRevenue": "12497000000", "costOfRevenue": "4130000000", "costofGoodsAndServicesSold": "4130000000", "operatingIncome": "4020000000", "sellingGeneralAndAdministrative": "3149000000", "researchAndDevelopment": "None", "operatingExpenses": "4141000000", "investmentIncomeNet": "None", "netInterestIncome": "-344000000", "interestIncome": "None", "interestExpense": "334000000", "nonInterestIncome": "None", "otherNonOperatingIncome": "None", "depreciation": "None", "depreciationAndAmortization": "1143000000", "incomeBeforeTax": "3671000000", "incomeTaxExpense": "778000000", "interestAndDebtExpense": "None", "netIncomeFromContinuingOperations": "2743000000", "comprehensiveIncomeNetOfTax": "None", "ebit": "4020000000", "ebitda": "4020000000", "netIncome": "2626000000"}, {"fiscalDateEnding": "2022-12-31", "reportedCurrency": "USD", "grossProfit": "7428000000", "totalRevenue": "11181000000", "costOfRevenue": "3753000000", "costofGoodsAndServicesSold": "3753000000", "operatingIncome": "4944000000", "sellingGeneralAndAdministrative": "3383000000", "researchAndDevelopment": "None", "operatingExpenses": "2484000000", "investmentIncomeNet": "None", "netInterestIncome": "-304000000", "interestIncome": "None", "interestExpense": "304000000", "nonInterestIncome": "None", "otherNonOperatingIncome": "62000000", "depreciation": "None", "depreciationAndAmortization": "1013000000", "incomeBeforeTax": "4702000000", "incomeTaxExpense": "1180000000", "interestAndDebtExpense": "None", "netIncomeFromContinuingOperations": "3522000000", "comprehensiveIncomeNetOfTax": "None", "ebit": "5006000000", "ebitda": "6019000000", "netIncome": "3248000000"}, {"fiscalDateEnding": "2021-12-31", "reportedCurrency": "USD", "grossProfit": "6117000000", "totalRevenue": "8297000000", "costOfRevenue": "2180000000", "costofGoodsAndServicesSold": "2180000000", "operatingIncome": "4221000000", "sellingGeneralAndAdministrative": "1714000000", "researchAndDevelopment": "13000000", "operatingExpenses": "1896000000", "investmentIncomeNet": "None", "netInterestIncome": "-119000000", "interestIncome": "None", "interestExpense": "119000000", "nonInterestIncome": "None", "otherNonOperatingIncome": "62000000", "depreciation": "None", "depreciationAndAmortization": "178000000", "incomeBeforeTax": "4164000000", "incomeTaxExpense": "901000000", "interestAndDebtExpense": "None", "netIncomeFromContinuingOperations": "3263000000", "comprehensiveIncomeNetOfTax": "None", "ebit": "4283000000", "ebitda": "4461000000", "netIncome": "3024000000"}, {"fiscalDateEnding": "2020-12-31", "reportedCurrency": "USD", "grossProfit": "5348000000", "totalRevenue": "7442000000", "costOfRevenue": "2094000000", "costofGoodsAndServicesSold": "2094000000", "operatingIncome": "3617000000", "sellingGeneralAndAdministrative": "1543000000", "researchAndDevelopment": "None", "operatingExpenses": "1731000000", "investmentIncomeNet": "None", "netInterestIncome": "-141000000", "interestIncome": "None", "interestExpense": "141000000", "nonInterestIncome": "None", "otherNonOperatingIncome": "-248000000", "depreciation": "None", "depreciationAndAmortization": "206000000", "incomeBeforeTax": "3228000000", "incomeTaxExpense": "694000000", "interestAndDebtExpense": "None", "netIncomeFromContinuingOperations": "2534000000", "comprehensiveIncomeNetOfTax": "None", "ebit": "3369000000", "ebitda": "3575000000", "netIncome": "2339000000"}, {"fiscalDateEnding": "2019-12-31", "reportedCurrency": "USD", "grossProfit": "4723000000", "totalRevenue": "6699000000", "costOfRevenue": "1976000000", "costofGoodsAndServicesSold": "1976000000", "operatingIncome": "3226000000", "sellingGeneralAndAdministrative": "1517000000", "researchAndDevelopment": "None", "operatingExpenses": "1497000000", "investmentIncomeNet": "None", "netInterestIncome": "-198000000", "interestIncome": "217000000", "interestExpense": "141000000", "nonInterestIncome": "None", "otherNonOperatingIncome": "-98000000", "depreciation": "None", "depreciationAndAmortization": "204000000", "incomeBeforeTax": "2930000000", "incomeTaxExpense": "627000000", "interestAndDebtExpense": "None", "netIncomeFromContinuingOperations": "3557000000", "comprehensiveIncomeNetOfTax": "None", "ebit": "3071000000", "ebitda": "3275000000", "netIncome": "2123000000"}, {"fiscalDateEnding": "2018-12-31", "reportedCurrency": "USD", "grossProfit": "4420000000", "totalRevenue": "6258000000", "costOfRevenue": "1838000000", "costofGoodsAndServicesSold": "1838000000", "operatingIncome": "2790000000", "sellingGeneralAndAdministrative": "1561000000", "researchAndDevelopment": "0", "operatingExpenses": "1630000000", "investmentIncomeNet": "None", "netInterestIncome": "-134000000", "interestIncome": "139000000", "interestExpense": "134000000", "nonInterestIncome": "None", "otherNonOperatingIncome": "25000000", "depreciation": "None", "depreciationAndAmortization": "206000000", "incomeBeforeTax": "2681000000", "incomeTaxExpense": "560000000", "interestAndDebtExpense": "None", "netIncomeFromContinuingOperations": "3241000000", "comprehensiveIncomeNetOfTax": "None", "ebit": "2815000000", "ebitda": "3021000000", "netIncome": "1958000000"}, {"fiscalDateEnding": "2017-12-31", "reportedCurrency": "USD", "grossProfit": "4369000000", "totalRevenue": "6063000000", "costOfRevenue": "1694000000", "costofGoodsAndServicesSold": "1694000000", "operatingIncome": "2583000000", "sellingGeneralAndAdministrative": "1560000000", "researchAndDevelopment": "0", "operatingExpenses": "1786000000", "investmentIncomeNet": "None", "netInterestIncome": "-149000000", "interestIncome": "149000000", "interestExpense": "149000000", "nonInterestIncome": "None", "otherNonOperatingIncome": "None", "depreciation": "None", "depreciationAndAmortization": "180000000", "incomeBeforeTax": "2461000000", "incomeTaxExpense": "823000000", "interestAndDebtExpense": "None", "netIncomeFromContinuingOperations": "1638000000", "comprehensiveIncomeNetOfTax": "None", "ebit": "2610000000", "ebitda": "2790000000", "netIncome": "1496000000"}, {"fiscalDateEnding": "2016-12-31", "reportedCurrency": "USD", "grossProfit": "3888000000", "totalRevenue": "5661000000", "costOfRevenue": "1773000000", "costofGoodsAndServicesSold": "1773000000", "operatingIncome": "3341000000", "sellingGeneralAndAdministrative": "1443000000", "researchAndDevelopment": "24000000", "operatingExpenses": "547000000", "investmentIncomeNet": "None", "netInterestIncome": "-181000000", "interestIncome": "181000000", "interestExpense": "181000000", "nonInterestIncome": "None", "otherNonOperatingIncome": "None", "depreciation": "None", "depreciationAndAmortization": "181000000", "incomeBeforeTax": "3188000000", "incomeTaxExpense": "960000000", "interestAndDebtExpense": "None", "netIncomeFromContinuingOperations": "2228000000", "comprehensiveIncomeNetOfTax": "None", "ebit": "3369000000", "ebitda": "3550000000", "netIncome": "2106000000"}, {"fiscalDateEnding": "2015-12-31", "reportedCurrency": "USD", "grossProfit": "3595000000", "totalRevenue": "5313000000", "costOfRevenue": "1718000000", "costofGoodsAndServicesSold": "1718000000", "operatingIncome": "1917000000", "sellingGeneralAndAdministrative": "1578000000", "researchAndDevelopment": "0", "operatingExpenses": "1678000000", "investmentIncomeNet": "None", "netInterestIncome": "None", "interestIncome": "102000000", "interestExpense": "102000000", "nonInterestIncome": "None", "otherNonOperatingIncome": "None", "depreciation": "None", "depreciationAndAmortization": "157000000", "incomeBeforeTax": "1815000000", "incomeTaxExpense": "547000000", "interestAndDebtExpense": "None", "netIncomeFromContinuingOperations": "1268000000", "comprehensiveIncomeNetOfTax": "None", "ebit": "1917000000", "ebitda": "2074000000", "netIncome": "1156000000"}, {"fiscalDateEnding": "2014-12-31", "reportedCurrency": "USD", "grossProfit": "3400000000", "totalRevenue": "5051000000", "costOfRevenue": "1651000000", "costofGoodsAndServicesSold": "1651000000", "operatingIncome": "113000000", "sellingGeneralAndAdministrative": "3168000000", "researchAndDevelopment": "0", "operatingExpenses": "3287000000", "investmentIncomeNet": "None", "netInterestIncome": "None", "interestIncome": "None", "interestExpense": "59000000", "nonInterestIncome": "None", "otherNonOperatingIncome": "None", "depreciation": "None", "depreciationAndAmortization": "134000000", "incomeBeforeTax": "54000000", "incomeTaxExpense": "245000000", "interestAndDebtExpense": "None", "netIncomeFromContinuingOperations": "-191000000", "comprehensiveIncomeNetOfTax": "None", "ebit": "113000000", "ebitda": "247000000", "netIncome": "-115000000"}, {"fiscalDateEnding": "2013-12-31", "reportedCurrency": "USD", "grossProfit": "3138000000", "totalRevenue": "4875000000", "costOfRevenue": "1564000000", "costofGoodsAndServicesSold": "1564000000", "operatingIncome": "1358000000", "sellingGeneralAndAdministrative": "1737000000", "researchAndDevelopment": "0", "operatingExpenses": "1780000000", "investmentIncomeNet": "None", "netInterestIncome": "None", "interestIncome": "None", "interestExpense": "59000000", "nonInterestIncome": "None", "otherNonOperatingIncome": "None", "depreciation": "None", "depreciationAndAmortization": "137000000", "incomeBeforeTax": "1346000000", "incomeTaxExpense": "425000000", "interestAndDebtExpense": "None", "netIncomeFromContinuingOperations": "903000000", "comprehensiveIncomeNetOfTax": "None", "ebit": "1358000000", "ebitda": "1495000000", "netIncome": "1376000000"}, {"fiscalDateEnding": "2012-12-31", "reportedCurrency": "USD", "grossProfit": "2837000000", "totalRevenue": "4450000000", "costOfRevenue": "1433000000", "costofGoodsAndServicesSold": "1433000000", "operatingIncome": "1170000000", "sellingGeneralAndAdministrative": "1709000000", "researchAndDevelopment": "0", "operatingExpenses": "1667000000", "investmentIncomeNet": "None", "netInterestIncome": "None", "interestIncome": "None", "interestExpense": "81000000", "nonInterestIncome": "None", "otherNonOperatingIncome": "None", "depreciation": "None", "depreciationAndAmortization": "141000000", "incomeBeforeTax": "1130000000", "incomeTaxExpense": "388000000", "interestAndDebtExpense": "None", "netIncomeFromContinuingOperations": "726000000", "comprehensiveIncomeNetOfTax": "None", "ebit": "1170000000", "ebitda": "1311000000", "netIncome": "437000000"}, {"fiscalDateEnding": "2011-12-31", "reportedCurrency": "USD", "grossProfit": "2567000000", "totalRevenue": "6246000000", "costOfRevenue": "1387000000", "costofGoodsAndServicesSold": "1387000000", "operatingIncome": "1077000000", "sellingGeneralAndAdministrative": "2281000000", "researchAndDevelopment": "0", "operatingExpenses": "1490000000", "investmentIncomeNet": "None", "netInterestIncome": "None", "interestIncome": "None", "interestExpense": "75000000", "nonInterestIncome": "None", "otherNonOperatingIncome": "None", "depreciation": "None", "depreciationAndAmortization": "126000000", "incomeBeforeTax": "1347000000", "incomeTaxExpense": "374000000", "interestAndDebtExpense": "None", "netIncomeFromContinuingOperations": "858000000", "comprehensiveIncomeNetOfTax": "None", "ebit": "1077000000", "ebitda": "1203000000", "netIncome": "911000000"}, {"fiscalDateEnding": "2010-12-31", "reportedCurrency": "USD", "grossProfit": "2433000000", "totalRevenue": "6168331000", "costOfRevenue": "1206000000", "costofGoodsAndServicesSold": "1206000000", "operatingIncome": "1026000000", "sellingGeneralAndAdministrative": "2262203000", "researchAndDevelopment": "0", "operatingExpenses": "1407000000", "investmentIncomeNet": "None", "netInterestIncome": "None", "interestIncome": "None", "interestExpense": "81643000", "nonInterestIncome": "None", "otherNonOperatingIncome": "None", "depreciation": "None", "depreciationAndAmortization": "108000000", "incomeBeforeTax": "1339416000", "incomeTaxExpense": "344000000", "interestAndDebtExpense": "None", "netIncomeFromContinuingOperations": "851869000", "comprehensiveIncomeNetOfTax": "None", "ebit": "1026000000", "ebitda": "1134000000", "netIncome": "828063000"}, {"fiscalDateEnding": "2009-12-31", "reportedCurrency": "USD", "grossProfit": "3565775000", "totalRevenue": "5951782000", "costOfRevenue": "2386007000", "costofGoodsAndServicesSold": "2386007000", "operatingIncome": "1255736000", "sellingGeneralAndAdministrative": "2141251000", "researchAndDevelopment": "0", "operatingExpenses": "4692742000", "investmentIncomeNet": "None", "netInterestIncome": "None", "interestIncome": "None", "interestExpense": "76867000", "nonInterestIncome": "None", "otherNonOperatingIncome": "None", "depreciation": "None", "depreciationAndAmortization": "435953000", "incomeBeforeTax": "1178869000", "incomeTaxExpense": "429108000", "interestAndDebtExpense": "None", "netIncomeFromContinuingOperations": "749761000", "comprehensiveIncomeNetOfTax": "None", "ebit": "1255736000", "ebitda": "1691689000", "netIncome": "730502000"}, {"fiscalDateEnding": "2008-12-31", "reportedCurrency": "USD", "grossProfit": "3842054000", "totalRevenue": "6355055000", "costOfRevenue": "2513001000", "costofGoodsAndServicesSold": "2513001000", "operatingIncome": "1354810000", "sellingGeneralAndAdministrative": "2308898000", "researchAndDevelopment": "None", "operatingExpenses": "5000245000", "investmentIncomeNet": "None", "netInterestIncome": "None", "interestIncome": "None", "interestExpense": "75624000", "nonInterestIncome": "None", "otherNonOperatingIncome": "None", "depreciation": "None", "depreciationAndAmortization": "448788000", "incomeBeforeTax": "1279186000", "incomeTaxExpense": "479695000", "interestAndDebtExpense": "None", "netIncomeFromContinuingOperations": "None", "comprehensiveIncomeNetOfTax": "None", "ebit": "1354810000", "ebitda": "1803598000", "netIncome": "799491000"}, {"fiscalDateEnding": "2007-12-31", "reportedCurrency": "USD", "grossProfit": "4244681000", "totalRevenue": "6772281000", "costOfRevenue": "2527600000", "costofGoodsAndServicesSold": "2527600000", "operatingIncome": "1663113000", "sellingGeneralAndAdministrative": "2437884000", "researchAndDevelopment": "None", "operatingExpenses": "2581568000", "investmentIncomeNet": "None", "netInterestIncome": "None", "interestIncome": "None", "interestExpense": "23276000", "nonInterestIncome": "None", "otherNonOperatingIncome": "None", "depreciation": "None", "depreciationAndAmortization": "401171000", "incomeBeforeTax": "1622532000", "incomeTaxExpense": "608973000", "interestAndDebtExpense": "None", "netIncomeFromContinuingOperations": "None", "comprehensiveIncomeNetOfTax": "None", "ebit": "1663113000", "ebitda": "2064284000", "netIncome": "1013559000"}, {"fiscalDateEnding": "2006-12-31", "reportedCurrency": "USD", "grossProfit": "3867891000", "totalRevenue": "6255138000", "costOfRevenue": "2387247000", "costofGoodsAndServicesSold": "2387247000", "operatingIncome": "1418454000", "sellingGeneralAndAdministrative": "2287850000", "researchAndDevelopment": "None", "operatingExpenses": "2449437000", "investmentIncomeNet": "None", "netInterestIncome": "None", "interestIncome": "None", "interestExpense": "13631000", "nonInterestIncome": "None", "otherNonOperatingIncome": "None", "depreciation": "None", "depreciationAndAmortization": "389992000", "incomeBeforeTax": "1404823000", "incomeTaxExpense": "522592000", "interestAndDebtExpense": "None", "netIncomeFromContinuingOperations": "None", "comprehensiveIncomeNetOfTax": "None", "ebit": "1418454000", "ebitda": "1808446000", "netIncome": "882231000"}], "quarterlyReports": [{"fiscalDateEnding": "2025-12-31", "reportedCurrency": "USD", "grossProfit": "1405000000", "totalRevenue": "3916000000", "costOfRevenue": "2511000000", "costofGoodsAndServicesSold": "2511000000", "operatingIncome": "1405000000", "sellingGeneralAndAdministrative": "1045000000", "researchAndDevelopment": "None", "operatingExpenses": "2512000000", "investmentIncomeNet": "None", "netInterestIncome": "-54000000", "interestIncome": "None", "interestExpense": "54000000", "nonInterestIncome": "None", "otherNonOperatingIncome": "None", "depreciation": "None", "depreciationAndAmortization": "None", "incomeBeforeTax": "1631000000", "incomeTaxExpense": "407000000", "interestAndDebtExpense": "None", "netIncomeFromContinuingOperations": "1224000000", "comprehensiveIncomeNetOfTax": "None", "ebit": "None", "ebitda": "1685000000", "netIncome": "1134000000"}, {"fiscalDateEnding": "2025-09-30", "reportedCurrency": "USD", "grossProfit": "2473000000", "totalRevenue": "3888000000", "costOfRevenue": "1415000000", "costofGoodsAndServicesSold": "1415000000", "operatingIncome": "1755000000", "sellingGeneralAndAdministrative": "805000000", "researchAndDevelopment": "None", "operatingExpenses": "718000000", "investmentIncomeNet": "None", "netInterestIncome": "-79000000", "interestIncome": "None", "interestExpense": "79000000", "nonInterestIncome": "None", "otherNonOperatingIncome": "None", "depreciation": "None", "depreciationAndAmortization": "294000000", "incomeBeforeTax": "1598000000", "incomeTaxExpense": "333000000", "interestAndDebtExpense": "None", "netIncomeFromContinuingOperations": "1265000000", "comprehensiveIncomeNetOfTax": "None", "ebit": "1675000000", "ebitda": "1969000000", "netIncome": "1176000000"}, {"fiscalDateEnding": "2025-06-30", "reportedCurrency": "USD", "grossProfit": "2636000000", "totalRevenue": "3755000000", "costOfRevenue": "1119000000", "costofGoodsAndServicesSold": "1119000000", "operatingIncome": "1551000000", "sellingGeneralAndAdministrative": "803000000", "researchAndDevelopment": "None", "operatingExpenses": "1085000000", "investmentIncomeNet": "None", "netInterestIncome": "-77000000", "interestIncome": "None", "interestExpense": "77000000", "nonInterestIncome": "None", "otherNonOperatingIncome": "None", "depreciation": "None", "depreciationAndAmortization": "296000000", "incomeBeforeTax": "1502000000", "incomeTaxExpense": "342000000", "interestAndDebtExpense": "None", "netIncomeFromContinuingOperations": "1160000000", "comprehensiveIncomeNetOfTax": "None", "ebit": "1579000000", "ebitda": "1875000000", "netIncome": "1072000000"}, {"fiscalDateEnding": "2025-03-31", "reportedCurrency": "USD", "grossProfit": "2624000000", "totalRevenue": "3777000000", "costOfRevenue": "1153000000", "costofGoodsAndServicesSold": "1153000000", "operatingIncome": "1578000000", "sellingGeneralAndAdministrative": "764000000", "researchAndDevelopment": "None", "operatingExpenses": "1046000000", "investmentIncomeNet": "None", "netInterestIncome": "-78000000", "interestIncome": "None", "interestExpense": "78000000", "nonInterestIncome": "None", "otherNonOperatingIncome": "None", "depreciation": "None", "depreciationAndAmortization": "293000000", "incomeBeforeTax": "1496000000", "incomeTaxExpense": "325000000", "interestAndDebtExpense": "None", "netIncomeFromContinuingOperations": "1171000000", "comprehensiveIncomeNetOfTax": "None", "ebit": "1574000000", "ebitda": "1867000000", "netIncome": "1090000000"}, {"fiscalDateEnding": "2024-12-31", "reportedCurrency": "USD", "grossProfit": "2478000000", "totalRevenue": "3592000000", "costOfRevenue": "1114000000", "costofGoodsAndServicesSold": "1114000000", "operatingIncome": "1309000000", "sellingGeneralAndAdministrative": "919000000", "researchAndDevelopment": "None", "operatingExpenses": "1169000000", "investmentIncomeNet": "None", "netInterestIncome": "-70000000", "interestIncome": "None", "interestExpense": "70000000", "nonInterestIncome": "None", "otherNonOperatingIncome": "None", "depreciation": "None", "depreciationAndAmortization": "300000000", "incomeBeforeTax": "1254000000", "incomeTaxExpense": "287000000", "interestAndDebtExpense": "None", "netIncomeFromContinuingOperations": "967000000", "comprehensiveIncomeNetOfTax": "None", "ebit": "1324000000", "ebitda": "1624000000", "netIncome": "880000000"}, {"fiscalDateEnding": "2024-09-30", "reportedCurrency": "USD", "grossProfit": "2503000000", "totalRevenue": "3575000000", "costOfRevenue": "1072000000", "costofGoodsAndServicesSold": "1072000000", "operatingIncome": "1434000000", "sellingGeneralAndAdministrative": "808000000", "researchAndDevelopment": "None", "operatingExpenses": "1069000000", "investmentIncomeNet": "None", "netInterestIncome": "-72000000", "interestIncome": "None", "interestExpense": "72000000", "nonInterestIncome": "None", "otherNonOperatingIncome": "None", "depreciation": "None", "depreciationAndAmortization": "294000000", "incomeBeforeTax": "1360000000", "incomeTaxExpense": "313000000", "interestAndDebtExpense": "None", "netIncomeFromContinuingOperations": "1047000000", "comprehensiveIncomeNetOfTax": "None", "ebit": "1432000000", "ebitda": "1726000000", "netIncome": "971000000"}, {"fiscalDateEnding": "2024-06-30", "reportedCurrency": "USD", "grossProfit": "2464000000", "totalRevenue": "3549000000", "costOfRevenue": "1085000000", "costofGoodsAndServicesSold": "1085000000", "operatingIncome": "1452000000", "sellingGeneralAndAdministrative": "734000000", "researchAndDevelopment": "None", "operatingExpenses": "1012000000", "investmentIncomeNet": "None", "netInterestIncome": "-77000000", "interestIncome": "None", "interestExpense": "77000000", "nonInterestIncome": "None", "otherNonOperatingIncome": "None", "depreciation": "None", "depreciationAndAmortization": "292000000", "incomeBeforeTax": "1378000000", "incomeTaxExpense": "293000000", "interestAndDebtExpense": "None", "netIncomeFromContinuingOperations": "1085000000", "comprehensiveIncomeNetOfTax": "None", "ebit": "1455000000", "ebitda": "1747000000", "netIncome": "1011000000"}, {"fiscalDateEnding": "2024-03-31", "reportedCurrency": "USD", "grossProfit": "2380000000", "totalRevenue": "3491000000", "costOfRevenue": "1111000000", "costofGoodsAndServicesSold": "1111000000", "operatingIncome": "1385000000", "sellingGeneralAndAdministrative": "705000000", "researchAndDevelopment": "None", "operatingExpenses": "995000000", "investmentIncomeNet": "None", "netInterestIncome": "-78000000", "interestIncome": "None", "interestExpense": "78000000", "nonInterestIncome": "None", "otherNonOperatingIncome": "None", "depreciation": "None", "depreciationAndAmortization": "287000000", "incomeBeforeTax": "1316000000", "incomeTaxExpense": "248000000", "interestAndDebtExpense": "None", "netIncomeFromContinuingOperations": "1068000000", "comprehensiveIncomeNetOfTax": "None", "ebit": "1394000000", "ebitda": "1681000000", "netIncome": "991000000"}, {"fiscalDateEnding": "2023-12-31", "reportedCurrency": "USD", "grossProfit": "2120000000", "totalRevenue": "3152000000", "costOfRevenue": "1032000000", "costofGoodsAndServicesSold": "1032000000", "operatingIncome": "890000000", "sellingGeneralAndAdministrative": "942000000", "researchAndDevelopment": "None", "operatingExpenses": "1230000000", "investmentIncomeNet": "None", "netInterestIncome": "-76000000", "interestIncome": "None", "interestExpense": "76000000", "nonInterestIncome": "None", "otherNonOperatingIncome": "None", "depreciation": "None", "depreciationAndAmortization": "290000000", "incomeBeforeTax": "794000000", "incomeTaxExpense": "150000000", "interestAndDebtExpense": "None", "netIncomeFromContinuingOperations": "644000000", "comprehensiveIncomeNetOfTax": "None", "ebit": "870000000", "ebitda": "1160000000", "netIncome": "579000000"}, {"fiscalDateEnding": "2023-09-30", "reportedCurrency": "USD", "grossProfit": "2089000000", "totalRevenue": "3084000000", "costOfRevenue": "995000000", "costofGoodsAndServicesSold": "995000000", "operatingIncome": "1074000000", "sellingGeneralAndAdministrative": "741000000", "researchAndDevelopment": "None", "operatingExpenses": "1015000000", "investmentIncomeNet": "None", "netInterestIncome": "-84000000", "interestIncome": "None", "interestExpense": "84000000", "nonInterestIncome": "None", "otherNonOperatingIncome": "None", "depreciation": "None", "depreciationAndAmortization": "282000000", "incomeBeforeTax": "995000000", "incomeTaxExpense": "181000000", "interestAndDebtExpense": "None", "netIncomeFromContinuingOperations": "814000000", "comprehensiveIncomeNetOfTax": "None", "ebit": "1079000000", "ebitda": "1361000000", "netIncome": "742000000"}, {"fiscalDateEnding": "2023-06-30", "reportedCurrency": "USD", "grossProfit": "2075000000", "totalRevenue": "3101000000", "costOfRevenue": "1026000000", "costofGoodsAndServicesSold": "1026000000", "operatingIncome": "911000000", "sellingGeneralAndAdministrative": "771000000", "researchAndDevelopment": "None", "operatingExpenses": "1164000000", "investmentIncomeNet": "None", "netInterestIncome": "-88000000", "interestIncome": "None", "interestExpense": "88000000", "nonInterestIncome": "None", "otherNonOperatingIncome": "11000000", "depreciation": "None", "depreciationAndAmortization": "284000000", "incomeBeforeTax": "834000000", "incomeTaxExpense": "259000000", "interestAndDebtExpense": "None", "netIncomeFromContinuingOperations": "575000000", "comprehensiveIncomeNetOfTax": "None", "ebit": "923000000", "ebitda": "1207000000", "netIncome": "511000000"}, {"fiscalDateEnding": "2023-03-31", "reportedCurrency": "USD", "grossProfit": "2072000000", "totalRevenue": "3160000000", "costOfRevenue": "1088000000", "costofGoodsAndServicesSold": "1088000000", "operatingIncome": "1144000000", "sellingGeneralAndAdministrative": "705000000", "researchAndDevelopment": "None", "operatingExpenses": "928000000", "investmentIncomeNet": "None", "netInterestIncome": "-85000000", "interestIncome": "None", "interestExpense": "85000000", "nonInterestIncome": "None", "otherNonOperatingIncome": "-11000000", "depreciation": "None", "depreciationAndAmortization": "287000000", "incomeBeforeTax": "1048000000", "incomeTaxExpense": "188000000", "interestAndDebtExpense": "None", "netIncomeFromContinuingOperations": "860000000", "comprehensiveIncomeNetOfTax": "None", "ebit": "1133000000", "ebitda": "1420000000", "netIncome": "795000000"}, {"fiscalDateEnding": "2022-12-31", "reportedCurrency": "USD", "grossProfit": "1925000000", "totalRevenue": "2937000000", "costOfRevenue": "1012000000", "costofGoodsAndServicesSold": "1012000000", "operatingIncome": "716000000", "sellingGeneralAndAdministrative": "941000000", "researchAndDevelopment": "None", "operatingExpenses": "1209000000", "investmentIncomeNet": "None", "netInterestIncome": "-86000000", "interestIncome": "None", "interestExpense": "86000000", "nonInterestIncome": "None", "otherNonOperatingIncome": "-10000000", "depreciation": "None", "depreciationAndAmortization": "275000000", "incomeBeforeTax": "621000000", "incomeTaxExpense": "127000000", "interestAndDebtExpense": "None", "netIncomeFromContinuingOperations": "494000000", "comprehensiveIncomeNetOfTax": "None", "ebit": "707000000", "ebitda": "982000000", "netIncome": "433000000"}, {"fiscalDateEnding": "2022-09-30", "reportedCurrency": "USD", "grossProfit": "1872000000", "totalRevenue": "2861000000", "costOfRevenue": "989000000", "costofGoodsAndServicesSold": "989000000", "operatingIncome": "853000000", "sellingGeneralAndAdministrative": "720000000", "researchAndDevelopment": "None", "operatingExpenses": "1019000000", "investmentIncomeNet": "None", "netInterestIncome": "-71000000", "interestIncome": "None", "interestExpense": "71000000", "nonInterestIncome": "None", "otherNonOperatingIncome": "41000000", "depreciation": "None", "depreciationAndAmortization": "297000000", "incomeBeforeTax": "823000000", "incomeTaxExpense": "145000000", "interestAndDebtExpense": "None", "netIncomeFromContinuingOperations": "678000000", "comprehensiveIncomeNetOfTax": "None", "ebit": "895000000", "ebitda": "1192000000", "netIncome": "608000000"}, {"fiscalDateEnding": "2022-06-30", "reportedCurrency": "USD", "grossProfit": "1986000000", "totalRevenue": "2993000000", "costOfRevenue": "1007000000", "costofGoodsAndServicesSold": "1007000000", "operatingIncome": "1482000000", "sellingGeneralAndAdministrative": "764000000", "researchAndDevelopment": "None", "operatingExpenses": "504000000", "investmentIncomeNet": "None", "netInterestIncome": "-90000000", "interestIncome": "None", "interestExpense": "90000000", "nonInterestIncome": "None", "otherNonOperatingIncome": "-1000000", "depreciation": "None", "depreciationAndAmortization": "304000000", "incomeBeforeTax": "1391000000", "incomeTaxExpense": "340000000", "interestAndDebtExpense": "None", "netIncomeFromContinuingOperations": "1051000000", "comprehensiveIncomeNetOfTax": "None", "ebit": "1481000000", "ebitda": "1785000000", "netIncome": "972000000"}, {"fiscalDateEnding": "2022-03-31", "reportedCurrency": "USD", "grossProfit": "1640000000", "totalRevenue": "2389000000", "costOfRevenue": "749000000", "costofGoodsAndServicesSold": "749000000", "operatingIncome": "1892000000", "sellingGeneralAndAdministrative": "958000000", "researchAndDevelopment": "None", "operatingExpenses": "-252000000", "investmentIncomeNet": "None", "netInterestIncome": "-57000000", "interestIncome": "None", "interestExpense": "57000000", "nonInterestIncome": "None", "otherNonOperatingIncome": "32000000", "depreciation": "None", "depreciationAndAmortization": "137000000", "incomeBeforeTax": "1867000000", "incomeTaxExpense": "568000000", "interestAndDebtExpense": "None", "netIncomeFromContinuingOperations": "1299000000", "comprehensiveIncomeNetOfTax": "None", "ebit": "1924000000", "ebitda": "2061000000", "netIncome": "1235000000"}, {"fiscalDateEnding": "2021-12-31", "reportedCurrency": "USD", "grossProfit": "1496000000", "totalRevenue": "2088000000", "costOfRevenue": "592000000", "costofGoodsAndServicesSold": "592000000", "operatingIncome": "904000000", "sellingGeneralAndAdministrative": "557000000", "researchAndDevelopment": "13000000", "operatingExpenses": "592000000", "investmentIncomeNet": "None", "netInterestIncome": "-25000000", "interestIncome": "None", "interestExpense": "25000000", "nonInterestIncome": "None", "otherNonOperatingIncome": "11000000", "depreciation": "None", "depreciationAndAmortization": "41000000", "incomeBeforeTax": "890000000", "incomeTaxExpense": "154000000", "interestAndDebtExpense": "None", "netIncomeFromContinuingOperations": "737000000", "comprehensiveIncomeNetOfTax": "None", "ebit": "915000000", "ebitda": "956000000", "netIncome": "675000000"}, {"fiscalDateEnding": "2021-09-30", "reportedCurrency": "USD", "grossProfit": "1544000000", "totalRevenue": "2087000000", "costOfRevenue": "543000000", "costofGoodsAndServicesSold": "543000000", "operatingIncome": "1083000000", "sellingGeneralAndAdministrative": "423000000", "researchAndDevelopment": "None", "operatingExpenses": "461000000", "investmentIncomeNet": "None", "netInterestIncome": "-31000000", "interestIncome": "None", "interestExpense": "31000000", "nonInterestIncome": "None", "otherNonOperatingIncome": "22000000", "depreciation": "None", "depreciationAndAmortization": "42000000", "incomeBeforeTax": "1074000000", "incomeTaxExpense": "213000000", "interestAndDebtExpense": "None", "netIncomeFromContinuingOperations": "861000000", "comprehensiveIncomeNetOfTax": "None", "ebit": "1105000000", "ebitda": "1147000000", "netIncome": "797000000"}, {"fiscalDateEnding": "2021-06-30", "reportedCurrency": "USD", "grossProfit": "1573000000", "totalRevenue": "2106000000", "costOfRevenue": "533000000", "costofGoodsAndServicesSold": "533000000", "operatingIncome": "1154000000", "sellingGeneralAndAdministrative": "374000000", "researchAndDevelopment": "None", "operatingExpenses": "419000000", "investmentIncomeNet": "None", "netInterestIncome": "-32000000", "interestIncome": "None", "interestExpense": "32000000", "nonInterestIncome": "None", "otherNonOperatingIncome": "22000000", "depreciation": "None", "depreciationAndAmortization": "45000000", "incomeBeforeTax": "1144000000", "incomeTaxExpense": "287000000", "interestAndDebtExpense": "None", "netIncomeFromContinuingOperations": "857000000", "comprehensiveIncomeNetOfTax": "None", "ebit": "1176000000", "ebitda": "1221000000", "netIncome": "798000000"}, {"fiscalDateEnding": "2021-03-31", "reportedCurrency": "USD", "grossProfit": "1489000000", "totalRevenue": "2016000000", "costOfRevenue": "527000000", "costofGoodsAndServicesSold": "527000000", "operatingIncome": "1081000000", "sellingGeneralAndAdministrative": "360000000", "researchAndDevelopment": "None", "operatingExpenses": "408000000", "investmentIncomeNet": "None", "netInterestIncome": "-32000000", "interestIncome": "None", "interestExpense": "32000000", "nonInterestIncome": "None", "otherNonOperatingIncome": "7000000", "depreciation": "None", "depreciationAndAmortization": "50000000", "incomeBeforeTax": "1056000000", "incomeTaxExpense": "248000000", "interestAndDebtExpense": "None", "netIncomeFromContinuingOperations": "808000000", "comprehensiveIncomeNetOfTax": "None", "ebit": "1088000000", "ebitda": "1138000000", "netIncome": "755000000"}, {"fiscalDateEnding": "2020-12-31", "reportedCurrency": "USD", "grossProfit": "1308000000", "totalRevenue": "1867000000", "costOfRevenue": "559000000", "costofGoodsAndServicesSold": "559000000", "operatingIncome": "657000000", "sellingGeneralAndAdministrative": "2488000000", "researchAndDevelopment": "8000000", "operatingExpenses": "651000000", "investmentIncomeNet": "None", "netInterestIncome": "-32000000", "interestIncome": "None", "interestExpense": "32000000", "nonInterestIncome": "None", "otherNonOperatingIncome": "-263000000", "depreciation": "None", "depreciationAndAmortization": "52000000", "incomeBeforeTax": "640000000", "incomeTaxExpense": "135000000", "interestAndDebtExpense": "None", "netIncomeFromContinuingOperations": "-613000000", "comprehensiveIncomeNetOfTax": "None", "ebit": "672000000", "ebitda": "724000000", "netIncome": "454000000"}, {"fiscalDateEnding": "2020-09-30", "reportedCurrency": "USD", "grossProfit": "1329000000", "totalRevenue": "1846000000", "costOfRevenue": "517000000", "costofGoodsAndServicesSold": "517000000", "operatingIncome": "944000000", "sellingGeneralAndAdministrative": "339000000", "researchAndDevelopment": "5000000", "operatingExpenses": "385000000", "investmentIncomeNet": "None", "netInterestIncome": "-35000000", "interestIncome": "None", "interestExpense": "35000000", "nonInterestIncome": "None", "otherNonOperatingIncome": "6000000", "depreciation": "None", "depreciationAndAmortization": "54000000", "incomeBeforeTax": "636000000", "incomeTaxExpense": "138000000", "interestAndDebtExpense": "None", "netIncomeFromContinuingOperations": "774000000", "comprehensiveIncomeNetOfTax": "None", "ebit": "671000000", "ebitda": "725000000", "netIncome": "455000000"}, {"fiscalDateEnding": "2020-06-30", "reportedCurrency": "USD", "grossProfit": "1450000000", "totalRevenue": "1943000000", "costOfRevenue": "493000000", "costofGoodsAndServicesSold": "493000000", "operatingIncome": "1105000000", "sellingGeneralAndAdministrative": "295000000", "researchAndDevelopment": "None", "operatingExpenses": "345000000", "investmentIncomeNet": "None", "netInterestIncome": "-40000000", "interestIncome": "None", "interestExpense": "40000000", "nonInterestIncome": "None", "otherNonOperatingIncome": "10000000", "depreciation": "None", "depreciationAndAmortization": "51000000", "incomeBeforeTax": "1075000000", "incomeTaxExpense": "233000000", "interestAndDebtExpense": "None", "netIncomeFromContinuingOperations": "1308000000", "comprehensiveIncomeNetOfTax": "None", "ebit": "1115000000", "ebitda": "1166000000", "netIncome": "792000000"}, {"fiscalDateEnding": "2020-03-31", "reportedCurrency": "USD", "grossProfit": "1268000000", "totalRevenue": "1786000000", "costOfRevenue": "518000000", "costofGoodsAndServicesSold": "518000000", "operatingIncome": "912000000", "sellingGeneralAndAdministrative": "311000000", "researchAndDevelopment": "None", "operatingExpenses": "356000000", "investmentIncomeNet": "None", "netInterestIncome": "-34000000", "interestIncome": "44000000", "interestExpense": "34000000", "nonInterestIncome": "None", "otherNonOperatingIncome": "-1000000", "depreciation": "None", "depreciationAndAmortization": "49000000", "incomeBeforeTax": "877000000", "incomeTaxExpense": "188000000", "interestAndDebtExpense": "None", "netIncomeFromContinuingOperations": "1065000000", "comprehensiveIncomeNetOfTax": "None", "ebit": "911000000", "ebitda": "960000000", "netIncome": "639000000"}, {"fiscalDateEnding": "2019-12-31", "reportedCurrency": "USD", "grossProfit": "1271000000", "totalRevenue": "1735000000", "costOfRevenue": "464000000", "costofGoodsAndServicesSold": "464000000", "operatingIncome": "818000000", "sellingGeneralAndAdministrative": "402000000", "researchAndDevelopment": "None", "operatingExpenses": "453000000", "investmentIncomeNet": "None", "netInterestIncome": "-93000000", "interestIncome": "96000000", "interestExpense": "93000000", "nonInterestIncome": "None", "otherNonOperatingIncome": "7000000", "depreciation": "None", "depreciationAndAmortization": "51000000", "incomeBeforeTax": "731000000", "incomeTaxExpense": "145000000", "interestAndDebtExpense": "None", "netIncomeFromContinuingOperations": "876000000", "comprehensiveIncomeNetOfTax": "None", "ebit": "824000000", "ebitda": "875000000", "netIncome": "541000000"}, {"fiscalDateEnding": "2019-09-30", "reportedCurrency": "USD", "grossProfit": "1209000000", "totalRevenue": "1689000000", "costOfRevenue": "480000000", "costofGoodsAndServicesSold": "480000000", "operatingIncome": "891000000", "sellingGeneralAndAdministrative": "360000000", "researchAndDevelopment": "None", "operatingExpenses": "318000000", "investmentIncomeNet": "None", "netInterestIncome": "-32000000", "interestIncome": "48000000", "interestExpense": "32000000", "nonInterestIncome": "None", "otherNonOperatingIncome": "-8000000", "depreciation": "None", "depreciationAndAmortization": "49000000", "incomeBeforeTax": "851000000", "incomeTaxExpense": "189000000", "interestAndDebtExpense": "None", "netIncomeFromContinuingOperations": "1040000000", "comprehensiveIncomeNetOfTax": "None", "ebit": "883000000", "ebitda": "932000000", "netIncome": "617000000"}, {"fiscalDateEnding": "2019-06-30", "reportedCurrency": "USD", "grossProfit": "1233000000", "totalRevenue": "1704000000", "costOfRevenue": "471000000", "costofGoodsAndServicesSold": "471000000", "operatingIncome": "813000000", "sellingGeneralAndAdministrative": "387000000", "researchAndDevelopment": "None", "operatingExpenses": "420000000", "investmentIncomeNet": "None", "netInterestIncome": "-37000000", "interestIncome": "38000000", "interestExpense": "37000000", "nonInterestIncome": "None", "otherNonOperatingIncome": "6000000", "depreciation": "None", "depreciationAndAmortization": "52000000", "incomeBeforeTax": "782000000", "incomeTaxExpense": "180000000", "interestAndDebtExpense": "None", "netIncomeFromContinuingOperations": "962000000", "comprehensiveIncomeNetOfTax": "None", "ebit": "819000000", "ebitda": "871000000", "netIncome": "555000000"}, {"fiscalDateEnding": "2019-03-31", "reportedCurrency": "USD", "grossProfit": "1098000000", "totalRevenue": "1571000000", "costOfRevenue": "473000000", "costofGoodsAndServicesSold": "473000000", "operatingIncome": "705000000", "sellingGeneralAndAdministrative": "375000000", "researchAndDevelopment": "None", "operatingExpenses": "393000000", "investmentIncomeNet": "None", "netInterestIncome": "-36000000", "interestIncome": "None", "interestExpense": "36000000", "nonInterestIncome": "None", "otherNonOperatingIncome": "-103000000", "depreciation": "None", "depreciationAndAmortization": "52000000", "incomeBeforeTax": "566000000", "incomeTaxExpense": "113000000", "interestAndDebtExpense": "None", "netIncomeFromContinuingOperations": "679000000", "comprehensiveIncomeNetOfTax": "None", "ebit": "602000000", "ebitda": "654000000", "netIncome": "410000000"}, {"fiscalDateEnding": "2018-12-31", "reportedCurrency": "USD", "grossProfit": "1126000000", "totalRevenue": "1536000000", "costOfRevenue": "411000000", "costofGoodsAndServicesSold": "411000000", "operatingIncome": "704000000", "sellingGeneralAndAdministrative": "367000000", "researchAndDevelopment": "0", "operatingExpenses": "422000000", "investmentIncomeNet": "None", "netInterestIncome": "None", "interestIncome": "None", "interestExpense": "36000000", "nonInterestIncome": "None", "otherNonOperatingIncome": "4000000", "depreciation": "None", "depreciationAndAmortization": "55000000", "incomeBeforeTax": "670000000", "incomeTaxExpense": "120000000", "interestAndDebtExpense": "None", "netIncomeFromContinuingOperations": "791000000", "comprehensiveIncomeNetOfTax": "None", "ebit": "707000000", "ebitda": "762000000", "netIncome": "512000000"}, {"fiscalDateEnding": "2018-09-30", "reportedCurrency": "USD", "grossProfit": "1136000000", "totalRevenue": "1546000000", "costOfRevenue": "410000000", "costofGoodsAndServicesSold": "410000000", "operatingIncome": "704000000", "sellingGeneralAndAdministrative": "383000000", "researchAndDevelopment": "0", "operatingExpenses": "432000000", "investmentIncomeNet": "None", "netInterestIncome": "None", "interestIncome": "None", "interestExpense": "38000000", "nonInterestIncome": "None", "otherNonOperatingIncome": "6000000", "depreciation": "None", "depreciationAndAmortization": "54000000", "incomeBeforeTax": "672000000", "incomeTaxExpense": "137000000", "interestAndDebtExpense": "None", "netIncomeFromContinuingOperations": "809000000", "comprehensiveIncomeNetOfTax": "None", "ebit": "710000000", "ebitda": "764000000", "netIncome": "495000000"}, {"fiscalDateEnding": "2018-06-30", "reportedCurrency": "USD", "grossProfit": "1168000000", "totalRevenue": "1609000000", "costOfRevenue": "441000000", "costofGoodsAndServicesSold": "441000000", "operatingIncome": "672000000", "sellingGeneralAndAdministrative": "439000000", "researchAndDevelopment": "0", "operatingExpenses": "496000000", "investmentIncomeNet": "None", "netInterestIncome": "None", "interestIncome": "None", "interestExpense": "26000000", "nonInterestIncome": "None", "otherNonOperatingIncome": "11000000", "depreciation": "None", "depreciationAndAmortization": "52000000", "incomeBeforeTax": "657000000", "incomeTaxExpense": "156000000", "interestAndDebtExpense": "None", "netIncomeFromContinuingOperations": "813000000", "comprehensiveIncomeNetOfTax": "None", "ebit": "683000000", "ebitda": "735000000", "netIncome": "461000000"}, {"fiscalDateEnding": "2018-03-31", "reportedCurrency": "USD", "grossProfit": "1137000000", "totalRevenue": "1567000000", "costOfRevenue": "430000000", "costofGoodsAndServicesSold": "430000000", "operatingIncome": "711000000", "sellingGeneralAndAdministrative": "372000000", "researchAndDevelopment": "0", "operatingExpenses": "426000000", "investmentIncomeNet": "None", "netInterestIncome": "None", "interestIncome": "None", "interestExpense": "34000000", "nonInterestIncome": "None", "otherNonOperatingIncome": "4000000", "depreciation": "None", "depreciationAndAmortization": "45000000", "incomeBeforeTax": "681000000", "incomeTaxExpense": "147000000", "interestAndDebtExpense": "None", "netIncomeFromContinuingOperations": "828000000", "comprehensiveIncomeNetOfTax": "None", "ebit": "715000000", "ebitda": "760000000", "netIncome": "491000000"}, {"fiscalDateEnding": "2017-12-31", "reportedCurrency": "USD", "grossProfit": "1157000000", "totalRevenue": "1589000000", "costOfRevenue": "431000000", "costofGoodsAndServicesSold": "431000000", "operatingIncome": "628000000", "sellingGeneralAndAdministrative": "483000000", "researchAndDevelopment": "0", "operatingExpenses": "529000000", "investmentIncomeNet": "None", "netInterestIncome": "None", "interestIncome": "None", "interestExpense": "39000000", "nonInterestIncome": "None", "otherNonOperatingIncome": "None", "depreciation": "None", "depreciationAndAmortization": "46000000", "incomeBeforeTax": "589000000", "incomeTaxExpense": "290000000", "interestAndDebtExpense": "None", "netIncomeFromContinuingOperations": "-767000000", "comprehensiveIncomeNetOfTax": "None", "ebit": "628000000", "ebitda": "674000000", "netIncome": "263000000"}, {"fiscalDateEnding": "2017-09-30", "reportedCurrency": "USD", "grossProfit": "1094000000", "totalRevenue": "1513000000", "costOfRevenue": "419000000", "costofGoodsAndServicesSold": "419000000", "operatingIncome": "649000000", "sellingGeneralAndAdministrative": "388000000", "researchAndDevelopment": "0", "operatingExpenses": "445000000", "investmentIncomeNet": "None", "netInterestIncome": "None", "interestIncome": "None", "interestExpense": "37000000", "nonInterestIncome": "None", "otherNonOperatingIncome": "None", "depreciation": "None", "depreciationAndAmortization": "46000000", "incomeBeforeTax": "621000000", "incomeTaxExpense": "169000000", "interestAndDebtExpense": "None", "netIncomeFromContinuingOperations": "790000000", "comprehensiveIncomeNetOfTax": "None", "ebit": "658000000", "ebitda": "704000000", "netIncome": "414000000"}, {"fiscalDateEnding": "2017-06-30", "reportedCurrency": "USD", "grossProfit": "1077000000", "totalRevenue": "1509000000", "costOfRevenue": "432000000", "costofGoodsAndServicesSold": "432000000", "operatingIncome": "668000000", "sellingGeneralAndAdministrative": "338000000", "researchAndDevelopment": "0", "operatingExpenses": "409000000", "investmentIncomeNet": "None", "netInterestIncome": "None", "interestIncome": "None", "interestExpense": "37000000", "nonInterestIncome": "None", "otherNonOperatingIncome": "None", "depreciation": "None", "depreciationAndAmortization": "45000000", "incomeBeforeTax": "640000000", "incomeTaxExpense": "183000000", "interestAndDebtExpense": "None", "netIncomeFromContinuingOperations": "823000000", "comprehensiveIncomeNetOfTax": "None", "ebit": "677000000", "ebitda": "722000000", "netIncome": "421000000"}, {"fiscalDateEnding": "2017-03-31", "reportedCurrency": "USD", "grossProfit": "1042000000", "totalRevenue": "1453000000", "costOfRevenue": "411000000", "costofGoodsAndServicesSold": "411000000", "operatingIncome": "639000000", "sellingGeneralAndAdministrative": "351000000", "researchAndDevelopment": "0", "operatingExpenses": "403000000", "investmentIncomeNet": "None", "netInterestIncome": "None", "interestIncome": "None", "interestExpense": "37000000", "nonInterestIncome": "None", "otherNonOperatingIncome": "None", "depreciation": "None", "depreciationAndAmortization": "43000000", "incomeBeforeTax": "611000000", "incomeTaxExpense": "181000000", "interestAndDebtExpense": "None", "netIncomeFromContinuingOperations": "792000000", "comprehensiveIncomeNetOfTax": "None", "ebit": "648000000", "ebitda": "691000000", "netIncome": "399000000"}, {"fiscalDateEnding": "2016-12-31", "reportedCurrency": "USD", "grossProfit": "993000000", "totalRevenue": "1399000000", "costOfRevenue": "406000000", "costofGoodsAndServicesSold": "406000000", "operatingIncome": "857000000", "sellingGeneralAndAdministrative": "468000000", "researchAndDevelopment": "0", "operatingExpenses": "136000000", "investmentIncomeNet": "None", "netInterestIncome": "None", "interestIncome": "None", "interestExpense": "59000000", "nonInterestIncome": "None", "otherNonOperatingIncome": "None", "depreciation": "None", "depreciationAndAmortization": "47000000", "incomeBeforeTax": "797000000", "incomeTaxExpense": "229000000", "interestAndDebtExpense": "None", "netIncomeFromContinuingOperations": "-202000000", "comprehensiveIncomeNetOfTax": "None", "ebit": "857000000", "ebitda": "904000000", "netIncome": "537000000"}, {"fiscalDateEnding": "2016-09-30", "reportedCurrency": "USD", "grossProfit": "1008000000", "totalRevenue": "1439000000", "costOfRevenue": "431000000", "costofGoodsAndServicesSold": "431000000", "operatingIncome": "1348000000", "sellingGeneralAndAdministrative": "330000000", "researchAndDevelopment": "0", "operatingExpenses": "-340000000", "investmentIncomeNet": "None", "netInterestIncome": "None", "interestIncome": "None", "interestExpense": "39000000", "nonInterestIncome": "None", "otherNonOperatingIncome": "None", "depreciation": "None", "depreciationAndAmortization": "47000000", "incomeBeforeTax": "1309000000", "incomeTaxExpense": "386000000", "interestAndDebtExpense": "None", "netIncomeFromContinuingOperations": "1695000000", "comprehensiveIncomeNetOfTax": "None", "ebit": "1348000000", "ebitda": "1395000000", "netIncome": "892000000"}, {"fiscalDateEnding": "2016-06-30", "reportedCurrency": "USD", "grossProfit": "1013000000", "totalRevenue": "1482000000", "costOfRevenue": "469000000", "costofGoodsAndServicesSold": "469000000", "operatingIncome": "651000000", "sellingGeneralAndAdministrative": "317000000", "researchAndDevelopment": "0", "operatingExpenses": "362000000", "investmentIncomeNet": "None", "netInterestIncome": "None", "interestIncome": "None", "interestExpense": "42000000", "nonInterestIncome": "None", "otherNonOperatingIncome": "None", "depreciation": "None", "depreciationAndAmortization": "45000000", "incomeBeforeTax": "609000000", "incomeTaxExpense": "197000000", "interestAndDebtExpense": "None", "netIncomeFromContinuingOperations": "412000000", "comprehensiveIncomeNetOfTax": "None", "ebit": "651000000", "ebitda": "696000000", "netIncome": "383000000"}, {"fiscalDateEnding": "2016-03-31", "reportedCurrency": "USD", "grossProfit": "888000000", "totalRevenue": "1341000000", "costOfRevenue": "453000000", "costofGoodsAndServicesSold": "453000000", "operatingIncome": "512000000", "sellingGeneralAndAdministrative": "330000000", "researchAndDevelopment": "24000000", "operatingExpenses": "376000000", "investmentIncomeNet": "None", "netInterestIncome": "None", "interestIncome": "None", "interestExpense": "40000000", "nonInterestIncome": "None", "otherNonOperatingIncome": "None", "depreciation": "None", "depreciationAndAmortization": "42000000", "incomeBeforeTax": "472000000", "incomeTaxExpense": "149000000", "interestAndDebtExpense": "None", "netIncomeFromContinuingOperations": "323000000", "comprehensiveIncomeNetOfTax": "None", "ebit": "512000000", "ebitda": "554000000", "netIncome": "294000000"}, {"fiscalDateEnding": "2015-12-31", "reportedCurrency": "USD", "grossProfit": "921000000", "totalRevenue": "1374000000", "costOfRevenue": "454000000", "costofGoodsAndServicesSold": "454000000", "operatingIncome": "424000000", "sellingGeneralAndAdministrative": "444000000", "researchAndDevelopment": "0", "operatingExpenses": "497000000", "investmentIncomeNet": "None", "netInterestIncome": "None", "interestIncome": "None", "interestExpense": "40000000", "nonInterestIncome": "None", "otherNonOperatingIncome": "None", "depreciation": "None", "depreciationAndAmortization": "53000000", "incomeBeforeTax": "384000000", "incomeTaxExpense": "108000000", "interestAndDebtExpense": "None", "netIncomeFromContinuingOperations": "277000000", "comprehensiveIncomeNetOfTax": "None", "ebit": "424000000", "ebitda": "477000000", "netIncome": "248000000"}, {"fiscalDateEnding": "2015-09-30", "reportedCurrency": "USD", "grossProfit": "905000000", "totalRevenue": "1324000000", "costOfRevenue": "419000000", "costofGoodsAndServicesSold": "419000000", "operatingIncome": "410000000", "sellingGeneralAndAdministrative": "470000000", "researchAndDevelopment": "0", "operatingExpenses": "495000000", "investmentIncomeNet": "None", "netInterestIncome": "None", "interestIncome": "None", "interestExpense": "30000000", "nonInterestIncome": "None", "otherNonOperatingIncome": "None", "depreciation": "None", "depreciationAndAmortization": "38000000", "incomeBeforeTax": "380000000", "incomeTaxExpense": "99000000", "interestAndDebtExpense": "None", "netIncomeFromContinuingOperations": "281000000", "comprehensiveIncomeNetOfTax": "None", "ebit": "410000000", "ebitda": "448000000", "netIncome": "252000000"}, {"fiscalDateEnding": "2015-06-30", "reportedCurrency": "USD", "grossProfit": "930000000", "totalRevenue": "1342000000", "costOfRevenue": "412000000", "costofGoodsAndServicesSold": "412000000", "operatingIncome": "582000000", "sellingGeneralAndAdministrative": "332000000", "researchAndDevelopment": "0", "operatingExpenses": "348000000", "investmentIncomeNet": "None", "netInterestIncome": "None", "interestIncome": "None", "interestExpense": "16000000", "nonInterestIncome": "None", "otherNonOperatingIncome": "None", "depreciation": "None", "depreciationAndAmortization": "33000000", "incomeBeforeTax": "566000000", "incomeTaxExpense": "185000000", "interestAndDebtExpense": "None", "netIncomeFromContinuingOperations": "381000000", "comprehensiveIncomeNetOfTax": "None", "ebit": "582000000", "ebitda": "615000000", "netIncome": "353000000"}, {"fiscalDateEnding": "2015-03-31", "reportedCurrency": "USD", "grossProfit": "863000000", "totalRevenue": "1273000000", "costOfRevenue": "410000000", "costofGoodsAndServicesSold": "410000000", "operatingIncome": "501000000", "sellingGeneralAndAdministrative": "333000000", "researchAndDevelopment": "0", "operatingExpenses": "362000000", "investmentIncomeNet": "None", "netInterestIncome": "None", "interestIncome": "None", "interestExpense": "16000000", "nonInterestIncome": "None", "otherNonOperatingIncome": "None", "depreciation": "None", "depreciationAndAmortization": "33000000", "incomeBeforeTax": "485000000", "incomeTaxExpense": "156000000", "interestAndDebtExpense": "None", "netIncomeFromContinuingOperations": "329000000", "comprehensiveIncomeNetOfTax": "None", "ebit": "501000000", "ebitda": "534000000", "netIncome": "303000000"}, {"fiscalDateEnding": "2014-12-31", "reportedCurrency": "USD", "grossProfit": "868000000", "totalRevenue": "1290000000", "costOfRevenue": "422000000", "costofGoodsAndServicesSold": "422000000", "operatingIncome": "-1148000000", "sellingGeneralAndAdministrative": "1982000000", "researchAndDevelopment": "0", "operatingExpenses": "2016000000", "investmentIncomeNet": "None", "netInterestIncome": "None", "interestIncome": "None", "interestExpense": "19000000", "nonInterestIncome": "None", "otherNonOperatingIncome": "None", "depreciation": "None", "depreciationAndAmortization": "34000000", "incomeBeforeTax": "-1167000000", "incomeTaxExpense": "-183000000", "interestAndDebtExpense": "None", "netIncomeFromContinuingOperations": "-997000000", "comprehensiveIncomeNetOfTax": "None", "ebit": "-1148000000", "ebitda": "-1114000000", "netIncome": "-846000000"}, {"fiscalDateEnding": "2014-09-30", "reportedCurrency": "USD", "grossProfit": "861000000", "totalRevenue": "1263000000", "costOfRevenue": "402000000", "costofGoodsAndServicesSold": "402000000", "operatingIncome": "366000000", "sellingGeneralAndAdministrative": "465000000", "researchAndDevelopment": "0", "operatingExpenses": "495000000", "investmentIncomeNet": "None", "netInterestIncome": "None", "interestIncome": "None", "interestExpense": "12000000", "nonInterestIncome": "None", "otherNonOperatingIncome": "None", "depreciation": "None", "depreciationAndAmortization": "34000000", "incomeBeforeTax": "354000000", "incomeTaxExpense": "139000000", "interestAndDebtExpense": "None", "netIncomeFromContinuingOperations": "215000000", "comprehensiveIncomeNetOfTax": "None", "ebit": "366000000", "ebitda": "400000000", "netIncome": "190000000"}, {"fiscalDateEnding": "2014-06-30", "reportedCurrency": "USD", "grossProfit": "895000000", "totalRevenue": "1346000000", "costOfRevenue": "407000000", "costofGoodsAndServicesSold": "407000000", "operatingIncome": "476000000", "sellingGeneralAndAdministrative": "397000000", "researchAndDevelopment": "0", "operatingExpenses": "419000000", "investmentIncomeNet": "None", "netInterestIncome": "None", "interestIncome": "None", "interestExpense": "14000000", "nonInterestIncome": "None", "otherNonOperatingIncome": "None", "depreciation": "None", "depreciationAndAmortization": "33000000", "incomeBeforeTax": "472000000", "incomeTaxExpense": "152000000", "interestAndDebtExpense": "None", "netIncomeFromContinuingOperations": "316000000", "comprehensiveIncomeNetOfTax": "None", "ebit": "477000000", "ebitda": "510000000", "netIncome": "292000000"}, {"fiscalDateEnding": "2014-03-31", "reportedCurrency": "USD", "grossProfit": "800000000", "totalRevenue": "1236000000", "costOfRevenue": "396000000", "costofGoodsAndServicesSold": "396000000", "operatingIncome": "420000000", "sellingGeneralAndAdministrative": "362000000", "researchAndDevelopment": "0", "operatingExpenses": "380000000", "investmentIncomeNet": "None", "netInterestIncome": "None", "interestIncome": "None", "interestExpense": "14000000", "nonInterestIncome": "None", "otherNonOperatingIncome": "None", "depreciation": "None", "depreciationAndAmortization": "33000000", "incomeBeforeTax": "416000000", "incomeTaxExpense": "138000000", "interestAndDebtExpense": "None", "netIncomeFromContinuingOperations": "275000000", "comprehensiveIncomeNetOfTax": "None", "ebit": "420000000", "ebitda": "453000000", "netIncome": "248000000"}, {"fiscalDateEnding": "2013-12-31", "reportedCurrency": "USD", "grossProfit": "830000000", "totalRevenue": "1250000000", "costOfRevenue": "420000000", "costofGoodsAndServicesSold": "420000000", "operatingIncome": "284000000", "sellingGeneralAndAdministrative": "476000000", "researchAndDevelopment": "0", "operatingExpenses": "546000000", "investmentIncomeNet": "None", "netInterestIncome": "None", "interestIncome": "None", "interestExpense": "14000000", "nonInterestIncome": "None", "otherNonOperatingIncome": "None", "depreciation": "None", "depreciationAndAmortization": "34000000", "incomeBeforeTax": "270000000", "incomeTaxExpense": "79000000", "interestAndDebtExpense": "None", "netIncomeFromContinuingOperations": "191000000", "comprehensiveIncomeNetOfTax": "None", "ebit": "284000000", "ebitda": "318000000", "netIncome": "171000000"}, {"fiscalDateEnding": "2013-09-30", "reportedCurrency": "USD", "grossProfit": "781000000", "totalRevenue": "1194000000", "costOfRevenue": "371000000", "costofGoodsAndServicesSold": "371000000", "operatingIncome": "395000000", "sellingGeneralAndAdministrative": "385000000", "researchAndDevelopment": "0", "operatingExpenses": "386000000", "investmentIncomeNet": "None", "netInterestIncome": "None", "interestIncome": "None", "interestExpense": "14000000", "nonInterestIncome": "None", "otherNonOperatingIncome": "None", "depreciation": "None", "depreciationAndAmortization": "33000000", "incomeBeforeTax": "393000000", "incomeTaxExpense": "123000000", "interestAndDebtExpense": "None", "netIncomeFromContinuingOperations": "265000000", "comprehensiveIncomeNetOfTax": "None", "ebit": "395000000", "ebitda": "428000000", "netIncome": "215000000"}, {"fiscalDateEnding": "2013-06-30", "reportedCurrency": "USD", "grossProfit": "855000000", "totalRevenue": "1250000000", "costOfRevenue": "395000000", "costofGoodsAndServicesSold": "395000000", "operatingIncome": "436000000", "sellingGeneralAndAdministrative": "382000000", "researchAndDevelopment": "0", "operatingExpenses": "419000000", "investmentIncomeNet": "None", "netInterestIncome": "None", "interestIncome": "None", "interestExpense": "16000000", "nonInterestIncome": "None", "otherNonOperatingIncome": "None", "depreciation": "None", "depreciationAndAmortization": "35000000", "incomeBeforeTax": "420000000", "incomeTaxExpense": "147000000", "interestAndDebtExpense": "None", "netIncomeFromContinuingOperations": "273000000", "comprehensiveIncomeNetOfTax": "None", "ebit": "436000000", "ebitda": "471000000", "netIncome": "254000000"}, {"fiscalDateEnding": "2013-03-31", "reportedCurrency": "USD", "grossProfit": "807000000", "totalRevenue": "1181000000", "costOfRevenue": "374000000", "costofGoodsAndServicesSold": "374000000", "operatingIncome": "278000000", "sellingGeneralAndAdministrative": "494000000", "researchAndDevelopment": "0", "operatingExpenses": "529000000", "investmentIncomeNet": "None", "netInterestIncome": "None", "interestIncome": "None", "interestExpense": "15000000", "nonInterestIncome": "None", "otherNonOperatingIncome": "None", "depreciation": "None", "depreciationAndAmortization": "35000000", "incomeBeforeTax": "263000000", "incomeTaxExpense": "89000000", "interestAndDebtExpense": "None", "netIncomeFromContinuingOperations": "174000000", "comprehensiveIncomeNetOfTax": "None", "ebit": "278000000", "ebitda": "313000000", "netIncome": "735000000"}, {"fiscalDateEnding": "2012-12-31", "reportedCurrency": "USD", "grossProfit": "-57000000", "totalRevenue": "1226000000", "costOfRevenue": "-323000000", "costofGoodsAndServicesSold": "-323000000", "operatingIncome": "97000000", "sellingGeneralAndAdministrative": "102000000", "researchAndDevelopment": "0", "operatingExpenses": "-154000000", "investmentIncomeNet": "None", "netInterestIncome": "None", "interestIncome": "None", "interestExpense": "18000000", "nonInterestIncome": "None", "otherNonOperatingIncome": "None", "depreciation": "None", "depreciationAndAmortization": "-3000000", "incomeBeforeTax": "329000000", "incomeTaxExpense": "35000000", "interestAndDebtExpense": "None", "netIncomeFromContinuingOperations": "42000000", "comprehensiveIncomeNetOfTax": "None", "ebit": "100000000", "ebitda": "97000000", "netIncome": "-216000000"}, {"fiscalDateEnding": "2012-09-30", "reportedCurrency": "USD", "grossProfit": "749000000", "totalRevenue": "1953000000", "costOfRevenue": "367000000", "costofGoodsAndServicesSold": "367000000", "operatingIncome": "275000000", "sellingGeneralAndAdministrative": "701000000", "researchAndDevelopment": "0", "operatingExpenses": "474000000", "investmentIncomeNet": "None", "netInterestIncome": "None", "interestIncome": "None", "interestExpense": "20000000", "nonInterestIncome": "None", "otherNonOperatingIncome": "None", "depreciation": "None", "depreciationAndAmortization": "39000000", "incomeBeforeTax": "508000000", "incomeTaxExpense": "82000000", "interestAndDebtExpense": "None", "netIncomeFromContinuingOperations": "337000000", "comprehensiveIncomeNetOfTax": "None", "ebit": "275000000", "ebitda": "314000000", "netIncome": "314000000"}, {"fiscalDateEnding": "2012-06-30", "reportedCurrency": "USD", "grossProfit": "721000000", "totalRevenue": "1547000000", "costOfRevenue": "351000000", "costofGoodsAndServicesSold": "351000000", "operatingIncome": "308000000", "sellingGeneralAndAdministrative": "568000000", "researchAndDevelopment": "0", "operatingExpenses": "413000000", "investmentIncomeNet": "None", "netInterestIncome": "None", "interestIncome": "None", "interestExpense": "20000000", "nonInterestIncome": "None", "otherNonOperatingIncome": "None", "depreciation": "None", "depreciationAndAmortization": "34000000", "incomeBeforeTax": "345000000", "incomeTaxExpense": "107000000", "interestAndDebtExpense": "None", "netIncomeFromContinuingOperations": "220000000", "comprehensiveIncomeNetOfTax": "None", "ebit": "308000000", "ebitda": "342000000", "netIncome": "216000000"}, {"fiscalDateEnding": "2012-03-31", "reportedCurrency": "USD", "grossProfit": "674000000", "totalRevenue": "1331000000", "costOfRevenue": "361000000", "costofGoodsAndServicesSold": "361000000", "operatingIncome": "282000000", "sellingGeneralAndAdministrative": "544000000", "researchAndDevelopment": "0", "operatingExpenses": "392000000", "investmentIncomeNet": "None", "netInterestIncome": "None", "interestIncome": "None", "interestExpense": "21000000", "nonInterestIncome": "None", "otherNonOperatingIncome": "None", "depreciation": "None", "depreciationAndAmortization": "31000000", "incomeBeforeTax": "200000000", "incomeTaxExpense": "98000000", "interestAndDebtExpense": "None", "netIncomeFromContinuingOperations": "127000000", "comprehensiveIncomeNetOfTax": "None", "ebit": "282000000", "ebitda": "313000000", "netIncome": "123000000"}, {"fiscalDateEnding": "2011-12-31", "reportedCurrency": "USD", "grossProfit": "927100000", "totalRevenue": "1519600000", "costOfRevenue": "592500000", "costofGoodsAndServicesSold": "592500000", "operatingIncome": "241900000", "sellingGeneralAndAdministrative": "645900000", "researchAndDevelopment": "0", "operatingExpenses": "685200000", "investmentIncomeNet": "None", "netInterestIncome": "None", "interestIncome": "None", "interestExpense": "13600000", "nonInterestIncome": "None", "otherNonOperatingIncome": "None", "depreciation": "None", "depreciationAndAmortization": "46900000", "incomeBeforeTax": "223700000", "incomeTaxExpense": "81200000", "interestAndDebtExpense": "None", "netIncomeFromContinuingOperations": "143000000", "comprehensiveIncomeNetOfTax": "None", "ebit": "242100000", "ebitda": "289000000", "netIncome": "214400000"}, {"fiscalDateEnding": "2011-09-30", "reportedCurrency": "USD", "grossProfit": "1197000000", "totalRevenue": "1908000000", "costOfRevenue": "711000000", "costofGoodsAndServicesSold": "711000000", "operatingIncome": "607000000", "sellingGeneralAndAdministrative": "552200000", "researchAndDevelopment": "0", "operatingExpenses": "590000000", "investmentIncomeNet": "None", "netInterestIncome": "None", "interestIncome": "None", "interestExpense": "18100000", "nonInterestIncome": "None", "otherNonOperatingIncome": "None", "depreciation": "None", "depreciationAndAmortization": "46000000", "incomeBeforeTax": "588700000", "incomeTaxExpense": "214000000", "interestAndDebtExpense": "None", "netIncomeFromContinuingOperations": "375000000", "comprehensiveIncomeNetOfTax": "None", "ebit": "607000000", "ebitda": "653000000", "netIncome": "365600000"}, {"fiscalDateEnding": "2011-06-30", "reportedCurrency": "USD", "grossProfit": "964000000", "totalRevenue": "1580800000", "costOfRevenue": "593000000", "costofGoodsAndServicesSold": "593000000", "operatingIncome": "358000000", "sellingGeneralAndAdministrative": "586900000", "researchAndDevelopment": "0", "operatingExpenses": "606000000", "investmentIncomeNet": "None", "netInterestIncome": "None", "interestIncome": "None", "interestExpense": "24200000", "nonInterestIncome": "None", "otherNonOperatingIncome": "None", "depreciation": "None", "depreciationAndAmortization": "47000000", "incomeBeforeTax": "339300000", "incomeTaxExpense": "122000000", "interestAndDebtExpense": "None", "netIncomeFromContinuingOperations": "215800000", "comprehensiveIncomeNetOfTax": "None", "ebit": "345000000", "ebitda": "392000000", "netIncome": "211100000"}, {"fiscalDateEnding": "2011-03-31", "reportedCurrency": "USD", "grossProfit": "758000000", "totalRevenue": "1281900000", "costOfRevenue": "503000000", "costofGoodsAndServicesSold": "503000000", "operatingIncome": "216000000", "sellingGeneralAndAdministrative": "509400000", "researchAndDevelopment": "0", "operatingExpenses": "542000000", "investmentIncomeNet": "None", "netInterestIncome": "None", "interestIncome": "None", "interestExpense": "19100000", "nonInterestIncome": "None", "otherNonOperatingIncome": "None", "depreciation": "None", "depreciationAndAmortization": "47000000", "incomeBeforeTax": "195300000", "incomeTaxExpense": "72000000", "interestAndDebtExpense": "None", "netIncomeFromContinuingOperations": "124200000", "comprehensiveIncomeNetOfTax": "None", "ebit": "216000000", "ebitda": "263000000", "netIncome": "120000000"}, {"fiscalDateEnding": "2010-12-31", "reportedCurrency": "USD", "grossProfit": "935863000", "totalRevenue": "1524079000", "costOfRevenue": "588216000", "costofGoodsAndServicesSold": "588216000", "operatingIncome": "283549000", "sellingGeneralAndAdministrative": "622231000", "researchAndDevelopment": "0", "operatingExpenses": "652314000", "investmentIncomeNet": "None", "netInterestIncome": "None", "interestIncome": "None", "interestExpense": "19445000", "nonInterestIncome": "None", "otherNonOperatingIncome": "None", "depreciation": "None", "depreciationAndAmortization": "101237000", "incomeBeforeTax": "253046000", "incomeTaxExpense": "92108000", "interestAndDebtExpense": "None", "netIncomeFromContinuingOperations": "160938000", "comprehensiveIncomeNetOfTax": "None", "ebit": "272491000", "ebitda": "373728000", "netIncome": "153843000"}, {"fiscalDateEnding": "2010-09-30", "reportedCurrency": "USD", "grossProfit": "1248200000", "totalRevenue": "1979806000", "costOfRevenue": "708000000", "costofGoodsAndServicesSold": "708000000", "operatingIncome": "630000000", "sellingGeneralAndAdministrative": "597600000", "researchAndDevelopment": "0", "operatingExpenses": "618200000", "investmentIncomeNet": "None", "netInterestIncome": "None", "interestIncome": "None", "interestExpense": "19319000", "nonInterestIncome": "None", "otherNonOperatingIncome": "11058000", "depreciation": "None", "depreciationAndAmortization": "39000000", "incomeBeforeTax": "612727000", "incomeTaxExpense": "221700000", "interestAndDebtExpense": "None", "netIncomeFromContinuingOperations": "389694000", "comprehensiveIncomeNetOfTax": "None", "ebit": "618900000", "ebitda": "657900000", "netIncome": "379850000"}, {"fiscalDateEnding": "2010-06-30", "reportedCurrency": "USD", "grossProfit": "913200000", "totalRevenue": "1474056000", "costOfRevenue": "560900000", "costofGoodsAndServicesSold": "560900000", "operatingIncome": "326300000", "sellingGeneralAndAdministrative": "547719000", "researchAndDevelopment": "0", "operatingExpenses": "586900000", "investmentIncomeNet": "None", "netInterestIncome": "None", "interestIncome": "None", "interestExpense": "20840000", "nonInterestIncome": "None", "otherNonOperatingIncome": "None", "depreciation": "None", "depreciationAndAmortization": "43900000", "incomeBeforeTax": "305418000", "incomeTaxExpense": "111200000", "interestAndDebtExpense": "None", "netIncomeFromContinuingOperations": "194246000", "comprehensiveIncomeNetOfTax": "None", "ebit": "326300000", "ebitda": "370200000", "netIncome": "191084000"}, {"fiscalDateEnding": "2010-03-31", "reportedCurrency": "USD", "grossProfit": "714200000", "totalRevenue": "1190390000", "costOfRevenue": "476200000", "costofGoodsAndServicesSold": "476200000", "operatingIncome": "190300000", "sellingGeneralAndAdministrative": "487971000", "researchAndDevelopment": "0", "operatingExpenses": "523900000", "investmentIncomeNet": "None", "netInterestIncome": "None", "interestIncome": "None", "interestExpense": "22039000", "nonInterestIncome": "None", "otherNonOperatingIncome": "None", "depreciation": "None", "depreciationAndAmortization": "40400000", "incomeBeforeTax": "168225000", "incomeTaxExpense": "61200000", "interestAndDebtExpense": "None", "netIncomeFromContinuingOperations": "106991000", "comprehensiveIncomeNetOfTax": "None", "ebit": "190300000", "ebitda": "230700000", "netIncome": "103286000"}, {"fiscalDateEnding": "2009-12-31", "reportedCurrency": "USD", "grossProfit": "883809000", "totalRevenue": "1462492000", "costOfRevenue": "578683000", "costofGoodsAndServicesSold": "578683000", "operatingIncome": "279103000", "sellingGeneralAndAdministrative": "556853000", "researchAndDevelopment": "0", "operatingExpenses": "604706000", "investmentIncomeNet": "None", "netInterestIncome": "None", "interestIncome": "None", "interestExpense": "19950000", "nonInterestIncome": "None", "otherNonOperatingIncome": "None", "depreciation": "None", "depreciationAndAmortization": "89416000", "incomeBeforeTax": "273002000", "incomeTaxExpense": "99373000", "interestAndDebtExpense": "None", "netIncomeFromContinuingOperations": "0", "comprehensiveIncomeNetOfTax": "None", "ebit": "292952000", "ebitda": "382368000", "netIncome": "167294000"}, {"fiscalDateEnding": "2009-09-30", "reportedCurrency": "USD", "grossProfit": "1140023000", "totalRevenue": "1875903000", "costOfRevenue": "735880000", "costofGoodsAndServicesSold": "735880000", "operatingIncome": "555965000", "sellingGeneralAndAdministrative": "546961000", "researchAndDevelopment": "0", "operatingExpenses": "584058000", "investmentIncomeNet": "None", "netInterestIncome": "None", "interestIncome": "None", "interestExpense": "17827000", "nonInterestIncome": "None", "otherNonOperatingIncome": "None", "depreciation": "None", "depreciationAndAmortization": "164270000", "incomeBeforeTax": "538138000", "incomeTaxExpense": "195882000", "interestAndDebtExpense": "None", "netIncomeFromContinuingOperations": "342256000", "comprehensiveIncomeNetOfTax": "None", "ebit": "555965000", "ebitda": "720235000", "netIncome": "336111000"}, {"fiscalDateEnding": "2009-06-30", "reportedCurrency": "USD", "grossProfit": "882675000", "totalRevenue": "1465180000", "costOfRevenue": "582505000", "costofGoodsAndServicesSold": "582505000", "operatingIncome": "296327000", "sellingGeneralAndAdministrative": "546126000", "researchAndDevelopment": "0", "operatingExpenses": "586348000", "investmentIncomeNet": "None", "netInterestIncome": "None", "interestIncome": "None", "interestExpense": "18499000", "nonInterestIncome": "None", "otherNonOperatingIncome": "-13849000", "depreciation": "None", "depreciationAndAmortization": "111360000", "incomeBeforeTax": "263979000", "incomeTaxExpense": "96088000", "interestAndDebtExpense": "None", "netIncomeFromContinuingOperations": "167891000", "comprehensiveIncomeNetOfTax": "None", "ebit": "282478000", "ebitda": "393838000", "netIncome": "164093000"}, {"fiscalDateEnding": "2009-03-31", "reportedCurrency": "USD", "grossProfit": "659268000", "totalRevenue": "1148207000", "costOfRevenue": "488939000", "costofGoodsAndServicesSold": "488939000", "operatingIncome": "124341000", "sellingGeneralAndAdministrative": "491311000", "researchAndDevelopment": "0", "operatingExpenses": "534927000", "investmentIncomeNet": "None", "netInterestIncome": "None", "interestIncome": "None", "interestExpense": "20591000", "nonInterestIncome": "None", "otherNonOperatingIncome": "None", "depreciation": "None", "depreciationAndAmortization": "70907000", "incomeBeforeTax": "103750000", "incomeTaxExpense": "37765000", "interestAndDebtExpense": "None", "netIncomeFromContinuingOperations": "0", "comprehensiveIncomeNetOfTax": "None", "ebit": "124341000", "ebitda": "195248000", "netIncome": "63004000"}, {"fiscalDateEnding": "2008-12-31", "reportedCurrency": "USD", "grossProfit": "790846000", "totalRevenue": "1415418000", "costOfRevenue": "624572000", "costofGoodsAndServicesSold": "624572000", "operatingIncome": "200911000", "sellingGeneralAndAdministrative": "540460000", "researchAndDevelopment": "0", "operatingExpenses": "589935000", "investmentIncomeNet": "None", "netInterestIncome": "None", "interestIncome": "None", "interestExpense": "15438000", "nonInterestIncome": "None", "otherNonOperatingIncome": "None", "depreciation": "None", "depreciationAndAmortization": "101129000", "incomeBeforeTax": "185473000", "incomeTaxExpense": "69552000", "interestAndDebtExpense": "None", "netIncomeFromContinuingOperations": "0", "comprehensiveIncomeNetOfTax": "None", "ebit": "200911000", "ebitda": "302040000", "netIncome": "115921000"}, {"fiscalDateEnding": "2008-09-30", "reportedCurrency": "USD", "grossProfit": "1300755000", "totalRevenue": "2048541000", "costOfRevenue": "747786000", "costofGoodsAndServicesSold": "747786000", "operatingIncome": "646267000", "sellingGeneralAndAdministrative": "610899000", "researchAndDevelopment": "0", "operatingExpenses": "654488000", "investmentIncomeNet": "None", "netInterestIncome": "None", "interestIncome": "None", "interestExpense": "22002000", "nonInterestIncome": "None", "otherNonOperatingIncome": "None", "depreciation": "None", "depreciationAndAmortization": "168148000", "incomeBeforeTax": "624265000", "incomeTaxExpense": "234099000", "interestAndDebtExpense": "None", "netIncomeFromContinuingOperations": "0", "comprehensiveIncomeNetOfTax": "None", "ebit": "646267000", "ebitda": "814415000", "netIncome": "390166000"}, {"fiscalDateEnding": "2008-06-30", "reportedCurrency": "USD", "grossProfit": "1033955000", "totalRevenue": "1673225000", "costOfRevenue": "639270000", "costofGoodsAndServicesSold": "639270000", "operatingIncome": "360025000", "sellingGeneralAndAdministrative": "630375000", "researchAndDevelopment": "0", "operatingExpenses": "673930000", "investmentIncomeNet": "None", "netInterestIncome": "None", "interestIncome": "None", "interestExpense": "20354000", "nonInterestIncome": "None", "otherNonOperatingIncome": "None", "depreciation": "None", "depreciationAndAmortization": "109602000", "incomeBeforeTax": "339671000", "incomeTaxExpense": "127377000", "interestAndDebtExpense": "None", "netIncomeFromContinuingOperations": "0", "comprehensiveIncomeNetOfTax": "None", "ebit": "360025000", "ebitda": "469627000", "netIncome": "212294000"}, {"fiscalDateEnding": "2008-03-31", "reportedCurrency": "USD", "grossProfit": "709560000", "totalRevenue": "1217871000", "costOfRevenue": "508311000", "costofGoodsAndServicesSold": "508311000", "operatingIncome": "151060000", "sellingGeneralAndAdministrative": "527164000", "researchAndDevelopment": "0", "operatingExpenses": "558500000", "investmentIncomeNet": "None", "netInterestIncome": "None", "interestIncome": "None", "interestExpense": "17830000", "nonInterestIncome": "None", "otherNonOperatingIncome": "None", "depreciation": "None", "depreciationAndAmortization": "69909000", "incomeBeforeTax": "129777000", "incomeTaxExpense": "48667000", "interestAndDebtExpense": "None", "netIncomeFromContinuingOperations": "0", "comprehensiveIncomeNetOfTax": "None", "ebit": "151060000", "ebitda": "220969000", "netIncome": "81110000"}, {"fiscalDateEnding": "2007-12-31", "reportedCurrency": "USD", "grossProfit": "948162000", "totalRevenue": "1569688000", "costOfRevenue": "621526000", "costofGoodsAndServicesSold": "621526000", "operatingIncome": "236855000", "sellingGeneralAndAdministrative": "669009000", "researchAndDevelopment": "0", "operatingExpenses": "711307000", "investmentIncomeNet": "None", "netInterestIncome": "None", "interestIncome": "None", "interestExpense": "11855000", "nonInterestIncome": "None", "otherNonOperatingIncome": "None", "depreciation": "None", "depreciationAndAmortization": "87063000", "incomeBeforeTax": "225000000", "incomeTaxExpense": "84375000", "interestAndDebtExpense": "None", "netIncomeFromContinuingOperations": "0", "comprehensiveIncomeNetOfTax": "None", "ebit": "236855000", "ebitda": "323918000", "netIncome": "140625000"}, {"fiscalDateEnding": "2007-09-30", "reportedCurrency": "USD", "grossProfit": "1421105000", "totalRevenue": "2187996000", "costOfRevenue": "766891000", "costofGoodsAndServicesSold": "766891000", "operatingIncome": "738652000", "sellingGeneralAndAdministrative": "644545000", "researchAndDevelopment": "0", "operatingExpenses": "682453000", "investmentIncomeNet": "None", "netInterestIncome": "None", "interestIncome": "None", "interestExpense": "15423000", "nonInterestIncome": "None", "otherNonOperatingIncome": "None", "depreciation": "None", "depreciationAndAmortization": "148386000", "incomeBeforeTax": "723229000", "incomeTaxExpense": "271211000", "interestAndDebtExpense": "None", "netIncomeFromContinuingOperations": "0", "comprehensiveIncomeNetOfTax": "None", "ebit": "738652000", "ebitda": "887038000", "netIncome": "452018000"}, {"fiscalDateEnding": "2007-06-30", "reportedCurrency": "USD", "grossProfit": "1083378000", "totalRevenue": "1718179000", "costOfRevenue": "634801000", "costofGoodsAndServicesSold": "634801000", "operatingIncome": "455425000", "sellingGeneralAndAdministrative": "587687000", "researchAndDevelopment": "0", "operatingExpenses": "627953000", "investmentIncomeNet": "None", "netInterestIncome": "None", "interestIncome": "None", "interestExpense": "12099000", "nonInterestIncome": "None", "otherNonOperatingIncome": "None", "depreciation": "None", "depreciationAndAmortization": "97108000", "incomeBeforeTax": "443326000", "incomeTaxExpense": "166248000", "interestAndDebtExpense": "None", "netIncomeFromContinuingOperations": "0", "comprehensiveIncomeNetOfTax": "None", "ebit": "455425000", "ebitda": "552533000", "netIncome": "277078000"}, {"fiscalDateEnding": "2007-03-31", "reportedCurrency": "USD", "grossProfit": "792036000", "totalRevenue": "1296418000", "costOfRevenue": "504382000", "costofGoodsAndServicesSold": "504382000", "operatingIncome": "232181000", "sellingGeneralAndAdministrative": "536643000", "researchAndDevelopment": "0", "operatingExpenses": "559855000", "investmentIncomeNet": "None", "netInterestIncome": "None", "interestIncome": "None", "interestExpense": "16101000", "nonInterestIncome": "None", "otherNonOperatingIncome": "None", "depreciation": "None", "depreciationAndAmortization": "68614000", "incomeBeforeTax": "230977000", "incomeTaxExpense": "87139000", "interestAndDebtExpense": "None", "netIncomeFromContinuingOperations": "0", "comprehensiveIncomeNetOfTax": "None", "ebit": "232181000", "ebitda": "300795000", "netIncome": "143838000"}, {"fiscalDateEnding": "2006-12-31", "reportedCurrency": "USD", "grossProfit": "987317000", "totalRevenue": "1594346000", "costOfRevenue": "607029000", "costofGoodsAndServicesSold": "607029000", "operatingIncome": "326148000", "sellingGeneralAndAdministrative": "618500000", "researchAndDevelopment": "0", "operatingExpenses": "661169000", "investmentIncomeNet": "None", "netInterestIncome": "None", "interestIncome": "None", "interestExpense": "70000", "nonInterestIncome": "None", "otherNonOperatingIncome": "None", "depreciation": "None", "depreciationAndAmortization": "92196000", "incomeBeforeTax": "326078000", "incomeTaxExpense": "121301000", "interestAndDebtExpense": "None", "netIncomeFromContinuingOperations": "0", "comprehensiveIncomeNetOfTax": "None", "ebit": "326148000", "ebitda": "418344000", "netIncome": "204777000"}, {"fiscalDateEnding": "2006-09-30", "reportedCurrency": "USD", "grossProfit": "1280313000", "totalRevenue": "1992570000", "costOfRevenue": "712257000", "costofGoodsAndServicesSold": "712257000", "operatingIncome": "616229000", "sellingGeneralAndAdministrative": "625079000", "researchAndDevelopment": "0", "operatingExpenses": "664084000", "investmentIncomeNet": "None", "netInterestIncome": "None", "interestIncome": "None", "interestExpense": "7515000", "nonInterestIncome": "None", "otherNonOperatingIncome": "None", "depreciation": "None", "depreciationAndAmortization": "142324000", "incomeBeforeTax": "608714000", "incomeTaxExpense": "226441000", "interestAndDebtExpense": "None", "netIncomeFromContinuingOperations": "0", "comprehensiveIncomeNetOfTax": "None", "ebit": "616229000", "ebitda": "758553000", "netIncome": "382273000"}, {"fiscalDateEnding": "2006-06-30", "reportedCurrency": "USD", "grossProfit": "941067000", "totalRevenue": "1527543000", "costOfRevenue": "586476000", "costofGoodsAndServicesSold": "586476000", "operatingIncome": "360403000", "sellingGeneralAndAdministrative": "540241000", "researchAndDevelopment": "0", "operatingExpenses": "580664000", "investmentIncomeNet": "None", "netInterestIncome": "None", "interestIncome": "None", "interestExpense": "8555000", "nonInterestIncome": "None", "otherNonOperatingIncome": "None", "depreciation": "None", "depreciationAndAmortization": "93462000", "incomeBeforeTax": "351848000", "incomeTaxExpense": "130887000", "interestAndDebtExpense": "None", "netIncomeFromContinuingOperations": "0", "comprehensiveIncomeNetOfTax": "None", "ebit": "360403000", "ebitda": "453865000", "netIncome": "220961000"}, {"fiscalDateEnding": "2006-03-31", "reportedCurrency": "USD", "grossProfit": "659194000", "totalRevenue": "1140679000", "costOfRevenue": "481485000", "costofGoodsAndServicesSold": "481485000", "operatingIncome": "115674000", "sellingGeneralAndAdministrative": "504030000", "researchAndDevelopment": "0", "operatingExpenses": "543520000", "investmentIncomeNet": "None", "netInterestIncome": "None", "interestIncome": "None", "interestExpense": "2509000", "nonInterestIncome": "None", "otherNonOperatingIncome": "None", "depreciation": "None", "depreciationAndAmortization": "62010000", "incomeBeforeTax": "118183000", "incomeTaxExpense": "43963000", "interestAndDebtExpense": "None", "netIncomeFromContinuingOperations": "0", "comprehensiveIncomeNetOfTax": "None", "ebit": "115674000", "ebitda": "177684000", "netIncome": "74220000"}, {"fiscalDateEnding": "2005-12-31", "reportedCurrency": "USD", "grossProfit": "952155000", "totalRevenue": "1541318000", "costOfRevenue": "589163000", "costofGoodsAndServicesSold": "589163000", "operatingIncome": "315562000", "sellingGeneralAndAdministrative": "590099000", "researchAndDevelopment": "0", "operatingExpenses": "636593000", "investmentIncomeNet": "None", "netInterestIncome": "None", "interestIncome": "None", "interestExpense": "3706000", "nonInterestIncome": "None", "otherNonOperatingIncome": "None", "depreciation": "None", "depreciationAndAmortization": "95606000", "incomeBeforeTax": "317378000", "incomeTaxExpense": "128066000", "interestAndDebtExpense": "None", "netIncomeFromContinuingOperations": "0", "comprehensiveIncomeNetOfTax": "None", "ebit": "315562000", "ebitda": "411168000", "netIncome": "189312000"}]}