{"symbol": "TER", "annualReports": [{"fiscalDateEnding": "2025-12-31", "reportedCurrency": "None", "grossProfit": "1867857000", "totalRevenue": "3190024000", "costOfRevenue": "1322167000", "costofGoodsAndServicesSold": "1322167000", "operatingIncome": "693405000", "sellingGeneralAndAdministrative": "None", "researchAndDevelopment": "504596000", "operatingExpenses": "1174452000", "investmentIncomeNet": "None", "netInterestIncome": "None", "interestIncome": "None", "interestExpense": "8022000", "nonInterestIncome": "None", "otherNonOperatingIncome": "None", "depreciation": "None", "depreciationAndAmortization": "126715000", "incomeBeforeTax": "633346000", "incomeTaxExpense": "79299000", "interestAndDebtExpense": "None", "netIncomeFromContinuingOperations": "None", "comprehensiveIncomeNetOfTax": "None", "ebit": "653260000", "ebitda": "779975000", "netIncome": "554046000"}, {"fiscalDateEnding": "2024-12-31", "reportedCurrency": "USD", "grossProfit": "1648927000", "totalRevenue": "2819880000", "costOfRevenue": "1170953000", "costofGoodsAndServicesSold": "1170953000", "operatingIncome": "593788000", "sellingGeneralAndAdministrative": "617047000", "researchAndDevelopment": "460876000", "operatingExpenses": "1055139000", "investmentIncomeNet": "None", "netInterestIncome": "21185000", "interestIncome": "24772000", "interestExpense": "3587000", "nonInterestIncome": "None", "otherNonOperatingIncome": "None", "depreciation": "None", "depreciationAndAmortization": "119741000", "incomeBeforeTax": "601875000", "incomeTaxExpense": "59503000", "interestAndDebtExpense": "None", "netIncomeFromContinuingOperations": "542372000", "comprehensiveIncomeNetOfTax": "None", "ebit": "612673000", "ebitda": "732414000", "netIncome": "542372000"}, {"fiscalDateEnding": "2023-12-31", "reportedCurrency": "USD", "grossProfit": "1536748000", "totalRevenue": "2676298000", "costOfRevenue": "1139550000", "costofGoodsAndServicesSold": "1139550000", "operatingIncome": "501068000", "sellingGeneralAndAdministrative": "278384000", "researchAndDevelopment": "220525000", "operatingExpenses": "1035680000", "investmentIncomeNet": "None", "netInterestIncome": "2931000", "interestIncome": "4725000", "interestExpense": "24504000", "nonInterestIncome": "None", "otherNonOperatingIncome": "None", "depreciation": "None", "depreciationAndAmortization": "110702000", "incomeBeforeTax": "525572000", "incomeTaxExpense": "65648000", "interestAndDebtExpense": "None", "netIncomeFromContinuingOperations": "355786000", "comprehensiveIncomeNetOfTax": "None", "ebit": "501068000", "ebitda": "611770000", "netIncome": "448752000"}, {"fiscalDateEnding": "2022-12-31", "reportedCurrency": "USD", "grossProfit": "1867151000", "totalRevenue": "3155045000", "costOfRevenue": "1287894000", "costofGoodsAndServicesSold": "1287894000", "operatingIncome": "831939000", "sellingGeneralAndAdministrative": "558103000", "researchAndDevelopment": "440591000", "operatingExpenses": "1035212000", "investmentIncomeNet": "None", "netInterestIncome": "8446000", "interestIncome": "8446000", "interestExpense": "3719000", "nonInterestIncome": "None", "otherNonOperatingIncome": "12165000", "depreciation": "None", "depreciationAndAmortization": "110675000", "incomeBeforeTax": "840385000", "incomeTaxExpense": "124884000", "interestAndDebtExpense": "None", "netIncomeFromContinuingOperations": "715501000", "comprehensiveIncomeNetOfTax": "None", "ebit": "844104000", "ebitda": "954779000", "netIncome": "715501000"}, {"fiscalDateEnding": "2021-12-31", "reportedCurrency": "USD", "grossProfit": "2206656000", "totalRevenue": "3702881000", "costOfRevenue": "1496225000", "costofGoodsAndServicesSold": "1496225000", "operatingIncome": "1200720000", "sellingGeneralAndAdministrative": "547559000", "researchAndDevelopment": "427609000", "operatingExpenses": "1005936000", "investmentIncomeNet": "None", "netInterestIncome": "-39765000", "interestIncome": "2627000", "interestExpense": "17820000", "nonInterestIncome": "None", "otherNonOperatingIncome": "-21945000", "depreciation": "None", "depreciationAndAmortization": "125485000", "incomeBeforeTax": "1160955000", "incomeTaxExpense": "146366000", "interestAndDebtExpense": "None", "netIncomeFromContinuingOperations": "1020833000", "comprehensiveIncomeNetOfTax": "None", "ebit": "1178775000", "ebitda": "1304260000", "netIncome": "1014589000"}, {"fiscalDateEnding": "2020-12-31", "reportedCurrency": "USD", "grossProfit": "1785741000", "totalRevenue": "3121469000", "costOfRevenue": "1335728000", "costofGoodsAndServicesSold": "1335728000", "operatingIncome": "928407000", "sellingGeneralAndAdministrative": "464769000", "researchAndDevelopment": "374964000", "operatingExpenses": "857334000", "investmentIncomeNet": "None", "netInterestIncome": "-27392000", "interestIncome": "5982000", "interestExpense": "24182000", "nonInterestIncome": "None", "otherNonOperatingIncome": "-3210000", "depreciation": "None", "depreciationAndAmortization": "126743000", "incomeBeforeTax": "901015000", "incomeTaxExpense": "116868000", "interestAndDebtExpense": "None", "netIncomeFromContinuingOperations": "784147000", "comprehensiveIncomeNetOfTax": "None", "ebit": "925197000", "ebitda": "1051940000", "netIncome": "784147000"}, {"fiscalDateEnding": "2019-12-31", "reportedCurrency": "USD", "grossProfit": "1339829000", "totalRevenue": "2294965000", "costOfRevenue": "955136000", "costofGoodsAndServicesSold": "955136000", "operatingIncome": "553654000", "sellingGeneralAndAdministrative": "437084000", "researchAndDevelopment": "322824000", "operatingExpenses": "800055000", "investmentIncomeNet": "None", "netInterestIncome": "1640000", "interestIncome": "24785000", "interestExpense": "22224000", "nonInterestIncome": "None", "otherNonOperatingIncome": "-4737000", "depreciation": "None", "depreciationAndAmortization": "120655000", "incomeBeforeTax": "525772000", "incomeTaxExpense": "58304000", "interestAndDebtExpense": "None", "netIncomeFromContinuingOperations": "467468000", "comprehensiveIncomeNetOfTax": "None", "ebit": "547996000", "ebitda": "668651000", "netIncome": "467468000"}, {"fiscalDateEnding": "2018-12-31", "reportedCurrency": "USD", "grossProfit": "1220394000", "totalRevenue": "2100802000", "costOfRevenue": "880408000", "costofGoodsAndServicesSold": "880408000", "operatingIncome": "473797000", "sellingGeneralAndAdministrative": "390669000", "researchAndDevelopment": "301505000", "operatingExpenses": "731365000", "investmentIncomeNet": "None", "netInterestIncome": "-4565000", "interestIncome": "26704000", "interestExpense": "21780000", "nonInterestIncome": "None", "otherNonOperatingIncome": "25273000", "depreciation": "None", "depreciationAndAmortization": "113224000", "incomeBeforeTax": "467801000", "incomeTaxExpense": "16022000", "interestAndDebtExpense": "None", "netIncomeFromContinuingOperations": "451779000", "comprehensiveIncomeNetOfTax": "None", "ebit": "489581000", "ebitda": "602805000", "netIncome": "451779000"}, {"fiscalDateEnding": "2017-12-31", "reportedCurrency": "USD", "grossProfit": "1221453000", "totalRevenue": "2136606000", "costOfRevenue": "915153000", "costofGoodsAndServicesSold": "915153000", "operatingIncome": "525343000", "sellingGeneralAndAdministrative": "348287000", "researchAndDevelopment": "307305000", "operatingExpenses": "686748000", "investmentIncomeNet": "None", "netInterestIncome": "-3858000", "interestIncome": "17805000", "interestExpense": "21663000", "nonInterestIncome": "None", "otherNonOperatingIncome": "16047000", "depreciation": "None", "depreciationAndAmortization": "108075000", "incomeBeforeTax": "524412000", "incomeTaxExpense": "266720000", "interestAndDebtExpense": "None", "netIncomeFromContinuingOperations": "257692000", "comprehensiveIncomeNetOfTax": "None", "ebit": "546075000", "ebitda": "654150000", "netIncome": "257692000"}, {"fiscalDateEnding": "2016-12-31", "reportedCurrency": "USD", "grossProfit": "958608000", "totalRevenue": "1753250000", "costOfRevenue": "794642000", "costofGoodsAndServicesSold": "794642000", "operatingIncome": "-62970000", "sellingGeneralAndAdministrative": "315682000", "researchAndDevelopment": "292159000", "operatingExpenses": "661351000", "investmentIncomeNet": "None", "netInterestIncome": "5659000", "interestIncome": "9296000", "interestExpense": "3637000", "nonInterestIncome": "None", "otherNonOperatingIncome": "8592000", "depreciation": "None", "depreciationAndAmortization": "120009000", "incomeBeforeTax": "-55060000", "incomeTaxExpense": "-11639000", "interestAndDebtExpense": "None", "netIncomeFromContinuingOperations": "-43421000", "comprehensiveIncomeNetOfTax": "None", "ebit": "-51423000", "ebitda": "68586000", "netIncome": "-43421000"}, {"fiscalDateEnding": "2015-12-31", "reportedCurrency": "USD", "grossProfit": "915643000", "totalRevenue": "1639578000", "costOfRevenue": "723935000", "costofGoodsAndServicesSold": "723935000", "operatingIncome": "242969000", "sellingGeneralAndAdministrative": "306313000", "researchAndDevelopment": "292250000", "operatingExpenses": "667594000", "investmentIncomeNet": "None", "netInterestIncome": "None", "interestIncome": "2291000", "interestExpense": "1876000", "nonInterestIncome": "None", "otherNonOperatingIncome": "12031000", "depreciation": "None", "depreciationAndAmortization": "140773000", "incomeBeforeTax": "253124000", "incomeTaxExpense": "46647000", "interestAndDebtExpense": "None", "netIncomeFromContinuingOperations": "206477000", "comprehensiveIncomeNetOfTax": "None", "ebit": "255000000", "ebitda": "395773000", "netIncome": "206477000"}, {"fiscalDateEnding": "2014-12-31", "reportedCurrency": "USD", "grossProfit": "878808000", "totalRevenue": "1647824000", "costOfRevenue": "769016000", "costofGoodsAndServicesSold": "769016000", "operatingIncome": "96423000", "sellingGeneralAndAdministrative": "319713000", "researchAndDevelopment": "291639000", "operatingExpenses": "682123000", "investmentIncomeNet": "None", "netInterestIncome": "None", "interestIncome": "None", "interestExpense": "6934000", "nonInterestIncome": "None", "otherNonOperatingIncome": "5887000", "depreciation": "None", "depreciationAndAmortization": "152544000", "incomeBeforeTax": "95376000", "incomeTaxExpense": "14104000", "interestAndDebtExpense": "None", "netIncomeFromContinuingOperations": "81272000", "comprehensiveIncomeNetOfTax": "None", "ebit": "102310000", "ebitda": "254854000", "netIncome": "81272000"}, {"fiscalDateEnding": "2013-12-31", "reportedCurrency": "USD", "grossProfit": "808801000", "totalRevenue": "1427933000", "costOfRevenue": "619132000", "costofGoodsAndServicesSold": "619132000", "operatingIncome": "190659000", "sellingGeneralAndAdministrative": "279560000", "researchAndDevelopment": "264055000", "operatingExpenses": "616062000", "investmentIncomeNet": "None", "netInterestIncome": "None", "interestIncome": "None", "interestExpense": "26097000", "nonInterestIncome": "None", "otherNonOperatingIncome": "4129000", "depreciation": "None", "depreciationAndAmortization": "150687000", "incomeBeforeTax": "201922000", "incomeTaxExpense": "36975000", "interestAndDebtExpense": "None", "netIncomeFromContinuingOperations": "164947000", "comprehensiveIncomeNetOfTax": "None", "ebit": "228019000", "ebitda": "378706000", "netIncome": "164947000"}, {"fiscalDateEnding": "2012-12-31", "reportedCurrency": "USD", "grossProfit": "886037000", "totalRevenue": "1656750000", "costOfRevenue": "770713000", "costofGoodsAndServicesSold": "770713000", "operatingIncome": "287368000", "sellingGeneralAndAdministrative": "281500000", "researchAndDevelopment": "255866000", "operatingExpenses": "606390000", "investmentIncomeNet": "None", "netInterestIncome": "None", "interestIncome": "None", "interestExpense": "24534000", "nonInterestIncome": "None", "otherNonOperatingIncome": "4090000", "depreciation": "None", "depreciationAndAmortization": "145514000", "incomeBeforeTax": "265976000", "incomeTaxExpense": "48927000", "interestAndDebtExpense": "None", "netIncomeFromContinuingOperations": "217049000", "comprehensiveIncomeNetOfTax": "None", "ebit": "290510000", "ebitda": "436024000", "netIncome": "217049000"}, {"fiscalDateEnding": "2011-12-31", "reportedCurrency": "USD", "grossProfit": "711823000", "totalRevenue": "1429061000", "costOfRevenue": "717238000", "costofGoodsAndServicesSold": "717238000", "operatingIncome": "231498000", "sellingGeneralAndAdministrative": "233711000", "researchAndDevelopment": "201024000", "operatingExpenses": "473582000", "investmentIncomeNet": "None", "netInterestIncome": "None", "interestIncome": "None", "interestExpense": "23694000", "nonInterestIncome": "None", "otherNonOperatingIncome": "6617000", "depreciation": "None", "depreciationAndAmortization": "106681000", "incomeBeforeTax": "218637000", "incomeTaxExpense": "-129536000", "interestAndDebtExpense": "None", "netIncomeFromContinuingOperations": "347893000", "comprehensiveIncomeNetOfTax": "None", "ebit": "238115000", "ebitda": "344796000", "netIncome": "349438000"}, {"fiscalDateEnding": "2010-12-31", "reportedCurrency": "USD", "grossProfit": "857583000", "totalRevenue": "1566162000", "costOfRevenue": "708579000", "costofGoodsAndServicesSold": "708579000", "operatingIncome": "414937000", "sellingGeneralAndAdministrative": "230101000", "researchAndDevelopment": "191863000", "operatingExpenses": "446446000", "investmentIncomeNet": "None", "netInterestIncome": "None", "interestIncome": "None", "interestExpense": "24451000", "nonInterestIncome": "None", "otherNonOperatingIncome": "-18956000", "depreciation": "None", "depreciationAndAmortization": "93516000", "incomeBeforeTax": "396347000", "incomeTaxExpense": "16655000", "interestAndDebtExpense": "None", "netIncomeFromContinuingOperations": "379730000", "comprehensiveIncomeNetOfTax": "None", "ebit": "420798000", "ebitda": "514314000", "netIncome": "379730000"}, {"fiscalDateEnding": "2009-12-31", "reportedCurrency": "USD", "grossProfit": "311633000", "totalRevenue": "819407000", "costOfRevenue": "507774000", "costofGoodsAndServicesSold": "507774000", "operatingIncome": "-122421000", "sellingGeneralAndAdministrative": "200430000", "researchAndDevelopment": "164835000", "operatingExpenses": "397561000", "investmentIncomeNet": "None", "netInterestIncome": "None", "interestIncome": "None", "interestExpense": "23633000", "nonInterestIncome": "None", "otherNonOperatingIncome": "None", "depreciation": "None", "depreciationAndAmortization": "106081000", "incomeBeforeTax": "-142637000", "incomeTaxExpense": "-8800000", "interestAndDebtExpense": "None", "netIncomeFromContinuingOperations": "None", "comprehensiveIncomeNetOfTax": "None", "ebit": "-119004000", "ebitda": "-12923000", "netIncome": "-133836999"}, {"fiscalDateEnding": "2008-12-31", "reportedCurrency": "USD", "grossProfit": "498192000", "totalRevenue": "1107042000", "costOfRevenue": "608850000", "costofGoodsAndServicesSold": "608850000", "operatingIncome": "-380740000", "sellingGeneralAndAdministrative": "247789000", "researchAndDevelopment": "218061000", "operatingExpenses": "816157000", "investmentIncomeNet": "None", "netInterestIncome": "None", "interestIncome": "None", "interestExpense": "14236000", "nonInterestIncome": "None", "otherNonOperatingIncome": "None", "depreciation": "None", "depreciationAndAmortization": "94760000", "incomeBeforeTax": "-386025000", "incomeTaxExpense": "12577000", "interestAndDebtExpense": "None", "netIncomeFromContinuingOperations": "None", "comprehensiveIncomeNetOfTax": "None", "ebit": "-368182000", "ebitda": "-273422000", "netIncome": "-397834000"}, {"fiscalDateEnding": "2007-12-31", "reportedCurrency": "USD", "grossProfit": "513433000", "totalRevenue": "1102280000", "costOfRevenue": "588847000", "costofGoodsAndServicesSold": "588847000", "operatingIncome": "42207000", "sellingGeneralAndAdministrative": "250841000", "researchAndDevelopment": "204344000", "operatingExpenses": "455185000", "investmentIncomeNet": "None", "netInterestIncome": "None", "interestIncome": "None", "interestExpense": "689000", "nonInterestIncome": "None", "otherNonOperatingIncome": "None", "depreciation": "None", "depreciationAndAmortization": "67495000", "incomeBeforeTax": "79243000", "incomeTaxExpense": "7360000", "interestAndDebtExpense": "None", "netIncomeFromContinuingOperations": "None", "comprehensiveIncomeNetOfTax": "None", "ebit": "58248000", "ebitda": "125743000", "netIncome": "71811000"}, {"fiscalDateEnding": "2006-12-31", "reportedCurrency": "USD", "grossProfit": "651882000", "totalRevenue": "1356249000", "costOfRevenue": "704367000", "costofGoodsAndServicesSold": "704367000", "operatingIncome": "202467000", "sellingGeneralAndAdministrative": "289006000", "researchAndDevelopment": "202436000", "operatingExpenses": "485448000", "investmentIncomeNet": "None", "netInterestIncome": "None", "interestIncome": "None", "interestExpense": "11060000", "nonInterestIncome": "None", "otherNonOperatingIncome": "None", "depreciation": "None", "depreciationAndAmortization": "73540000", "incomeBeforeTax": "230395000", "incomeTaxExpense": "27869000", "interestAndDebtExpense": "None", "netIncomeFromContinuingOperations": "None", "comprehensiveIncomeNetOfTax": "None", "ebit": "166434000", "ebitda": "239974000", "netIncome": "198757000"}], "quarterlyReports": [{"fiscalDateEnding": "2025-12-31", "reportedCurrency": "None", "grossProfit": "622846000", "totalRevenue": "1083337000", "costOfRevenue": "460491000", "costofGoodsAndServicesSold": "460491000", "operatingIncome": "310181000", "sellingGeneralAndAdministrative": "None", "researchAndDevelopment": "143265000", "operatingExpenses": "312665000", "investmentIncomeNet": "None", "netInterestIncome": "None", "interestIncome": "None", "interestExpense": "3625000", "nonInterestIncome": "None", "otherNonOperatingIncome": "None", "depreciation": "None", "depreciationAndAmortization": "35412000", "incomeBeforeTax": "286371000", "incomeTaxExpense": "29151000", "interestAndDebtExpense": "None", "netIncomeFromContinuingOperations": "None", "comprehensiveIncomeNetOfTax": "None", "ebit": "289575000", "ebitda": "324987000", "netIncome": "257220000"}, {"fiscalDateEnding": "2025-09-30", "reportedCurrency": "USD", "grossProfit": "449306000", "totalRevenue": "769210000", "costOfRevenue": "319904000", "costofGoodsAndServicesSold": "319904000", "operatingIncome": "145303000", "sellingGeneralAndAdministrative": "169144000", "researchAndDevelopment": "124760000", "operatingExpenses": "304003000", "investmentIncomeNet": "None", "netInterestIncome": "1882000", "interestIncome": "3191000", "interestExpense": "2797000", "nonInterestIncome": "None", "otherNonOperatingIncome": "None", "depreciation": "None", "depreciationAndAmortization": "30163000", "incomeBeforeTax": "142902000", "incomeTaxExpense": "23344000", "interestAndDebtExpense": "None", "netIncomeFromContinuingOperations": "119558000", "comprehensiveIncomeNetOfTax": "None", "ebit": "145699000", "ebitda": "175862000", "netIncome": "119558000"}, {"fiscalDateEnding": "2025-06-30", "reportedCurrency": "USD", "grossProfit": "373012000", "totalRevenue": "651797000", "costOfRevenue": "278785000", "costofGoodsAndServicesSold": "278785000", "operatingIncome": "90743000", "sellingGeneralAndAdministrative": "157782000", "researchAndDevelopment": "118382000", "operatingExpenses": "282269000", "investmentIncomeNet": "None", "netInterestIncome": "3546000", "interestIncome": "4351000", "interestExpense": "805000", "nonInterestIncome": "None", "otherNonOperatingIncome": "None", "depreciation": "None", "depreciationAndAmortization": "31389000", "incomeBeforeTax": "96559000", "incomeTaxExpense": "18187000", "interestAndDebtExpense": "None", "netIncomeFromContinuingOperations": "78372000", "comprehensiveIncomeNetOfTax": "None", "ebit": "97364000", "ebitda": "128753000", "netIncome": "78372000"}, {"fiscalDateEnding": "2025-03-31", "reportedCurrency": "USD", "grossProfit": "415336000", "totalRevenue": "685680000", "costOfRevenue": "270344000", "costofGoodsAndServicesSold": "270344000", "operatingIncome": "120803000", "sellingGeneralAndAdministrative": "157257000", "researchAndDevelopment": "118188000", "operatingExpenses": "294533000", "investmentIncomeNet": "None", "netInterestIncome": "4281000", "interestIncome": "5076000", "interestExpense": "795000", "nonInterestIncome": "None", "otherNonOperatingIncome": "None", "depreciation": "None", "depreciationAndAmortization": "30302000", "incomeBeforeTax": "113440000", "incomeTaxExpense": "14544000", "interestAndDebtExpense": "None", "netIncomeFromContinuingOperations": "98896000", "comprehensiveIncomeNetOfTax": "None", "ebit": "119819000", "ebitda": "150121000", "netIncome": "98896000"}, {"fiscalDateEnding": "2024-12-31", "reportedCurrency": "USD", "grossProfit": "447288000", "totalRevenue": "752884000", "costOfRevenue": "305596000", "costofGoodsAndServicesSold": "305596000", "operatingIncome": "153585000", "sellingGeneralAndAdministrative": "155740000", "researchAndDevelopment": "128387000", "operatingExpenses": "293703000", "investmentIncomeNet": "None", "netInterestIncome": "4525000", "interestIncome": "5114000", "interestExpense": "589000", "nonInterestIncome": "None", "otherNonOperatingIncome": "None", "depreciation": "None", "depreciationAndAmortization": "31128000", "incomeBeforeTax": "151661000", "incomeTaxExpense": "5408000", "interestAndDebtExpense": "None", "netIncomeFromContinuingOperations": "146253000", "comprehensiveIncomeNetOfTax": "None", "ebit": "158386000", "ebitda": "189514000", "netIncome": "146253000"}, {"fiscalDateEnding": "2024-09-30", "reportedCurrency": "USD", "grossProfit": "436514000", "totalRevenue": "737298000", "costOfRevenue": "300784000", "costofGoodsAndServicesSold": "300784000", "operatingIncome": "152065000", "sellingGeneralAndAdministrative": "157649000", "researchAndDevelopment": "117474000", "operatingExpenses": "284449000", "investmentIncomeNet": "None", "netInterestIncome": "4268000", "interestIncome": "5076000", "interestExpense": "808000", "nonInterestIncome": "None", "otherNonOperatingIncome": "None", "depreciation": "None", "depreciationAndAmortization": "30289000", "incomeBeforeTax": "157909000", "incomeTaxExpense": "12260000", "interestAndDebtExpense": "None", "netIncomeFromContinuingOperations": "145649000", "comprehensiveIncomeNetOfTax": "None", "ebit": "159792000", "ebitda": "190081000", "netIncome": "145649000"}, {"fiscalDateEnding": "2024-06-30", "reportedCurrency": "USD", "grossProfit": "425844000", "totalRevenue": "729879000", "costOfRevenue": "304035000", "costofGoodsAndServicesSold": "304035000", "operatingIncome": "210368000", "sellingGeneralAndAdministrative": "154470000", "researchAndDevelopment": "111816000", "operatingExpenses": "215476000", "investmentIncomeNet": "None", "netInterestIncome": "5185000", "interestIncome": "6715000", "interestExpense": "1530000", "nonInterestIncome": "None", "otherNonOperatingIncome": "None", "depreciation": "None", "depreciationAndAmortization": "30204000", "incomeBeforeTax": "219403000", "incomeTaxExpense": "33130000", "interestAndDebtExpense": "None", "netIncomeFromContinuingOperations": "186273000", "comprehensiveIncomeNetOfTax": "None", "ebit": "220933000", "ebitda": "251137000", "netIncome": "186273000"}, {"fiscalDateEnding": "2024-03-31", "reportedCurrency": "USD", "grossProfit": "339282000", "totalRevenue": "599819000", "costOfRevenue": "260537000", "costofGoodsAndServicesSold": "260537000", "operatingIncome": "77771000", "sellingGeneralAndAdministrative": "149188000", "researchAndDevelopment": "103199000", "operatingExpenses": "261511000", "investmentIncomeNet": "None", "netInterestIncome": "7206000", "interestIncome": "7867000", "interestExpense": "661000", "nonInterestIncome": "None", "otherNonOperatingIncome": "None", "depreciation": "None", "depreciationAndAmortization": "28120000", "incomeBeforeTax": "72902000", "incomeTaxExpense": "8705000", "interestAndDebtExpense": "None", "netIncomeFromContinuingOperations": "64197000", "comprehensiveIncomeNetOfTax": "None", "ebit": "73563000", "ebitda": "101683000", "netIncome": "64197000"}, {"fiscalDateEnding": "2023-12-31", "reportedCurrency": "USD", "grossProfit": "379544000", "totalRevenue": "670599000", "costOfRevenue": "291055000", "costofGoodsAndServicesSold": "291055000", "operatingIncome": "124323000", "sellingGeneralAndAdministrative": "441683000", "researchAndDevelopment": "102208000", "operatingExpenses": "255221000", "investmentIncomeNet": "None", "netInterestIncome": "23003000", "interestIncome": "26030000", "interestExpense": "812000", "nonInterestIncome": "None", "otherNonOperatingIncome": "None", "depreciation": "None", "depreciationAndAmortization": "27945000", "incomeBeforeTax": "139805000", "incomeTaxExpense": "22751000", "interestAndDebtExpense": "None", "netIncomeFromContinuingOperations": "265267000", "comprehensiveIncomeNetOfTax": "None", "ebit": "140617000", "ebitda": "168562000", "netIncome": "117054000"}, {"fiscalDateEnding": "2023-09-30", "reportedCurrency": "USD", "grossProfit": "398291000", "totalRevenue": "703732000", "costOfRevenue": "305441000", "costofGoodsAndServicesSold": "305441000", "operatingIncome": "143972000", "sellingGeneralAndAdministrative": "138330000", "researchAndDevelopment": "104413000", "operatingExpenses": "254319000", "investmentIncomeNet": "None", "netInterestIncome": "308000", "interestIncome": "6873000", "interestExpense": "963000", "nonInterestIncome": "None", "otherNonOperatingIncome": "None", "depreciation": "None", "depreciationAndAmortization": "28130000", "incomeBeforeTax": "144280000", "incomeTaxExpense": "16164000", "interestAndDebtExpense": "None", "netIncomeFromContinuingOperations": "128116000", "comprehensiveIncomeNetOfTax": "None", "ebit": "145243000", "ebitda": "173373000", "netIncome": "128116000"}, {"fiscalDateEnding": "2023-06-30", "reportedCurrency": "USD", "grossProfit": "402492000", "totalRevenue": "684437000", "costOfRevenue": "281945000", "costofGoodsAndServicesSold": "281945000", "operatingIncome": "139908000", "sellingGeneralAndAdministrative": "145695000", "researchAndDevelopment": "105706000", "operatingExpenses": "262584000", "investmentIncomeNet": "None", "netInterestIncome": "4494000", "interestIncome": "6354000", "interestExpense": "1045000", "nonInterestIncome": "None", "otherNonOperatingIncome": "None", "depreciation": "None", "depreciationAndAmortization": "27205000", "incomeBeforeTax": "144402000", "incomeTaxExpense": "24352000", "interestAndDebtExpense": "None", "netIncomeFromContinuingOperations": "120050000", "comprehensiveIncomeNetOfTax": "None", "ebit": "145447000", "ebitda": "172652000", "netIncome": "120050000"}, {"fiscalDateEnding": "2023-03-31", "reportedCurrency": "USD", "grossProfit": "356420000", "totalRevenue": "617529000", "costOfRevenue": "261109000", "costofGoodsAndServicesSold": "261109000", "operatingIncome": "92864000", "sellingGeneralAndAdministrative": "150955000", "researchAndDevelopment": "105762000", "operatingExpenses": "263556000", "investmentIncomeNet": "None", "netInterestIncome": "4220000", "interestIncome": "5258000", "interestExpense": "987000", "nonInterestIncome": "None", "otherNonOperatingIncome": "5207000", "depreciation": "None", "depreciationAndAmortization": "27606000", "incomeBeforeTax": "97084000", "incomeTaxExpense": "13553000", "interestAndDebtExpense": "None", "netIncomeFromContinuingOperations": "83531000", "comprehensiveIncomeNetOfTax": "None", "ebit": "98071000", "ebitda": "125677000", "netIncome": "83531000"}, {"fiscalDateEnding": "2022-12-31", "reportedCurrency": "USD", "grossProfit": "420450000", "totalRevenue": "731836000", "costOfRevenue": "311386000", "costofGoodsAndServicesSold": "311386000", "operatingIncome": "166587000", "sellingGeneralAndAdministrative": "142753000", "researchAndDevelopment": "108810000", "operatingExpenses": "253863000", "investmentIncomeNet": "None", "netInterestIncome": "28651000", "interestIncome": "28651000", "interestExpense": "1015000", "nonInterestIncome": "None", "otherNonOperatingIncome": "29665000", "depreciation": "None", "depreciationAndAmortization": "27761000", "incomeBeforeTax": "195237000", "incomeTaxExpense": "22936000", "interestAndDebtExpense": "None", "netIncomeFromContinuingOperations": "172301000", "comprehensiveIncomeNetOfTax": "None", "ebit": "196252000", "ebitda": "224013000", "netIncome": "172301000"}, {"fiscalDateEnding": "2022-09-30", "reportedCurrency": "USD", "grossProfit": "485379000", "totalRevenue": "827073000", "costOfRevenue": "341694000", "costofGoodsAndServicesSold": "341694000", "operatingIncome": "231507000", "sellingGeneralAndAdministrative": "135632000", "researchAndDevelopment": "111715000", "operatingExpenses": "253872000", "investmentIncomeNet": "None", "netInterestIncome": "-5310000", "interestIncome": "1318000", "interestExpense": "779000", "nonInterestIncome": "None", "otherNonOperatingIncome": "-4531000", "depreciation": "None", "depreciationAndAmortization": "28359000", "incomeBeforeTax": "226197000", "incomeTaxExpense": "42712000", "interestAndDebtExpense": "None", "netIncomeFromContinuingOperations": "183485000", "comprehensiveIncomeNetOfTax": "None", "ebit": "226976000", "ebitda": "255335000", "netIncome": "183485000"}, {"fiscalDateEnding": "2022-06-30", "reportedCurrency": "USD", "grossProfit": "506389000", "totalRevenue": "840766000", "costOfRevenue": "334377000", "costofGoodsAndServicesSold": "334377000", "operatingIncome": "247990000", "sellingGeneralAndAdministrative": "139533000", "researchAndDevelopment": "111951000", "operatingExpenses": "258399000", "investmentIncomeNet": "None", "netInterestIncome": "-9398000", "interestIncome": "951000", "interestExpense": "913000", "nonInterestIncome": "None", "otherNonOperatingIncome": "-8485000", "depreciation": "None", "depreciationAndAmortization": "26819000", "incomeBeforeTax": "238592000", "incomeTaxExpense": "40805000", "interestAndDebtExpense": "None", "netIncomeFromContinuingOperations": "197787000", "comprehensiveIncomeNetOfTax": "None", "ebit": "239505000", "ebitda": "266324000", "netIncome": "197787000"}, {"fiscalDateEnding": "2022-03-31", "reportedCurrency": "USD", "grossProfit": "454933000", "totalRevenue": "755370000", "costOfRevenue": "300437000", "costofGoodsAndServicesSold": "300437000", "operatingIncome": "185855000", "sellingGeneralAndAdministrative": "140185000", "researchAndDevelopment": "108116000", "operatingExpenses": "269078000", "investmentIncomeNet": "None", "netInterestIncome": "-5496000", "interestIncome": "703000", "interestExpense": "1012000", "nonInterestIncome": "None", "otherNonOperatingIncome": "-4484000", "depreciation": "None", "depreciationAndAmortization": "27736000", "incomeBeforeTax": "180359000", "incomeTaxExpense": "18431000", "interestAndDebtExpense": "None", "netIncomeFromContinuingOperations": "161928000", "comprehensiveIncomeNetOfTax": "None", "ebit": "181371000", "ebitda": "209107000", "netIncome": "161928000"}, {"fiscalDateEnding": "2021-12-31", "reportedCurrency": "USD", "grossProfit": "527048000", "totalRevenue": "885046000", "costOfRevenue": "357998000", "costofGoodsAndServicesSold": "357998000", "operatingIncome": "256435000", "sellingGeneralAndAdministrative": "142747000", "researchAndDevelopment": "109965000", "operatingExpenses": "270613000", "investmentIncomeNet": "None", "netInterestIncome": "-1256000", "interestIncome": "561000", "interestExpense": "2466000", "nonInterestIncome": "None", "otherNonOperatingIncome": "-1805000", "depreciation": "None", "depreciationAndAmortization": "29993000", "incomeBeforeTax": "255181000", "incomeTaxExpense": "31141000", "interestAndDebtExpense": "None", "netIncomeFromContinuingOperations": "230284000", "comprehensiveIncomeNetOfTax": "None", "ebit": "257647000", "ebitda": "287640000", "netIncome": "224040000"}, {"fiscalDateEnding": "2021-09-30", "reportedCurrency": "USD", "grossProfit": "571001000", "totalRevenue": "950501000", "costOfRevenue": "379500000", "costofGoodsAndServicesSold": "379500000", "operatingIncome": "322400000", "sellingGeneralAndAdministrative": "134829000", "researchAndDevelopment": "107220000", "operatingExpenses": "248601000", "investmentIncomeNet": "None", "netInterestIncome": "-24645000", "interestIncome": "626000", "interestExpense": "3785000", "nonInterestIncome": "None", "otherNonOperatingIncome": "-20860000", "depreciation": "None", "depreciationAndAmortization": "30301000", "incomeBeforeTax": "297755000", "incomeTaxExpense": "41037000", "interestAndDebtExpense": "None", "netIncomeFromContinuingOperations": "256718000", "comprehensiveIncomeNetOfTax": "None", "ebit": "301540000", "ebitda": "331841000", "netIncome": "256718000"}, {"fiscalDateEnding": "2021-06-30", "reportedCurrency": "USD", "grossProfit": "646989000", "totalRevenue": "1085728000", "costOfRevenue": "438739000", "costofGoodsAndServicesSold": "438739000", "operatingIncome": "388872000", "sellingGeneralAndAdministrative": "140187000", "researchAndDevelopment": "110021000", "operatingExpenses": "258117000", "investmentIncomeNet": "None", "netInterestIncome": "-4846000", "interestIncome": "633000", "interestExpense": "5566000", "nonInterestIncome": "None", "otherNonOperatingIncome": "720000", "depreciation": "None", "depreciationAndAmortization": "31459000", "incomeBeforeTax": "384026000", "incomeTaxExpense": "55707000", "interestAndDebtExpense": "None", "netIncomeFromContinuingOperations": "328319000", "comprehensiveIncomeNetOfTax": "None", "ebit": "389592000", "ebitda": "421051000", "netIncome": "328319000"}, {"fiscalDateEnding": "2021-03-31", "reportedCurrency": "USD", "grossProfit": "461618000", "totalRevenue": "781606000", "costOfRevenue": "319988000", "costofGoodsAndServicesSold": "319988000", "operatingIncome": "233013000", "sellingGeneralAndAdministrative": "129797000", "researchAndDevelopment": "100402000", "operatingExpenses": "228605000", "investmentIncomeNet": "None", "netInterestIncome": "-9020000", "interestIncome": "808000", "interestExpense": "6004000", "nonInterestIncome": "None", "otherNonOperatingIncome": "None", "depreciation": "None", "depreciationAndAmortization": "33732000", "incomeBeforeTax": "223993000", "incomeTaxExpense": "18481000", "interestAndDebtExpense": "None", "netIncomeFromContinuingOperations": "205512000", "comprehensiveIncomeNetOfTax": "None", "ebit": "229997000", "ebitda": "263729000", "netIncome": "205512000"}, {"fiscalDateEnding": "2020-12-31", "reportedCurrency": "USD", "grossProfit": "449790000", "totalRevenue": "758969000", "costOfRevenue": "309179000", "costofGoodsAndServicesSold": "309179000", "operatingIncome": "234081000", "sellingGeneralAndAdministrative": "348928000", "researchAndDevelopment": "100794000", "operatingExpenses": "215709000", "investmentIncomeNet": "None", "netInterestIncome": "-11155000", "interestIncome": "793000", "interestExpense": "6351000", "nonInterestIncome": "None", "otherNonOperatingIncome": "-4804000", "depreciation": "None", "depreciationAndAmortization": "32055000", "incomeBeforeTax": "222926000", "incomeTaxExpense": "26594000", "interestAndDebtExpense": "None", "netIncomeFromContinuingOperations": "196330000", "comprehensiveIncomeNetOfTax": "None", "ebit": "229277000", "ebitda": "261332000", "netIncome": "196330000"}, {"fiscalDateEnding": "2020-09-30", "reportedCurrency": "USD", "grossProfit": "458928000", "totalRevenue": "819484000", "costOfRevenue": "360556000", "costofGoodsAndServicesSold": "360556000", "operatingIncome": "269661000", "sellingGeneralAndAdministrative": "115840000", "researchAndDevelopment": "94909000", "operatingExpenses": "189267000", "investmentIncomeNet": "None", "netInterestIncome": "-5166000", "interestIncome": "1071000", "interestExpense": "6237000", "nonInterestIncome": "None", "otherNonOperatingIncome": "307000", "depreciation": "None", "depreciationAndAmortization": "30149000", "incomeBeforeTax": "263731000", "incomeTaxExpense": "41013000", "interestAndDebtExpense": "None", "netIncomeFromContinuingOperations": "222718000", "comprehensiveIncomeNetOfTax": "None", "ebit": "269968000", "ebitda": "300117000", "netIncome": "222718000"}, {"fiscalDateEnding": "2020-06-30", "reportedCurrency": "USD", "grossProfit": "471473000", "totalRevenue": "838661000", "costOfRevenue": "367188000", "costofGoodsAndServicesSold": "367188000", "operatingIncome": "217949000", "sellingGeneralAndAdministrative": "113259000", "researchAndDevelopment": "94102000", "operatingExpenses": "253524000", "investmentIncomeNet": "None", "netInterestIncome": "-4675000", "interestIncome": "1368000", "interestExpense": "6043000", "nonInterestIncome": "None", "otherNonOperatingIncome": "5385000", "depreciation": "None", "depreciationAndAmortization": "32659000", "incomeBeforeTax": "217291000", "incomeTaxExpense": "28383000", "interestAndDebtExpense": "None", "netIncomeFromContinuingOperations": "188908000", "comprehensiveIncomeNetOfTax": "None", "ebit": "223334000", "ebitda": "255993000", "netIncome": "188908000"}, {"fiscalDateEnding": "2020-03-31", "reportedCurrency": "USD", "grossProfit": "405550000", "totalRevenue": "704355000", "costOfRevenue": "298805000", "costofGoodsAndServicesSold": "298805000", "operatingIncome": "206718000", "sellingGeneralAndAdministrative": "111388000", "researchAndDevelopment": "85159000", "operatingExpenses": "198832000", "investmentIncomeNet": "None", "netInterestIncome": "-2800000", "interestIncome": "2751000", "interestExpense": "5551000", "nonInterestIncome": "None", "otherNonOperatingIncome": "-4098000", "depreciation": "None", "depreciationAndAmortization": "31880000", "incomeBeforeTax": "197069000", "incomeTaxExpense": "20878000", "interestAndDebtExpense": "None", "netIncomeFromContinuingOperations": "176191000", "comprehensiveIncomeNetOfTax": "None", "ebit": "202620000", "ebitda": "234500000", "netIncome": "176191000"}, {"fiscalDateEnding": "2019-12-31", "reportedCurrency": "USD", "grossProfit": "383238000", "totalRevenue": "654650000", "costOfRevenue": "271412000", "costofGoodsAndServicesSold": "271412000", "operatingIncome": "171654000", "sellingGeneralAndAdministrative": "117094000", "researchAndDevelopment": "86794000", "operatingExpenses": "211584000", "investmentIncomeNet": "None", "netInterestIncome": "194000", "interestIncome": "6144000", "interestExpense": "5950000", "nonInterestIncome": "None", "otherNonOperatingIncome": "-16821000", "depreciation": "None", "depreciationAndAmortization": "32298000", "incomeBeforeTax": "148883000", "incomeTaxExpense": "23810000", "interestAndDebtExpense": "None", "netIncomeFromContinuingOperations": "125073000", "comprehensiveIncomeNetOfTax": "None", "ebit": "154833000", "ebitda": "187131000", "netIncome": "136783000"}, {"fiscalDateEnding": "2019-09-30", "reportedCurrency": "USD", "grossProfit": "345038000", "totalRevenue": "582038000", "costOfRevenue": "237000000", "costofGoodsAndServicesSold": "237000000", "operatingIncome": "154921000", "sellingGeneralAndAdministrative": "317882000", "researchAndDevelopment": "77804000", "operatingExpenses": "190117000", "investmentIncomeNet": "None", "netInterestIncome": "-523000", "interestIncome": "5159000", "interestExpense": "5463000", "nonInterestIncome": "None", "otherNonOperatingIncome": "2494000", "depreciation": "None", "depreciationAndAmortization": "29499000", "incomeBeforeTax": "151733000", "incomeTaxExpense": "15873000", "interestAndDebtExpense": "None", "netIncomeFromContinuingOperations": "135860000", "comprehensiveIncomeNetOfTax": "None", "ebit": "157196000", "ebitda": "186695000", "netIncome": "135860000"}, {"fiscalDateEnding": "2019-06-30", "reportedCurrency": "USD", "grossProfit": "323918000", "totalRevenue": "564178000", "costOfRevenue": "240260000", "costofGoodsAndServicesSold": "240260000", "operatingIncome": "133994000", "sellingGeneralAndAdministrative": "108811000", "researchAndDevelopment": "81434000", "operatingExpenses": "189924000", "investmentIncomeNet": "None", "netInterestIncome": "-370000", "interestIncome": "5430000", "interestExpense": "5800000", "nonInterestIncome": "None", "otherNonOperatingIncome": "2983000", "depreciation": "None", "depreciationAndAmortization": "29265000", "incomeBeforeTax": "131177000", "incomeTaxExpense": "33780000", "interestAndDebtExpense": "None", "netIncomeFromContinuingOperations": "97397000", "comprehensiveIncomeNetOfTax": "None", "ebit": "136977000", "ebitda": "166242000", "netIncome": "97397000"}, {"fiscalDateEnding": "2019-03-31", "reportedCurrency": "USD", "grossProfit": "287635000", "totalRevenue": "494099000", "costOfRevenue": "206464000", "costofGoodsAndServicesSold": "206464000", "operatingIncome": "93085000", "sellingGeneralAndAdministrative": "102013000", "researchAndDevelopment": "76791000", "operatingExpenses": "194550000", "investmentIncomeNet": "None", "netInterestIncome": "2339000", "interestIncome": "8052000", "interestExpense": "5520000", "nonInterestIncome": "None", "otherNonOperatingIncome": "6607000", "depreciation": "None", "depreciationAndAmortization": "29593000", "incomeBeforeTax": "93979000", "incomeTaxExpense": "-15159000", "interestAndDebtExpense": "None", "netIncomeFromContinuingOperations": "109138000", "comprehensiveIncomeNetOfTax": "None", "ebit": "99499000", "ebitda": "129092000", "netIncome": "109138000"}, {"fiscalDateEnding": "2018-12-31", "reportedCurrency": "USD", "grossProfit": "309535000", "totalRevenue": "519558000", "costOfRevenue": "210023000", "costofGoodsAndServicesSold": "210023000", "operatingIncome": "112270000", "sellingGeneralAndAdministrative": "100554000", "researchAndDevelopment": "74706000", "operatingExpenses": "197265000", "investmentIncomeNet": "None", "netInterestIncome": "None", "interestIncome": "None", "interestExpense": "13182000", "nonInterestIncome": "None", "otherNonOperatingIncome": "12038000", "depreciation": "None", "depreciationAndAmortization": "30385000", "incomeBeforeTax": "111126000", "incomeTaxExpense": "-32662000", "interestAndDebtExpense": "None", "netIncomeFromContinuingOperations": "143787000", "comprehensiveIncomeNetOfTax": "None", "ebit": "124308000", "ebitda": "154693000", "netIncome": "143791000"}, {"fiscalDateEnding": "2018-09-30", "reportedCurrency": "USD", "grossProfit": "333693000", "totalRevenue": "566848000", "costOfRevenue": "233155000", "costofGoodsAndServicesSold": "233155000", "operatingIncome": "143593000", "sellingGeneralAndAdministrative": "100199000", "researchAndDevelopment": "77049000", "operatingExpenses": "190100000", "investmentIncomeNet": "None", "netInterestIncome": "None", "interestIncome": "None", "interestExpense": "5557000", "nonInterestIncome": "None", "otherNonOperatingIncome": "2808000", "depreciation": "None", "depreciationAndAmortization": "29506000", "incomeBeforeTax": "140844000", "incomeTaxExpense": "20863000", "interestAndDebtExpense": "None", "netIncomeFromContinuingOperations": "119981000", "comprehensiveIncomeNetOfTax": "None", "ebit": "146401000", "ebitda": "175907000", "netIncome": "119981000"}, {"fiscalDateEnding": "2018-06-30", "reportedCurrency": "USD", "grossProfit": "307334000", "totalRevenue": "526929000", "costOfRevenue": "219595000", "costofGoodsAndServicesSold": "219595000", "operatingIncome": "120400000", "sellingGeneralAndAdministrative": "11000", "researchAndDevelopment": "75342000", "operatingExpenses": "186934000", "investmentIncomeNet": "None", "netInterestIncome": "None", "interestIncome": "None", "interestExpense": "5639000", "nonInterestIncome": "None", "otherNonOperatingIncome": "5251000", "depreciation": "None", "depreciationAndAmortization": "27793000", "incomeBeforeTax": "120012000", "incomeTaxExpense": "18975000", "interestAndDebtExpense": "None", "netIncomeFromContinuingOperations": "101037000", "comprehensiveIncomeNetOfTax": "None", "ebit": "125651000", "ebitda": "153444000", "netIncome": "101037000"}, {"fiscalDateEnding": "2018-03-31", "reportedCurrency": "USD", "grossProfit": "269832000", "totalRevenue": "487467000", "costOfRevenue": "217635000", "costofGoodsAndServicesSold": "217635000", "operatingIncome": "97534000", "sellingGeneralAndAdministrative": "5000", "researchAndDevelopment": "74408000", "operatingExpenses": "172298000", "investmentIncomeNet": "None", "netInterestIncome": "None", "interestIncome": "None", "interestExpense": "6890000", "nonInterestIncome": "None", "otherNonOperatingIncome": "5176000", "depreciation": "None", "depreciationAndAmortization": "25540000", "incomeBeforeTax": "95820000", "incomeTaxExpense": "8846000", "interestAndDebtExpense": "None", "netIncomeFromContinuingOperations": "86974000", "comprehensiveIncomeNetOfTax": "None", "ebit": "102710000", "ebitda": "128250000", "netIncome": "86974000"}, {"fiscalDateEnding": "2017-12-31", "reportedCurrency": "USD", "grossProfit": "272934000", "totalRevenue": "479415000", "costOfRevenue": "206481000", "costofGoodsAndServicesSold": "206481000", "operatingIncome": "98010000", "sellingGeneralAndAdministrative": "88005000", "researchAndDevelopment": "70564000", "operatingExpenses": "174924000", "investmentIncomeNet": "None", "netInterestIncome": "None", "interestIncome": "None", "interestExpense": "5380000", "nonInterestIncome": "None", "otherNonOperatingIncome": "5453000", "depreciation": "None", "depreciationAndAmortization": "26519000", "incomeBeforeTax": "98083000", "incomeTaxExpense": "204007000", "interestAndDebtExpense": "None", "netIncomeFromContinuingOperations": "-105925000", "comprehensiveIncomeNetOfTax": "None", "ebit": "103463000", "ebitda": "129982000", "netIncome": "-105923000"}, {"fiscalDateEnding": "2017-09-30", "reportedCurrency": "USD", "grossProfit": "294869000", "totalRevenue": "503378000", "costOfRevenue": "208509000", "costofGoodsAndServicesSold": "208509000", "operatingIncome": "129132000", "sellingGeneralAndAdministrative": "145000", "researchAndDevelopment": "76986000", "operatingExpenses": "165737000", "investmentIncomeNet": "None", "netInterestIncome": "None", "interestIncome": "None", "interestExpense": "5372000", "nonInterestIncome": "None", "otherNonOperatingIncome": "4078000", "depreciation": "None", "depreciationAndAmortization": "26670000", "incomeBeforeTax": "127437000", "incomeTaxExpense": "24017000", "interestAndDebtExpense": "None", "netIncomeFromContinuingOperations": "103420000", "comprehensiveIncomeNetOfTax": "None", "ebit": "132809000", "ebitda": "159479000", "netIncome": "103420000"}, {"fiscalDateEnding": "2017-06-30", "reportedCurrency": "USD", "grossProfit": "390638000", "totalRevenue": "696901000", "costOfRevenue": "306263000", "costofGoodsAndServicesSold": "306263000", "operatingIncome": "207803000", "sellingGeneralAndAdministrative": "969000", "researchAndDevelopment": "82270000", "operatingExpenses": "182835000", "investmentIncomeNet": "None", "netInterestIncome": "None", "interestIncome": "None", "interestExpense": "5509000", "nonInterestIncome": "None", "otherNonOperatingIncome": "2480000", "depreciation": "None", "depreciationAndAmortization": "27673000", "incomeBeforeTax": "206877000", "incomeTaxExpense": "31901000", "interestAndDebtExpense": "None", "netIncomeFromContinuingOperations": "174976000", "comprehensiveIncomeNetOfTax": "None", "ebit": "212386000", "ebitda": "240059000", "netIncome": "174976000"}, {"fiscalDateEnding": "2017-03-31", "reportedCurrency": "USD", "grossProfit": "265016000", "totalRevenue": "456913000", "costOfRevenue": "191897000", "costofGoodsAndServicesSold": "191897000", "operatingIncome": "93783000", "sellingGeneralAndAdministrative": "106000", "researchAndDevelopment": "75978000", "operatingExpenses": "171233000", "investmentIncomeNet": "None", "netInterestIncome": "None", "interestIncome": "None", "interestExpense": "5402000", "nonInterestIncome": "None", "otherNonOperatingIncome": "4036000", "depreciation": "None", "depreciationAndAmortization": "27213000", "incomeBeforeTax": "92016000", "incomeTaxExpense": "6795000", "interestAndDebtExpense": "None", "netIncomeFromContinuingOperations": "85221000", "comprehensiveIncomeNetOfTax": "None", "ebit": "97418000", "ebitda": "124631000", "netIncome": "85221000"}, {"fiscalDateEnding": "2016-12-31", "reportedCurrency": "USD", "grossProfit": "219006000", "totalRevenue": "379989000", "costOfRevenue": "160983000", "costofGoodsAndServicesSold": "160983000", "operatingIncome": "59172000", "sellingGeneralAndAdministrative": "76289000", "researchAndDevelopment": "70052000", "operatingExpenses": "159834000", "investmentIncomeNet": "None", "netInterestIncome": "None", "interestIncome": "None", "interestExpense": "1603000", "nonInterestIncome": "None", "otherNonOperatingIncome": "1315000", "depreciation": "None", "depreciationAndAmortization": "25297000", "incomeBeforeTax": "58885000", "incomeTaxExpense": "-7461000", "interestAndDebtExpense": "None", "netIncomeFromContinuingOperations": "66345000", "comprehensiveIncomeNetOfTax": "None", "ebit": "60488000", "ebitda": "85785000", "netIncome": "66345000"}, {"fiscalDateEnding": "2016-09-30", "reportedCurrency": "USD", "grossProfit": "227359000", "totalRevenue": "410475000", "costOfRevenue": "183116000", "costofGoodsAndServicesSold": "183116000", "operatingIncome": "56501000", "sellingGeneralAndAdministrative": "6000", "researchAndDevelopment": "71400000", "operatingExpenses": "170858000", "investmentIncomeNet": "None", "netInterestIncome": "None", "interestIncome": "None", "interestExpense": "633000", "nonInterestIncome": "None", "otherNonOperatingIncome": "3813000", "depreciation": "None", "depreciationAndAmortization": "25364000", "incomeBeforeTax": "59681000", "incomeTaxExpense": "-4113000", "interestAndDebtExpense": "None", "netIncomeFromContinuingOperations": "63794000", "comprehensiveIncomeNetOfTax": "None", "ebit": "60314000", "ebitda": "85678000", "netIncome": "63794000"}, {"fiscalDateEnding": "2016-06-30", "reportedCurrency": "USD", "grossProfit": "282870000", "totalRevenue": "531792000", "costOfRevenue": "248922000", "costofGoodsAndServicesSold": "248922000", "operatingIncome": "-231801000", "sellingGeneralAndAdministrative": "25000", "researchAndDevelopment": "76109000", "operatingExpenses": "514671000", "investmentIncomeNet": "None", "netInterestIncome": "None", "interestIncome": "None", "interestExpense": "691000", "nonInterestIncome": "None", "otherNonOperatingIncome": "1675000", "depreciation": "None", "depreciationAndAmortization": "32686000", "incomeBeforeTax": "-230817000", "incomeTaxExpense": "-7271000", "interestAndDebtExpense": "None", "netIncomeFromContinuingOperations": "-223546000", "comprehensiveIncomeNetOfTax": "None", "ebit": "-230126000", "ebitda": "-197440000", "netIncome": "-223546000"}, {"fiscalDateEnding": "2016-03-31", "reportedCurrency": "USD", "grossProfit": "230332000", "totalRevenue": "430994000", "costOfRevenue": "200662000", "costofGoodsAndServicesSold": "200662000", "operatingIncome": "56113000", "sellingGeneralAndAdministrative": "26000", "researchAndDevelopment": "73464000", "operatingExpenses": "174219000", "investmentIncomeNet": "None", "netInterestIncome": "None", "interestIncome": "None", "interestExpense": "710000", "nonInterestIncome": "None", "otherNonOperatingIncome": "1789000", "depreciation": "None", "depreciationAndAmortization": "36662000", "incomeBeforeTax": "57192000", "incomeTaxExpense": "7206000", "interestAndDebtExpense": "None", "netIncomeFromContinuingOperations": "49986000", "comprehensiveIncomeNetOfTax": "None", "ebit": "57902000", "ebitda": "94564000", "netIncome": "49986000"}, {"fiscalDateEnding": "2015-12-31", "reportedCurrency": "USD", "grossProfit": "166027000", "totalRevenue": "318445000", "costOfRevenue": "152418000", "costofGoodsAndServicesSold": "152418000", "operatingIncome": "-9748000", "sellingGeneralAndAdministrative": "79718000", "researchAndDevelopment": "70941000", "operatingExpenses": "175775000", "investmentIncomeNet": "None", "netInterestIncome": "None", "interestIncome": "None", "interestExpense": "762000", "nonInterestIncome": "None", "otherNonOperatingIncome": "1653000", "depreciation": "None", "depreciationAndAmortization": "36083000", "incomeBeforeTax": "-8857000", "incomeTaxExpense": "-8216000", "interestAndDebtExpense": "None", "netIncomeFromContinuingOperations": "-642000", "comprehensiveIncomeNetOfTax": "None", "ebit": "-8095000", "ebitda": "27988000", "netIncome": "-641000"}, {"fiscalDateEnding": "2015-09-30", "reportedCurrency": "USD", "grossProfit": "258626000", "totalRevenue": "465994000", "costOfRevenue": "207368000", "costofGoodsAndServicesSold": "207368000", "operatingIncome": "86804000", "sellingGeneralAndAdministrative": "19000", "researchAndDevelopment": "74027000", "operatingExpenses": "171822000", "investmentIncomeNet": "None", "netInterestIncome": "None", "interestIncome": "None", "interestExpense": "508000", "nonInterestIncome": "None", "otherNonOperatingIncome": "1112000", "depreciation": "None", "depreciationAndAmortization": "37065000", "incomeBeforeTax": "87408000", "incomeTaxExpense": "15955000", "interestAndDebtExpense": "None", "netIncomeFromContinuingOperations": "71453000", "comprehensiveIncomeNetOfTax": "None", "ebit": "87916000", "ebitda": "124981000", "netIncome": "71453000"}, {"fiscalDateEnding": "2015-06-30", "reportedCurrency": "USD", "grossProfit": "298568000", "totalRevenue": "512739000", "costOfRevenue": "214171000", "costofGoodsAndServicesSold": "214171000", "operatingIncome": "130790000", "sellingGeneralAndAdministrative": "27000", "researchAndDevelopment": "75832000", "operatingExpenses": "167778000", "investmentIncomeNet": "None", "netInterestIncome": "None", "interestIncome": "None", "interestExpense": "444000", "nonInterestIncome": "None", "otherNonOperatingIncome": "1790000", "depreciation": "None", "depreciationAndAmortization": "33141000", "incomeBeforeTax": "132136000", "incomeTaxExpense": "29257000", "interestAndDebtExpense": "None", "netIncomeFromContinuingOperations": "102879000", "comprehensiveIncomeNetOfTax": "None", "ebit": "132580000", "ebitda": "165721000", "netIncome": "102879000"}, {"fiscalDateEnding": "2015-03-31", "reportedCurrency": "USD", "grossProfit": "192423000", "totalRevenue": "342401000", "costOfRevenue": "149978000", "costofGoodsAndServicesSold": "149978000", "operatingIncome": "35124000", "sellingGeneralAndAdministrative": "41000", "researchAndDevelopment": "71450000", "operatingExpenses": "157299000", "investmentIncomeNet": "None", "netInterestIncome": "None", "interestIncome": "None", "interestExpense": "162000", "nonInterestIncome": "None", "otherNonOperatingIncome": "7476000", "depreciation": "None", "depreciationAndAmortization": "34484000", "incomeBeforeTax": "42438000", "incomeTaxExpense": "9651000", "interestAndDebtExpense": "None", "netIncomeFromContinuingOperations": "32787000", "comprehensiveIncomeNetOfTax": "None", "ebit": "42600000", "ebitda": "77084000", "netIncome": "32787000"}, {"fiscalDateEnding": "2014-12-31", "reportedCurrency": "USD", "grossProfit": "160227000", "totalRevenue": "323237000", "costOfRevenue": "163010000", "costofGoodsAndServicesSold": "163010000", "operatingIncome": "-126170000", "sellingGeneralAndAdministrative": "91157000", "researchAndDevelopment": "79187000", "operatingExpenses": "286397000", "investmentIncomeNet": "None", "netInterestIncome": "None", "interestIncome": "None", "interestExpense": "306000", "nonInterestIncome": "None", "otherNonOperatingIncome": "1663000", "depreciation": "None", "depreciationAndAmortization": "37590000", "incomeBeforeTax": "-124813000", "incomeTaxExpense": "-21002000", "interestAndDebtExpense": "None", "netIncomeFromContinuingOperations": "-103811000", "comprehensiveIncomeNetOfTax": "None", "ebit": "-124507000", "ebitda": "-86917000", "netIncome": "-103811000"}, {"fiscalDateEnding": "2014-09-30", "reportedCurrency": "USD", "grossProfit": "261121000", "totalRevenue": "478010000", "costOfRevenue": "216889000", "costofGoodsAndServicesSold": "216889000", "operatingIncome": "98238000", "sellingGeneralAndAdministrative": "36000", "researchAndDevelopment": "71953000", "operatingExpenses": "162883000", "investmentIncomeNet": "None", "netInterestIncome": "None", "interestIncome": "None", "interestExpense": "144000", "nonInterestIncome": "None", "otherNonOperatingIncome": "1922000", "depreciation": "None", "depreciationAndAmortization": "38179000", "incomeBeforeTax": "100670000", "incomeTaxExpense": "17721000", "interestAndDebtExpense": "None", "netIncomeFromContinuingOperations": "82949000", "comprehensiveIncomeNetOfTax": "None", "ebit": "100814000", "ebitda": "138993000", "netIncome": "82949000"}, {"fiscalDateEnding": "2014-06-30", "reportedCurrency": "USD", "grossProfit": "290413000", "totalRevenue": "525567000", "costOfRevenue": "235154000", "costofGoodsAndServicesSold": "235154000", "operatingIncome": "120667000", "sellingGeneralAndAdministrative": "11000", "researchAndDevelopment": "73414000", "operatingExpenses": "169746000", "investmentIncomeNet": "None", "netInterestIncome": "None", "interestIncome": "None", "interestExpense": "159000", "nonInterestIncome": "None", "otherNonOperatingIncome": "1266000", "depreciation": "None", "depreciationAndAmortization": "37591000", "incomeBeforeTax": "121392000", "incomeTaxExpense": "20187000", "interestAndDebtExpense": "None", "netIncomeFromContinuingOperations": "101205000", "comprehensiveIncomeNetOfTax": "None", "ebit": "121551000", "ebitda": "159142000", "netIncome": "101205000"}, {"fiscalDateEnding": "2014-03-31", "reportedCurrency": "USD", "grossProfit": "167047000", "totalRevenue": "321010000", "costOfRevenue": "153963000", "costofGoodsAndServicesSold": "153963000", "operatingIncome": "3688000", "sellingGeneralAndAdministrative": "3000", "researchAndDevelopment": "67085000", "operatingExpenses": "163359000", "investmentIncomeNet": "None", "netInterestIncome": "None", "interestIncome": "None", "interestExpense": "6417000", "nonInterestIncome": "None", "otherNonOperatingIncome": "1036000", "depreciation": "None", "depreciationAndAmortization": "39184000", "incomeBeforeTax": "-1873000", "incomeTaxExpense": "-2802000", "interestAndDebtExpense": "None", "netIncomeFromContinuingOperations": "929000", "comprehensiveIncomeNetOfTax": "None", "ebit": "4544000", "ebitda": "43728000", "netIncome": "929000"}, {"fiscalDateEnding": "2013-12-31", "reportedCurrency": "USD", "grossProfit": "159857000", "totalRevenue": "285301000", "costOfRevenue": "125444000", "costofGoodsAndServicesSold": "125444000", "operatingIncome": "6837000", "sellingGeneralAndAdministrative": "69523000", "researchAndDevelopment": "64613000", "operatingExpenses": "153020000", "investmentIncomeNet": "None", "netInterestIncome": "None", "interestIncome": "None", "interestExpense": "28602000", "nonInterestIncome": "None", "otherNonOperatingIncome": "1206000", "depreciation": "None", "depreciationAndAmortization": "39319000", "incomeBeforeTax": "35439000", "incomeTaxExpense": "13096000", "interestAndDebtExpense": "None", "netIncomeFromContinuingOperations": "22343000", "comprehensiveIncomeNetOfTax": "None", "ebit": "5994000", "ebitda": "45313000", "netIncome": "22343000"}, {"fiscalDateEnding": "2013-09-30", "reportedCurrency": "USD", "grossProfit": "254294000", "totalRevenue": "433376000", "costOfRevenue": "179082000", "costofGoodsAndServicesSold": "179082000", "operatingIncome": "93506000", "sellingGeneralAndAdministrative": "17000", "researchAndDevelopment": "68918000", "operatingExpenses": "160788000", "investmentIncomeNet": "None", "netInterestIncome": "None", "interestIncome": "None", "interestExpense": "6902000", "nonInterestIncome": "None", "otherNonOperatingIncome": "948000", "depreciation": "None", "depreciationAndAmortization": "37764000", "incomeBeforeTax": "87552000", "incomeTaxExpense": "18093000", "interestAndDebtExpense": "None", "netIncomeFromContinuingOperations": "69459000", "comprehensiveIncomeNetOfTax": "None", "ebit": "94454000", "ebitda": "132218000", "netIncome": "69459000"}, {"fiscalDateEnding": "2013-06-30", "reportedCurrency": "USD", "grossProfit": "241233000", "totalRevenue": "428889000", "costOfRevenue": "187656000", "costofGoodsAndServicesSold": "187656000", "operatingIncome": "85908000", "sellingGeneralAndAdministrative": "69230000", "researchAndDevelopment": "67773000", "operatingExpenses": "155325000", "investmentIncomeNet": "None", "netInterestIncome": "None", "interestIncome": "None", "interestExpense": "6454000", "nonInterestIncome": "None", "otherNonOperatingIncome": "903000", "depreciation": "None", "depreciationAndAmortization": "36487000", "incomeBeforeTax": "80357000", "incomeTaxExpense": "13801000", "interestAndDebtExpense": "None", "netIncomeFromContinuingOperations": "66556000", "comprehensiveIncomeNetOfTax": "None", "ebit": "86811000", "ebitda": "123298000", "netIncome": "66556000"}, {"fiscalDateEnding": "2013-03-31", "reportedCurrency": "USD", "grossProfit": "153417000", "totalRevenue": "280367000", "costOfRevenue": "126950000", "costofGoodsAndServicesSold": "126950000", "operatingIncome": "4408000", "sellingGeneralAndAdministrative": "67890000", "researchAndDevelopment": "62751000", "operatingExpenses": "149009000", "investmentIncomeNet": "None", "netInterestIncome": "None", "interestIncome": "None", "interestExpense": "6906000", "nonInterestIncome": "None", "otherNonOperatingIncome": "1072000", "depreciation": "None", "depreciationAndAmortization": "37117000", "incomeBeforeTax": "-1426000", "incomeTaxExpense": "-8015000", "interestAndDebtExpense": "None", "netIncomeFromContinuingOperations": "6589000", "comprehensiveIncomeNetOfTax": "None", "ebit": "5480000", "ebitda": "42597000", "netIncome": "6589000"}, {"fiscalDateEnding": "2012-12-31", "reportedCurrency": "USD", "grossProfit": "125405000", "totalRevenue": "248404000", "costOfRevenue": "122999000", "costofGoodsAndServicesSold": "122999000", "operatingIncome": "-24595000", "sellingGeneralAndAdministrative": "70436000", "researchAndDevelopment": "61660000", "operatingExpenses": "150000000", "investmentIncomeNet": "None", "netInterestIncome": "None", "interestIncome": "None", "interestExpense": "6946000", "nonInterestIncome": "None", "otherNonOperatingIncome": "1256000", "depreciation": "None", "depreciationAndAmortization": "37197000", "incomeBeforeTax": "-30285000", "incomeTaxExpense": "-13742000", "interestAndDebtExpense": "None", "netIncomeFromContinuingOperations": "-16543000", "comprehensiveIncomeNetOfTax": "None", "ebit": "-23339000", "ebitda": "13858000", "netIncome": "-16543000"}, {"fiscalDateEnding": "2012-09-30", "reportedCurrency": "USD", "grossProfit": "260200000", "totalRevenue": "463394000", "costOfRevenue": "203194000", "costofGoodsAndServicesSold": "203194000", "operatingIncome": "108112000", "sellingGeneralAndAdministrative": "69921000", "researchAndDevelopment": "63946000", "operatingExpenses": "152088000", "investmentIncomeNet": "None", "netInterestIncome": "None", "interestIncome": "None", "interestExpense": "6154000", "nonInterestIncome": "None", "otherNonOperatingIncome": "1067000", "depreciation": "None", "depreciationAndAmortization": "37856000", "incomeBeforeTax": "103025000", "incomeTaxExpense": "14384000", "interestAndDebtExpense": "None", "netIncomeFromContinuingOperations": "88641000", "comprehensiveIncomeNetOfTax": "None", "ebit": "109179000", "ebitda": "147035000", "netIncome": "88641000"}, {"fiscalDateEnding": "2012-06-30", "reportedCurrency": "USD", "grossProfit": "309506000", "totalRevenue": "548284000", "costOfRevenue": "238778000", "costofGoodsAndServicesSold": "238778000", "operatingIncome": "157441000", "sellingGeneralAndAdministrative": "1266000", "researchAndDevelopment": "67834000", "operatingExpenses": "152065000", "investmentIncomeNet": "None", "netInterestIncome": "None", "interestIncome": "None", "interestExpense": "6323000", "nonInterestIncome": "None", "otherNonOperatingIncome": "874000", "depreciation": "None", "depreciationAndAmortization": "35219000", "incomeBeforeTax": "151992000", "incomeTaxExpense": "40605000", "interestAndDebtExpense": "None", "netIncomeFromContinuingOperations": "111387000", "comprehensiveIncomeNetOfTax": "None", "ebit": "158315000", "ebitda": "193534000", "netIncome": "111387000"}, {"fiscalDateEnding": "2012-03-31", "reportedCurrency": "USD", "grossProfit": "190926000", "totalRevenue": "396668000", "costOfRevenue": "205742000", "costofGoodsAndServicesSold": "205742000", "operatingIncome": "46410000", "sellingGeneralAndAdministrative": "1177000", "researchAndDevelopment": "61279000", "operatingExpenses": "144516000", "investmentIncomeNet": "None", "netInterestIncome": "None", "interestIncome": "None", "interestExpense": "6059000", "nonInterestIncome": "None", "otherNonOperatingIncome": "893000", "depreciation": "None", "depreciationAndAmortization": "34103000", "incomeBeforeTax": "41244000", "incomeTaxExpense": "7680000", "interestAndDebtExpense": "None", "netIncomeFromContinuingOperations": "33564000", "comprehensiveIncomeNetOfTax": "None", "ebit": "47303000", "ebitda": "81406000", "netIncome": "33564000"}, {"fiscalDateEnding": "2011-12-31", "reportedCurrency": "USD", "grossProfit": "136353000", "totalRevenue": "296992000", "costOfRevenue": "160639000", "costofGoodsAndServicesSold": "160639000", "operatingIncome": "-3950000", "sellingGeneralAndAdministrative": "62697000", "researchAndDevelopment": "53431000", "operatingExpenses": "140303000", "investmentIncomeNet": "None", "netInterestIncome": "None", "interestIncome": "None", "interestExpense": "6134000", "nonInterestIncome": "None", "otherNonOperatingIncome": "878000", "depreciation": "None", "depreciationAndAmortization": "37351000", "incomeBeforeTax": "-9206000", "incomeTaxExpense": "-144340000", "interestAndDebtExpense": "None", "netIncomeFromContinuingOperations": "135134000", "comprehensiveIncomeNetOfTax": "None", "ebit": "-3072000", "ebitda": "34279000", "netIncome": "135134000"}, {"fiscalDateEnding": "2011-09-30", "reportedCurrency": "USD", "grossProfit": "170374000", "totalRevenue": "344389000", "costOfRevenue": "174015000", "costofGoodsAndServicesSold": "174015000", "operatingIncome": "61484000", "sellingGeneralAndAdministrative": "504000", "researchAndDevelopment": "45896000", "operatingExpenses": "108890000", "investmentIncomeNet": "None", "netInterestIncome": "None", "interestIncome": "None", "interestExpense": "6068000", "nonInterestIncome": "None", "otherNonOperatingIncome": "3049000", "depreciation": "None", "depreciationAndAmortization": "22803000", "incomeBeforeTax": "58465000", "incomeTaxExpense": "1759000", "interestAndDebtExpense": "None", "netIncomeFromContinuingOperations": "54745000", "comprehensiveIncomeNetOfTax": "None", "ebit": "64533000", "ebitda": "87336000", "netIncome": "56706000"}, {"fiscalDateEnding": "2011-06-30", "reportedCurrency": "USD", "grossProfit": "214678000", "totalRevenue": "410519000", "costOfRevenue": "195841000", "costofGoodsAndServicesSold": "195841000", "operatingIncome": "99836000", "sellingGeneralAndAdministrative": "519000", "researchAndDevelopment": "48392000", "operatingExpenses": "114842000", "investmentIncomeNet": "None", "netInterestIncome": "None", "interestIncome": "None", "interestExpense": "5316000", "nonInterestIncome": "None", "otherNonOperatingIncome": "1403000", "depreciation": "None", "depreciationAndAmortization": "23049000", "incomeBeforeTax": "95923000", "incomeTaxExpense": "7839000", "interestAndDebtExpense": "None", "netIncomeFromContinuingOperations": "89890000", "comprehensiveIncomeNetOfTax": "None", "ebit": "101239000", "ebitda": "124288000", "netIncome": "87252000"}, {"fiscalDateEnding": "2011-03-31", "reportedCurrency": "USD", "grossProfit": "192892000", "totalRevenue": "377161000", "costOfRevenue": "184269000", "costofGoodsAndServicesSold": "184269000", "operatingIncome": "80313000", "sellingGeneralAndAdministrative": "629000", "researchAndDevelopment": "47144000", "operatingExpenses": "112579000", "investmentIncomeNet": "None", "netInterestIncome": "None", "interestIncome": "None", "interestExpense": "6176000", "nonInterestIncome": "None", "otherNonOperatingIncome": "1287000", "depreciation": "None", "depreciationAndAmortization": "23412000", "incomeBeforeTax": "75424000", "incomeTaxExpense": "5486000", "interestAndDebtExpense": "None", "netIncomeFromContinuingOperations": "68124000", "comprehensiveIncomeNetOfTax": "None", "ebit": "81600000", "ebitda": "105012000", "netIncome": "96844000"}, {"fiscalDateEnding": "2010-12-31", "reportedCurrency": "USD", "grossProfit": "169127000", "totalRevenue": "322165000", "costOfRevenue": "153038000", "costofGoodsAndServicesSold": "153038000", "operatingIncome": "58801000", "sellingGeneralAndAdministrative": "54778000", "researchAndDevelopment": "47455000", "operatingExpenses": "110326000", "investmentIncomeNet": "None", "netInterestIncome": "None", "interestIncome": "None", "interestExpense": "7041000", "nonInterestIncome": "None", "otherNonOperatingIncome": "None", "depreciation": "None", "depreciationAndAmortization": "25092000", "incomeBeforeTax": "53874000", "incomeTaxExpense": "-6267000", "interestAndDebtExpense": "None", "netIncomeFromContinuingOperations": "0", "comprehensiveIncomeNetOfTax": "None", "ebit": "60915000", "ebitda": "86007000", "netIncome": "60141000"}, {"fiscalDateEnding": "2010-09-30", "reportedCurrency": "USD", "grossProfit": "271799000", "totalRevenue": "491391000", "costOfRevenue": "219592000", "costofGoodsAndServicesSold": "219592000", "operatingIncome": "156877000", "sellingGeneralAndAdministrative": "509000", "researchAndDevelopment": "49048000", "operatingExpenses": "114922000", "investmentIncomeNet": "None", "netInterestIncome": "None", "interestIncome": "None", "interestExpense": "6033000", "nonInterestIncome": "None", "otherNonOperatingIncome": "1466000", "depreciation": "None", "depreciationAndAmortization": "24571000", "incomeBeforeTax": "152310000", "incomeTaxExpense": "6606000", "interestAndDebtExpense": "None", "netIncomeFromContinuingOperations": "147340000", "comprehensiveIncomeNetOfTax": "None", "ebit": "158343000", "ebitda": "182914000", "netIncome": "147340000"}, {"fiscalDateEnding": "2010-06-30", "reportedCurrency": "USD", "grossProfit": "250902000", "totalRevenue": "445271000", "costOfRevenue": "194369000", "costofGoodsAndServicesSold": "194369000", "operatingIncome": "136147000", "sellingGeneralAndAdministrative": "643000", "researchAndDevelopment": "49341000", "operatingExpenses": "114755000", "investmentIncomeNet": "None", "netInterestIncome": "None", "interestIncome": "None", "interestExpense": "7755000", "nonInterestIncome": "None", "otherNonOperatingIncome": "3681000", "depreciation": "None", "depreciationAndAmortization": "24378000", "incomeBeforeTax": "132073000", "incomeTaxExpense": "9543000", "interestAndDebtExpense": "None", "netIncomeFromContinuingOperations": "122149000", "comprehensiveIncomeNetOfTax": "None", "ebit": "139828000", "ebitda": "164206000", "netIncome": "122149000"}, {"fiscalDateEnding": "2010-03-31", "reportedCurrency": "USD", "grossProfit": "169877000", "totalRevenue": "319338000", "costOfRevenue": "149461000", "costofGoodsAndServicesSold": "149461000", "operatingIncome": "58994000", "sellingGeneralAndAdministrative": "1171000", "researchAndDevelopment": "47937000", "operatingExpenses": "110883000", "investmentIncomeNet": "None", "netInterestIncome": "None", "interestIncome": "None", "interestExpense": "5567000", "nonInterestIncome": "None", "otherNonOperatingIncome": "None", "depreciation": "None", "depreciationAndAmortization": "25130000", "incomeBeforeTax": "53929000", "incomeTaxExpense": "4830000", "interestAndDebtExpense": "None", "netIncomeFromContinuingOperations": "0", "comprehensiveIncomeNetOfTax": "None", "ebit": "59496000", "ebitda": "84626000", "netIncome": "50100000"}, {"fiscalDateEnding": "2009-12-31", "reportedCurrency": "USD", "grossProfit": "124389000", "totalRevenue": "267057000", "costOfRevenue": "142668000", "costofGoodsAndServicesSold": "142668000", "operatingIncome": "24285000", "sellingGeneralAndAdministrative": "51486000", "researchAndDevelopment": "40920000", "operatingExpenses": "100104000", "investmentIncomeNet": "None", "netInterestIncome": "None", "interestIncome": "None", "interestExpense": "5158000", "nonInterestIncome": "None", "otherNonOperatingIncome": "None", "depreciation": "None", "depreciationAndAmortization": "27115000", "incomeBeforeTax": "19624000", "incomeTaxExpense": "2700000", "interestAndDebtExpense": "None", "netIncomeFromContinuingOperations": "0", "comprehensiveIncomeNetOfTax": "None", "ebit": "24782000", "ebitda": "51897000", "netIncome": "16924000"}, {"fiscalDateEnding": "2009-09-30", "reportedCurrency": "USD", "grossProfit": "106755000", "totalRevenue": "262162000", "costOfRevenue": "155407000", "costofGoodsAndServicesSold": "155407000", "operatingIncome": "8772000", "sellingGeneralAndAdministrative": "14000", "researchAndDevelopment": "38266000", "operatingExpenses": "97983000", "investmentIncomeNet": "None", "netInterestIncome": "None", "interestIncome": "None", "interestExpense": "4600000", "nonInterestIncome": "None", "otherNonOperatingIncome": "None", "depreciation": "None", "depreciationAndAmortization": "27372000", "incomeBeforeTax": "5175000", "incomeTaxExpense": "-1500000", "interestAndDebtExpense": "None", "netIncomeFromContinuingOperations": "0", "comprehensiveIncomeNetOfTax": "None", "ebit": "9775000", "ebitda": "37147000", "netIncome": "6675000"}, {"fiscalDateEnding": "2009-06-30", "reportedCurrency": "USD", "grossProfit": "47129000", "totalRevenue": "169580000", "costOfRevenue": "122451000", "costofGoodsAndServicesSold": "122451000", "operatingIncome": "-62063000", "sellingGeneralAndAdministrative": "43000", "researchAndDevelopment": "38451000", "operatingExpenses": "109192000", "investmentIncomeNet": "None", "netInterestIncome": "None", "interestIncome": "None", "interestExpense": "8046000", "nonInterestIncome": "None", "otherNonOperatingIncome": "None", "depreciation": "None", "depreciationAndAmortization": "26101000", "incomeBeforeTax": "-68968000", "incomeTaxExpense": "-2200000", "interestAndDebtExpense": "None", "netIncomeFromContinuingOperations": "0", "comprehensiveIncomeNetOfTax": "None", "ebit": "-60922000", "ebitda": "-34821000", "netIncome": "-66768000"}, {"fiscalDateEnding": "2009-03-31", "reportedCurrency": "USD", "grossProfit": "33360000", "totalRevenue": "120608000", "costOfRevenue": "87248000", "costofGoodsAndServicesSold": "87248000", "operatingIncome": "-93415000", "sellingGeneralAndAdministrative": "27000", "researchAndDevelopment": "47198000", "operatingExpenses": "126775000", "investmentIncomeNet": "None", "netInterestIncome": "None", "interestIncome": "None", "interestExpense": "5830000", "nonInterestIncome": "None", "otherNonOperatingIncome": "None", "depreciation": "None", "depreciationAndAmortization": "25493000", "incomeBeforeTax": "-98468000", "incomeTaxExpense": "-7800000", "interestAndDebtExpense": "None", "netIncomeFromContinuingOperations": "0", "comprehensiveIncomeNetOfTax": "None", "ebit": "-92638000", "ebitda": "-67145000", "netIncome": "-90668000"}, {"fiscalDateEnding": "2008-12-31", "reportedCurrency": "USD", "grossProfit": "77911000", "totalRevenue": "194767000", "costOfRevenue": "116856000", "costofGoodsAndServicesSold": "116856000", "operatingIncome": "-383187000", "sellingGeneralAndAdministrative": "58491000", "researchAndDevelopment": "52189000", "operatingExpenses": "461098000", "investmentIncomeNet": "None", "netInterestIncome": "None", "interestIncome": "None", "interestExpense": "0", "nonInterestIncome": "None", "otherNonOperatingIncome": "None", "depreciation": "None", "depreciationAndAmortization": "22786000", "incomeBeforeTax": "-389284000", "incomeTaxExpense": "-693000", "interestAndDebtExpense": "None", "netIncomeFromContinuingOperations": "0", "comprehensiveIncomeNetOfTax": "None", "ebit": "-373012000", "ebitda": "-350226000", "netIncome": "-388591000"}, {"fiscalDateEnding": "2008-09-30", "reportedCurrency": "USD", "grossProfit": "127930000", "totalRevenue": "297255000", "costOfRevenue": "169325000", "costofGoodsAndServicesSold": "169325000", "operatingIncome": "-17276000", "sellingGeneralAndAdministrative": "14000", "researchAndDevelopment": "52969000", "operatingExpenses": "145206000", "investmentIncomeNet": "None", "netInterestIncome": "None", "interestIncome": "None", "interestExpense": "5851000", "nonInterestIncome": "None", "otherNonOperatingIncome": "None", "depreciation": "None", "depreciationAndAmortization": "23177000", "incomeBeforeTax": "-20387000", "incomeTaxExpense": "3070000", "interestAndDebtExpense": "None", "netIncomeFromContinuingOperations": "0", "comprehensiveIncomeNetOfTax": "None", "ebit": "-14536000", "ebitda": "8641000", "netIncome": "-22689000"}, {"fiscalDateEnding": "2008-06-30", "reportedCurrency": "USD", "grossProfit": "153848000", "totalRevenue": "317705000", "costOfRevenue": "163857000", "costofGoodsAndServicesSold": "163857000", "operatingIncome": "14731000", "sellingGeneralAndAdministrative": "37000", "researchAndDevelopment": "56154000", "operatingExpenses": "139117000", "investmentIncomeNet": "None", "netInterestIncome": "None", "interestIncome": "None", "interestExpense": "484000", "nonInterestIncome": "None", "otherNonOperatingIncome": "None", "depreciation": "None", "depreciationAndAmortization": "25367000", "incomeBeforeTax": "17179000", "incomeTaxExpense": "6100000", "interestAndDebtExpense": "None", "netIncomeFromContinuingOperations": "0", "comprehensiveIncomeNetOfTax": "None", "ebit": "17663000", "ebitda": "43030000", "netIncome": "11079000"}, {"fiscalDateEnding": "2008-03-31", "reportedCurrency": "USD", "grossProfit": "138503000", "totalRevenue": "297315000", "costOfRevenue": "158812000", "costofGoodsAndServicesSold": "158812000", "operatingIncome": "1385000", "sellingGeneralAndAdministrative": "21000", "researchAndDevelopment": "56249000", "operatingExpenses": "137118000", "investmentIncomeNet": "None", "netInterestIncome": "None", "interestIncome": "None", "interestExpense": "470000", "nonInterestIncome": "None", "otherNonOperatingIncome": "None", "depreciation": "None", "depreciationAndAmortization": "23430000", "incomeBeforeTax": "6467000", "incomeTaxExpense": "4100000", "interestAndDebtExpense": "None", "netIncomeFromContinuingOperations": "0", "comprehensiveIncomeNetOfTax": "None", "ebit": "6937000", "ebitda": "30367000", "netIncome": "2367000"}, {"fiscalDateEnding": "2007-12-31", "reportedCurrency": "USD", "grossProfit": "118570000", "totalRevenue": "260416000", "costOfRevenue": "141846000", "costofGoodsAndServicesSold": "141846000", "operatingIncome": "6306000", "sellingGeneralAndAdministrative": "62199000", "researchAndDevelopment": "50420000", "operatingExpenses": "112264000", "investmentIncomeNet": "None", "netInterestIncome": "None", "interestIncome": "None", "interestExpense": "689000", "nonInterestIncome": "None", "otherNonOperatingIncome": "None", "depreciation": "None", "depreciationAndAmortization": "16242000", "incomeBeforeTax": "14957000", "incomeTaxExpense": "-2196000", "interestAndDebtExpense": "None", "netIncomeFromContinuingOperations": "0", "comprehensiveIncomeNetOfTax": "None", "ebit": "5951000", "ebitda": "22193000", "netIncome": "16704000"}, {"fiscalDateEnding": "2007-09-30", "reportedCurrency": "USD", "grossProfit": "144246000", "totalRevenue": "299461000", "costOfRevenue": "155215000", "costofGoodsAndServicesSold": "155215000", "operatingIncome": "31988000", "sellingGeneralAndAdministrative": "62870000", "researchAndDevelopment": "52245000", "operatingExpenses": "112258000", "investmentIncomeNet": "None", "netInterestIncome": "None", "interestIncome": "None", "interestExpense": "0", "nonInterestIncome": "None", "otherNonOperatingIncome": "None", "depreciation": "None", "depreciationAndAmortization": "16384000", "incomeBeforeTax": "39915000", "incomeTaxExpense": "4717000", "interestAndDebtExpense": "None", "netIncomeFromContinuingOperations": "0", "comprehensiveIncomeNetOfTax": "None", "ebit": "28869000", "ebitda": "45253000", "netIncome": "40989000"}, {"fiscalDateEnding": "2007-06-30", "reportedCurrency": "USD", "grossProfit": "137220000", "totalRevenue": "288710000", "costOfRevenue": "151490000", "costofGoodsAndServicesSold": "151490000", "operatingIncome": "21475000", "sellingGeneralAndAdministrative": "63547000", "researchAndDevelopment": "52417000", "operatingExpenses": "115745000", "investmentIncomeNet": "None", "netInterestIncome": "None", "interestIncome": "None", "interestExpense": "74000", "nonInterestIncome": "None", "otherNonOperatingIncome": "None", "depreciation": "None", "depreciationAndAmortization": "16496000", "incomeBeforeTax": "30700000", "incomeTaxExpense": "3454000", "interestAndDebtExpense": "None", "netIncomeFromContinuingOperations": "0", "comprehensiveIncomeNetOfTax": "None", "ebit": "22043000", "ebitda": "38539000", "netIncome": "27654000"}, {"fiscalDateEnding": "2007-03-31", "reportedCurrency": "USD", "grossProfit": "115536000", "totalRevenue": "258058000", "costOfRevenue": "142522000", "costofGoodsAndServicesSold": "142522000", "operatingIncome": "-17731000", "sellingGeneralAndAdministrative": "62875000", "researchAndDevelopment": "50199000", "operatingExpenses": "133267000", "investmentIncomeNet": "None", "netInterestIncome": "None", "interestIncome": "None", "interestExpense": "436000", "nonInterestIncome": "None", "otherNonOperatingIncome": "None", "depreciation": "None", "depreciationAndAmortization": "18373000", "incomeBeforeTax": "-6236000", "incomeTaxExpense": "1400000", "interestAndDebtExpense": "None", "netIncomeFromContinuingOperations": "0", "comprehensiveIncomeNetOfTax": "None", "ebit": "1386000", "ebitda": "19759000", "netIncome": "-7636000"}, {"fiscalDateEnding": "2006-12-31", "reportedCurrency": "USD", "grossProfit": "121444000", "totalRevenue": "263147000", "costOfRevenue": "141703000", "costofGoodsAndServicesSold": "141703000", "operatingIncome": "536000", "sellingGeneralAndAdministrative": "69460000", "researchAndDevelopment": "49638000", "operatingExpenses": "120908000", "investmentIncomeNet": "None", "netInterestIncome": "None", "interestIncome": "None", "interestExpense": "701000", "nonInterestIncome": "None", "otherNonOperatingIncome": "None", "depreciation": "None", "depreciationAndAmortization": "17489000", "incomeBeforeTax": "10864000", "incomeTaxExpense": "-10000", "interestAndDebtExpense": "None", "netIncomeFromContinuingOperations": "0", "comprehensiveIncomeNetOfTax": "None", "ebit": "2346000", "ebitda": "19835000", "netIncome": "10874000"}, {"fiscalDateEnding": "2006-09-30", "reportedCurrency": "USD", "grossProfit": "174385000", "totalRevenue": "354717000", "costOfRevenue": "180332000", "costofGoodsAndServicesSold": "180332000", "operatingIncome": "67254000", "sellingGeneralAndAdministrative": "1274000", "researchAndDevelopment": "51791000", "operatingExpenses": "107131000", "investmentIncomeNet": "None", "netInterestIncome": "None", "interestIncome": "None", "interestExpense": "3518000", "nonInterestIncome": "None", "otherNonOperatingIncome": "None", "depreciation": "None", "depreciationAndAmortization": "18324000", "incomeBeforeTax": "76189000", "incomeTaxExpense": "9866000", "interestAndDebtExpense": "None", "netIncomeFromContinuingOperations": "0", "comprehensiveIncomeNetOfTax": "None", "ebit": "52142000", "ebitda": "70466000", "netIncome": "60565000"}, {"fiscalDateEnding": "2006-06-30", "reportedCurrency": "USD", "grossProfit": "190575000", "totalRevenue": "386819000", "costOfRevenue": "196244000", "costofGoodsAndServicesSold": "196244000", "operatingIncome": "85418000", "sellingGeneralAndAdministrative": "1687000", "researchAndDevelopment": "51840000", "operatingExpenses": "105157000", "investmentIncomeNet": "None", "netInterestIncome": "None", "interestIncome": "None", "interestExpense": "3470000", "nonInterestIncome": "None", "otherNonOperatingIncome": "None", "depreciation": "None", "depreciationAndAmortization": "17834000", "incomeBeforeTax": "93607000", "incomeTaxExpense": "9420000", "interestAndDebtExpense": "None", "netIncomeFromContinuingOperations": "0", "comprehensiveIncomeNetOfTax": "None", "ebit": "64822000", "ebitda": "82656000", "netIncome": "82405000"}, {"fiscalDateEnding": "2006-03-31", "reportedCurrency": "USD", "grossProfit": "170638000", "totalRevenue": "362914000", "costOfRevenue": "192276000", "costofGoodsAndServicesSold": "192276000", "operatingIncome": "47356000", "sellingGeneralAndAdministrative": "1785000", "researchAndDevelopment": "52194000", "operatingExpenses": "123282000", "investmentIncomeNet": "None", "netInterestIncome": "None", "interestIncome": "None", "interestExpense": "3371000", "nonInterestIncome": "None", "otherNonOperatingIncome": "None", "depreciation": "None", "depreciationAndAmortization": "19544000", "incomeBeforeTax": "53468000", "incomeTaxExpense": "8555000", "interestAndDebtExpense": "None", "netIncomeFromContinuingOperations": "0", "comprehensiveIncomeNetOfTax": "None", "ebit": "46259000", "ebitda": "65803000", "netIncome": "44913000"}, {"fiscalDateEnding": "2005-12-31", "reportedCurrency": "USD", "grossProfit": "120822000", "totalRevenue": "62787000", "costOfRevenue": "-58035000", "costofGoodsAndServicesSold": "-58035000", "operatingIncome": "42096000", "sellingGeneralAndAdministrative": "54641000", "researchAndDevelopment": "41601000", "operatingExpenses": "78726000", "investmentIncomeNet": "None", "netInterestIncome": "None", "interestIncome": "None", "interestExpense": "3583000", "nonInterestIncome": "None", "otherNonOperatingIncome": "None", "depreciation": "None", "depreciationAndAmortization": "192000", "incomeBeforeTax": "44085000", "incomeTaxExpense": "-28872000", "interestAndDebtExpense": "None", "netIncomeFromContinuingOperations": "0", "comprehensiveIncomeNetOfTax": "None", "ebit": "23968000", "ebitda": "24160000", "netIncome": "224062000"}]}