{"symbol": "ATLO", "annualReports": [{"fiscalDateEnding": "2025-12-31", "reportedCurrency": "None", "grossProfit": "65135000", "totalRevenue": "98263000", "costOfRevenue": "33128000", "costofGoodsAndServicesSold": "33128000", "operatingIncome": "23206000", "sellingGeneralAndAdministrative": "20750000", "researchAndDevelopment": "None", "operatingExpenses": "41929000", "investmentIncomeNet": "None", "netInterestIncome": "None", "interestIncome": "None", "interestExpense": "31431000", "nonInterestIncome": "None", "otherNonOperatingIncome": "None", "depreciation": "None", "depreciationAndAmortization": "1462000", "incomeBeforeTax": "23866000", "incomeTaxExpense": "4839000", "interestAndDebtExpense": "None", "netIncomeFromContinuingOperations": "None", "comprehensiveIncomeNetOfTax": "None", "ebit": "23206000", "ebitda": "24668000", "netIncome": "19027000"}, {"fiscalDateEnding": "2024-12-31", "reportedCurrency": "USD", "grossProfit": "54221000", "totalRevenue": "92444000", "costOfRevenue": "38223000", "costofGoodsAndServicesSold": "38223000", "operatingIncome": "12241000", "sellingGeneralAndAdministrative": "26309000", "researchAndDevelopment": "None", "operatingExpenses": "41980000", "investmentIncomeNet": "None", "netInterestIncome": "44976000", "interestIncome": "82607000", "interestExpense": "37631000", "nonInterestIncome": "None", "otherNonOperatingIncome": "None", "depreciation": "None", "depreciationAndAmortization": "1692000", "incomeBeforeTax": "12241000", "incomeTaxExpense": "2023000", "interestAndDebtExpense": "None", "netIncomeFromContinuingOperations": "10218000", "comprehensiveIncomeNetOfTax": "None", "ebit": "12241000", "ebitda": "13933000", "netIncome": "10218000"}, {"fiscalDateEnding": "2023-12-31", "reportedCurrency": "USD", "grossProfit": "53051000", "totalRevenue": "83516000", "costOfRevenue": "30465000", "costofGoodsAndServicesSold": "30465000", "operatingIncome": "12889000", "sellingGeneralAndAdministrative": "24759000", "researchAndDevelopment": "None", "operatingExpenses": "40162000", "investmentIncomeNet": "None", "netInterestIncome": "44625000", "interestIncome": "74301000", "interestExpense": "29676000", "nonInterestIncome": "None", "otherNonOperatingIncome": "None", "depreciation": "None", "depreciationAndAmortization": "1752000", "incomeBeforeTax": "12889000", "incomeTaxExpense": "2072000", "interestAndDebtExpense": "None", "netIncomeFromContinuingOperations": "10817000", "comprehensiveIncomeNetOfTax": "None", "ebit": "12889000", "ebitda": "14641000", "netIncome": "10817000"}, {"fiscalDateEnding": "2022-12-31", "reportedCurrency": "USD", "grossProfit": "63805000", "totalRevenue": "71240000", "costOfRevenue": "7435000", "costofGoodsAndServicesSold": "7435000", "operatingIncome": "25161000", "sellingGeneralAndAdministrative": "23517000", "researchAndDevelopment": "None", "operatingExpenses": "38644000", "investmentIncomeNet": "None", "netInterestIncome": "53244000", "interestIncome": "61553000", "interestExpense": "8309000", "nonInterestIncome": "None", "otherNonOperatingIncome": "None", "depreciation": "None", "depreciationAndAmortization": "1998000", "incomeBeforeTax": "25161000", "incomeTaxExpense": "5868000", "interestAndDebtExpense": "None", "netIncomeFromContinuingOperations": "19293000", "comprehensiveIncomeNetOfTax": "None", "ebit": "25161000", "ebitda": "27159000", "netIncome": "19293000"}, {"fiscalDateEnding": "2021-12-31", "reportedCurrency": "USD", "grossProfit": "67291000", "totalRevenue": "71019000", "costOfRevenue": "3728000", "costofGoodsAndServicesSold": "3728000", "operatingIncome": "30673000", "sellingGeneralAndAdministrative": "22859000", "researchAndDevelopment": "None", "operatingExpenses": "36618000", "investmentIncomeNet": "None", "netInterestIncome": "55997000", "interestIncome": "60482000", "interestExpense": "4485000", "nonInterestIncome": "None", "otherNonOperatingIncome": "None", "depreciation": "None", "depreciationAndAmortization": "2027000", "incomeBeforeTax": "30673000", "incomeTaxExpense": "6760000", "interestAndDebtExpense": "None", "netIncomeFromContinuingOperations": "23913000", "comprehensiveIncomeNetOfTax": "None", "ebit": "30673000", "ebitda": "32700000", "netIncome": "23913000"}, {"fiscalDateEnding": "2020-12-31", "reportedCurrency": "USD", "grossProfit": "59782000", "totalRevenue": "73561000", "costOfRevenue": "13779000", "costofGoodsAndServicesSold": "13779000", "operatingIncome": "23231000", "sellingGeneralAndAdministrative": "23182000", "researchAndDevelopment": "None", "operatingExpenses": "36551000", "investmentIncomeNet": "None", "netInterestIncome": "54842837", "interestIncome": "62940647", "interestExpense": "8098000", "nonInterestIncome": "None", "otherNonOperatingIncome": "None", "depreciation": "None", "depreciationAndAmortization": "2272000", "incomeBeforeTax": "23231000", "incomeTaxExpense": "4381000", "interestAndDebtExpense": "None", "netIncomeFromContinuingOperations": "18850063", "comprehensiveIncomeNetOfTax": "None", "ebit": "23231000", "ebitda": "25503000", "netIncome": "18850000"}, {"fiscalDateEnding": "2019-12-31", "reportedCurrency": "USD", "grossProfit": "52563000", "totalRevenue": "64807000", "costOfRevenue": "12243000", "costofGoodsAndServicesSold": "12243000", "operatingIncome": "21042000", "sellingGeneralAndAdministrative": "19870000", "researchAndDevelopment": "None", "operatingExpenses": "31522000", "investmentIncomeNet": "None", "netInterestIncome": "45248144", "interestIncome": "56177493", "interestExpense": "10929000", "nonInterestIncome": "None", "otherNonOperatingIncome": "None", "depreciation": "None", "depreciationAndAmortization": "1845000", "incomeBeforeTax": "21042000", "incomeTaxExpense": "3848000", "interestAndDebtExpense": "None", "netIncomeFromContinuingOperations": "17194169", "comprehensiveIncomeNetOfTax": "None", "ebit": "21042000", "ebitda": "22887000", "netIncome": "17194000"}, {"fiscalDateEnding": "2018-12-31", "reportedCurrency": "USD", "grossProfit": "49385388", "totalRevenue": "57627900", "costOfRevenue": "8242512", "costofGoodsAndServicesSold": "8242512", "operatingIncome": "21419978", "sellingGeneralAndAdministrative": "18455121", "researchAndDevelopment": "0", "operatingExpenses": "27965410", "investmentIncomeNet": "None", "netInterestIncome": "42123767", "interestIncome": "49726963", "interestExpense": "7603196", "nonInterestIncome": "None", "otherNonOperatingIncome": "0", "depreciation": "None", "depreciationAndAmortization": "1564544", "incomeBeforeTax": "21419978", "incomeTaxExpense": "4406100", "interestAndDebtExpense": "None", "netIncomeFromContinuingOperations": "17013878", "comprehensiveIncomeNetOfTax": "None", "ebit": "21419978", "ebitda": "22984522", "netIncome": "17013878"}, {"fiscalDateEnding": "2017-12-31", "reportedCurrency": "USD", "grossProfit": "46686527", "totalRevenue": "53787202", "costOfRevenue": "7100675", "costofGoodsAndServicesSold": "7100675", "operatingIncome": "21281990", "sellingGeneralAndAdministrative": "16421817", "researchAndDevelopment": "0", "operatingExpenses": "25404537", "investmentIncomeNet": "None", "netInterestIncome": "40213356", "interestIncome": "45794435", "interestExpense": "5581079", "nonInterestIncome": "None", "otherNonOperatingIncome": "0", "depreciation": "None", "depreciationAndAmortization": "1503139", "incomeBeforeTax": "21281990", "incomeTaxExpense": "7584801", "interestAndDebtExpense": "None", "netIncomeFromContinuingOperations": "13697189", "comprehensiveIncomeNetOfTax": "None", "ebit": "21281990", "ebitda": "22785129", "netIncome": "13697189"}, {"fiscalDateEnding": "2016-12-31", "reportedCurrency": "USD", "grossProfit": "47473927", "totalRevenue": "52133573", "costOfRevenue": "4659646", "costofGoodsAndServicesSold": "4659646", "operatingIncome": "22539282", "sellingGeneralAndAdministrative": "16227572", "researchAndDevelopment": "0", "operatingExpenses": "24934645", "investmentIncomeNet": "None", "netInterestIncome": "39910758", "interestIncome": "44046039", "interestExpense": "4135281", "nonInterestIncome": "None", "otherNonOperatingIncome": "0", "depreciation": "None", "depreciationAndAmortization": "1577403", "incomeBeforeTax": "22539282", "incomeTaxExpense": "6804506", "interestAndDebtExpense": "None", "netIncomeFromContinuingOperations": "15734776", "comprehensiveIncomeNetOfTax": "None", "ebit": "22539282", "ebitda": "24116685", "netIncome": "15734776"}, {"fiscalDateEnding": "2015-12-31", "reportedCurrency": "USD", "grossProfit": "46133216", "totalRevenue": "51417538", "costOfRevenue": "5284322", "costofGoodsAndServicesSold": "5284322", "operatingIncome": "20821195", "sellingGeneralAndAdministrative": "15911932", "researchAndDevelopment": "0", "operatingExpenses": "25312021", "investmentIncomeNet": "None", "netInterestIncome": "38965210", "interestIncome": "43150350", "interestExpense": "4185139", "nonInterestIncome": "None", "otherNonOperatingIncome": "0", "depreciation": "None", "depreciationAndAmortization": "1568620", "incomeBeforeTax": "20821195", "incomeTaxExpense": "5806544", "interestAndDebtExpense": "None", "netIncomeFromContinuingOperations": "15014651", "comprehensiveIncomeNetOfTax": "None", "ebit": "20821193", "ebitda": "22389813", "netIncome": "15014651"}, {"fiscalDateEnding": "2014-12-31", "reportedCurrency": "USD", "grossProfit": "44000608", "totalRevenue": "48976849", "costOfRevenue": "4976241", "costofGoodsAndServicesSold": "4976241", "operatingIncome": "20866726", "sellingGeneralAndAdministrative": "14775953", "researchAndDevelopment": "0", "operatingExpenses": "23133882", "investmentIncomeNet": "None", "netInterestIncome": "None", "interestIncome": "None", "interestExpense": "4547101", "nonInterestIncome": "None", "otherNonOperatingIncome": "None", "depreciation": "None", "depreciationAndAmortization": "1209733", "incomeBeforeTax": "20866726", "incomeTaxExpense": "5615519", "interestAndDebtExpense": "None", "netIncomeFromContinuingOperations": "15251207", "comprehensiveIncomeNetOfTax": "None", "ebit": "20866725", "ebitda": "22076458", "netIncome": "15251207"}, {"fiscalDateEnding": "2013-12-31", "reportedCurrency": "USD", "grossProfit": "40290438", "totalRevenue": "46151591", "costOfRevenue": "5861153", "costofGoodsAndServicesSold": "5861153", "operatingIncome": "18611566", "sellingGeneralAndAdministrative": "13792683", "researchAndDevelopment": "0", "operatingExpenses": "21678872", "investmentIncomeNet": "None", "netInterestIncome": "None", "interestIncome": "None", "interestExpense": "5074763", "nonInterestIncome": "None", "otherNonOperatingIncome": "None", "depreciation": "None", "depreciationAndAmortization": "1071415", "incomeBeforeTax": "18611566", "incomeTaxExpense": "4657922", "interestAndDebtExpense": "None", "netIncomeFromContinuingOperations": "13953644", "comprehensiveIncomeNetOfTax": "None", "ebit": "18611566", "ebitda": "19682981", "netIncome": "13953644"}, {"fiscalDateEnding": "2012-12-31", "reportedCurrency": "USD", "grossProfit": "39732904", "totalRevenue": "45507122", "costOfRevenue": "5774218", "costofGoodsAndServicesSold": "5774218", "operatingIncome": "18929951", "sellingGeneralAndAdministrative": "13129688", "researchAndDevelopment": "0", "operatingExpenses": "20802953", "investmentIncomeNet": "None", "netInterestIncome": "None", "interestIncome": "None", "interestExpense": "5751941", "nonInterestIncome": "None", "otherNonOperatingIncome": "None", "depreciation": "None", "depreciationAndAmortization": "984573", "incomeBeforeTax": "18929951", "incomeTaxExpense": "4747643", "interestAndDebtExpense": "None", "netIncomeFromContinuingOperations": "14182308", "comprehensiveIncomeNetOfTax": "None", "ebit": "18929951", "ebitda": "19914524", "netIncome": "14182308"}, {"fiscalDateEnding": "2011-12-31", "reportedCurrency": "USD", "grossProfit": "37323059", "totalRevenue": "44586085", "costOfRevenue": "7263026", "costofGoodsAndServicesSold": "7263026", "operatingIncome": "18471087", "sellingGeneralAndAdministrative": "12369925", "researchAndDevelopment": "0", "operatingExpenses": "18851972", "investmentIncomeNet": "None", "netInterestIncome": "None", "interestIncome": "None", "interestExpense": "6730065", "nonInterestIncome": "None", "otherNonOperatingIncome": "None", "depreciation": "None", "depreciationAndAmortization": "741665", "incomeBeforeTax": "18471087", "incomeTaxExpense": "4550280", "interestAndDebtExpense": "None", "netIncomeFromContinuingOperations": "13920807", "comprehensiveIncomeNetOfTax": "None", "ebit": "18471087", "ebitda": "19212752", "netIncome": "13920807"}, {"fiscalDateEnding": "2010-12-31", "reportedCurrency": "USD", "grossProfit": "35691348", "totalRevenue": "44130237", "costOfRevenue": "8438889", "costofGoodsAndServicesSold": "8438889", "operatingIncome": "17470326", "sellingGeneralAndAdministrative": "11946365", "researchAndDevelopment": "None", "operatingExpenses": "18221022", "investmentIncomeNet": "None", "netInterestIncome": "None", "interestIncome": "None", "interestExpense": "7775091", "nonInterestIncome": "None", "otherNonOperatingIncome": "None", "depreciation": "None", "depreciationAndAmortization": "748008", "incomeBeforeTax": "17470326", "incomeTaxExpense": "4504052", "interestAndDebtExpense": "None", "netIncomeFromContinuingOperations": "None", "comprehensiveIncomeNetOfTax": "None", "ebit": "17470326", "ebitda": "18218334", "netIncome": "12966274"}, {"fiscalDateEnding": "2009-12-31", "reportedCurrency": "USD", "grossProfit": "34060513", "totalRevenue": "45845132", "costOfRevenue": "11784619", "costofGoodsAndServicesSold": "11784619", "operatingIncome": "11298593", "sellingGeneralAndAdministrative": "18523314", "researchAndDevelopment": "None", "operatingExpenses": "22761920", "investmentIncomeNet": "None", "netInterestIncome": "None", "interestIncome": "None", "interestExpense": "10226312", "nonInterestIncome": "None", "otherNonOperatingIncome": "None", "depreciation": "None", "depreciationAndAmortization": "1745763", "incomeBeforeTax": "11298593", "incomeTaxExpense": "2292807", "interestAndDebtExpense": "None", "netIncomeFromContinuingOperations": "None", "comprehensiveIncomeNetOfTax": "None", "ebit": "11298593", "ebitda": "13044356", "netIncome": "9005786"}, {"fiscalDateEnding": "2008-12-31", "reportedCurrency": "USD", "grossProfit": "36845651", "totalRevenue": "54560128", "costOfRevenue": "17714477", "costofGoodsAndServicesSold": "17714477", "operatingIncome": "7197010", "sellingGeneralAndAdministrative": "13213404", "researchAndDevelopment": "None", "operatingExpenses": "29648641", "investmentIncomeNet": "None", "netInterestIncome": "None", "interestIncome": "None", "interestExpense": "16401692", "nonInterestIncome": "None", "otherNonOperatingIncome": "None", "depreciation": "None", "depreciationAndAmortization": "1096653", "incomeBeforeTax": "7197010", "incomeTaxExpense": "845014", "interestAndDebtExpense": "None", "netIncomeFromContinuingOperations": "None", "comprehensiveIncomeNetOfTax": "None", "ebit": "7197010", "ebitda": "8293663", "netIncome": "6351996"}, {"fiscalDateEnding": "2007-12-31", "reportedCurrency": "USD", "grossProfit": "31327000", "totalRevenue": "54770000", "costOfRevenue": "23443000", "costofGoodsAndServicesSold": "23443000", "operatingIncome": "14551000", "sellingGeneralAndAdministrative": "10042000", "researchAndDevelopment": "None", "operatingExpenses": "16776000", "investmentIncomeNet": "None", "netInterestIncome": "None", "interestIncome": "None", "interestExpense": "23537000", "nonInterestIncome": "None", "otherNonOperatingIncome": "None", "depreciation": "None", "depreciationAndAmortization": "842331", "incomeBeforeTax": "14551000", "incomeTaxExpense": "3542000", "interestAndDebtExpense": "None", "netIncomeFromContinuingOperations": "None", "comprehensiveIncomeNetOfTax": "None", "ebit": "14550669", "ebitda": "15393000", "netIncome": "11009000"}, {"fiscalDateEnding": "2006-12-31", "reportedCurrency": "USD", "grossProfit": "29846882", "totalRevenue": "50969724", "costOfRevenue": "21122842", "costofGoodsAndServicesSold": "21122842", "operatingIncome": "14343020", "sellingGeneralAndAdministrative": "9408293", "researchAndDevelopment": "None", "operatingExpenses": "15503862", "investmentIncomeNet": "None", "netInterestIncome": "None", "interestIncome": "None", "interestExpense": "21305528", "nonInterestIncome": "None", "otherNonOperatingIncome": "None", "depreciation": "None", "depreciationAndAmortization": "1104961", "incomeBeforeTax": "14343020", "incomeTaxExpense": "3399403", "interestAndDebtExpense": "None", "netIncomeFromContinuingOperations": "None", "comprehensiveIncomeNetOfTax": "None", "ebit": "14343020", "ebitda": "15447981", "netIncome": "10943617"}], "quarterlyReports": [{"fiscalDateEnding": "2025-12-31", "reportedCurrency": "None", "grossProfit": "18680000", "totalRevenue": "26085000", "costOfRevenue": "7405000", "costofGoodsAndServicesSold": "7405000", "operatingIncome": "7618000", "sellingGeneralAndAdministrative": "6950000", "researchAndDevelopment": "None", "operatingExpenses": "11062000", "investmentIncomeNet": "None", "netInterestIncome": "None", "interestIncome": "None", "interestExpense": "7405000", "nonInterestIncome": "None", "otherNonOperatingIncome": "None", "depreciation": "None", "depreciationAndAmortization": "261000", "incomeBeforeTax": "8278000", "incomeTaxExpense": "1764000", "interestAndDebtExpense": "None", "netIncomeFromContinuingOperations": "None", "comprehensiveIncomeNetOfTax": "None", "ebit": "7618000", "ebitda": "7879000", "netIncome": "6514000"}, {"fiscalDateEnding": "2025-09-30", "reportedCurrency": "USD", "grossProfit": "15956000", "totalRevenue": "24387000", "costOfRevenue": "8431000", "costofGoodsAndServicesSold": "8431000", "operatingIncome": "5715000", "sellingGeneralAndAdministrative": "6627000", "researchAndDevelopment": "None", "operatingExpenses": "10241000", "investmentIncomeNet": "None", "netInterestIncome": "14049000", "interestIncome": "21853000", "interestExpense": "7804000", "nonInterestIncome": "None", "otherNonOperatingIncome": "None", "depreciation": "None", "depreciationAndAmortization": "409000", "incomeBeforeTax": "5715000", "incomeTaxExpense": "1156000", "interestAndDebtExpense": "None", "netIncomeFromContinuingOperations": "4559000", "comprehensiveIncomeNetOfTax": "None", "ebit": "5715000", "ebitda": "6124000", "netIncome": "4559000"}, {"fiscalDateEnding": "2025-06-30", "reportedCurrency": "USD", "grossProfit": "15999000", "totalRevenue": "24126000", "costOfRevenue": "8127000", "costofGoodsAndServicesSold": "8127000", "operatingIncome": "5636000", "sellingGeneralAndAdministrative": "540000", "researchAndDevelopment": "None", "operatingExpenses": "10363000", "investmentIncomeNet": "None", "netInterestIncome": "13466000", "interestIncome": "21485000", "interestExpense": "8019000", "nonInterestIncome": "None", "otherNonOperatingIncome": "None", "depreciation": "None", "depreciationAndAmortization": "398000", "incomeBeforeTax": "5636000", "incomeTaxExpense": "1125000", "interestAndDebtExpense": "None", "netIncomeFromContinuingOperations": "4511000", "comprehensiveIncomeNetOfTax": "None", "ebit": "5636000", "ebitda": "6034000", "netIncome": "4511000"}, {"fiscalDateEnding": "2025-03-31", "reportedCurrency": "USD", "grossProfit": "14500000", "totalRevenue": "23665000", "costOfRevenue": "9165000", "costofGoodsAndServicesSold": "9165000", "operatingIncome": "4237000", "sellingGeneralAndAdministrative": "6633000", "researchAndDevelopment": "None", "operatingExpenses": "10263000", "investmentIncomeNet": "None", "netInterestIncome": "12915000", "interestIncome": "21118000", "interestExpense": "8203000", "nonInterestIncome": "None", "otherNonOperatingIncome": "None", "depreciation": "None", "depreciationAndAmortization": "394000", "incomeBeforeTax": "4237000", "incomeTaxExpense": "794000", "interestAndDebtExpense": "None", "netIncomeFromContinuingOperations": "3443000", "comprehensiveIncomeNetOfTax": "None", "ebit": "4237000", "ebitda": "4631000", "netIncome": "3443000"}, {"fiscalDateEnding": "2024-12-31", "reportedCurrency": "USD", "grossProfit": "14879000", "totalRevenue": "23877000", "costOfRevenue": "8998000", "costofGoodsAndServicesSold": "8998000", "operatingIncome": "4338000", "sellingGeneralAndAdministrative": "6466000", "researchAndDevelopment": "None", "operatingExpenses": "10541000", "investmentIncomeNet": "None", "netInterestIncome": "12121000", "interestIncome": "21249000", "interestExpense": "9128000", "nonInterestIncome": "None", "otherNonOperatingIncome": "None", "depreciation": "None", "depreciationAndAmortization": "436000", "incomeBeforeTax": "4338000", "incomeTaxExpense": "825000", "interestAndDebtExpense": "None", "netIncomeFromContinuingOperations": "3513000", "comprehensiveIncomeNetOfTax": "None", "ebit": "4338000", "ebitda": "4774000", "netIncome": "3513000"}, {"fiscalDateEnding": "2024-09-30", "reportedCurrency": "USD", "grossProfit": "13119000", "totalRevenue": "23125000", "costOfRevenue": "10006000", "costofGoodsAndServicesSold": "10006000", "operatingIncome": "2614000", "sellingGeneralAndAdministrative": "6572000", "researchAndDevelopment": "None", "operatingExpenses": "10505000", "investmentIncomeNet": "None", "netInterestIncome": "11077000", "interestIncome": "20712000", "interestExpense": "9635000", "nonInterestIncome": "None", "otherNonOperatingIncome": "None", "depreciation": "None", "depreciationAndAmortization": "429000", "incomeBeforeTax": "2614000", "incomeTaxExpense": "397000", "interestAndDebtExpense": "None", "netIncomeFromContinuingOperations": "2217000", "comprehensiveIncomeNetOfTax": "None", "ebit": "2614000", "ebitda": "3043000", "netIncome": "2217000"}, {"fiscalDateEnding": "2024-06-30", "reportedCurrency": "USD", "grossProfit": "13309000", "totalRevenue": "23154000", "costOfRevenue": "9845000", "costofGoodsAndServicesSold": "9845000", "operatingIncome": "2569000", "sellingGeneralAndAdministrative": "6733000", "researchAndDevelopment": "None", "operatingExpenses": "10740000", "investmentIncomeNet": "None", "netInterestIncome": "10872000", "interestIncome": "20535000", "interestExpense": "9663000", "nonInterestIncome": "None", "otherNonOperatingIncome": "None", "depreciation": "None", "depreciationAndAmortization": "414000", "incomeBeforeTax": "2569000", "incomeTaxExpense": "385000", "interestAndDebtExpense": "None", "netIncomeFromContinuingOperations": "2184000", "comprehensiveIncomeNetOfTax": "None", "ebit": "2569000", "ebitda": "2983000", "netIncome": "2184000"}, {"fiscalDateEnding": "2024-03-31", "reportedCurrency": "USD", "grossProfit": "12914000", "totalRevenue": "22288000", "costOfRevenue": "9374000", "costofGoodsAndServicesSold": "9374000", "operatingIncome": "2720000", "sellingGeneralAndAdministrative": "6538000", "researchAndDevelopment": "None", "operatingExpenses": "10194000", "investmentIncomeNet": "None", "netInterestIncome": "10906000", "interestIncome": "20111000", "interestExpense": "9205000", "nonInterestIncome": "None", "otherNonOperatingIncome": "None", "depreciation": "None", "depreciationAndAmortization": "413000", "incomeBeforeTax": "2720000", "incomeTaxExpense": "416000", "interestAndDebtExpense": "None", "netIncomeFromContinuingOperations": "2304000", "comprehensiveIncomeNetOfTax": "None", "ebit": "2720000", "ebitda": "3133000", "netIncome": "2304000"}, {"fiscalDateEnding": "2023-12-31", "reportedCurrency": "USD", "grossProfit": "12496000", "totalRevenue": "22142000", "costOfRevenue": "9646000", "costofGoodsAndServicesSold": "9646000", "operatingIncome": "2479000", "sellingGeneralAndAdministrative": "6205000", "researchAndDevelopment": "None", "operatingExpenses": "10017000", "investmentIncomeNet": "None", "netInterestIncome": "10965000", "interestIncome": "19856000", "interestExpense": "8891000", "nonInterestIncome": "None", "otherNonOperatingIncome": "None", "depreciation": "None", "depreciationAndAmortization": "446000", "incomeBeforeTax": "2479000", "incomeTaxExpense": "340000", "interestAndDebtExpense": "None", "netIncomeFromContinuingOperations": "2139000", "comprehensiveIncomeNetOfTax": "None", "ebit": "2479000", "ebitda": "2925000", "netIncome": "2139000"}, {"fiscalDateEnding": "2023-09-30", "reportedCurrency": "USD", "grossProfit": "13323000", "totalRevenue": "21122000", "costOfRevenue": "7799000", "costofGoodsAndServicesSold": "7799000", "operatingIncome": "3521000", "sellingGeneralAndAdministrative": "6186000", "researchAndDevelopment": "None", "operatingExpenses": "9802000", "investmentIncomeNet": "None", "netInterestIncome": "10689000", "interestIncome": "18762000", "interestExpense": "8073000", "nonInterestIncome": "None", "otherNonOperatingIncome": "None", "depreciation": "None", "depreciationAndAmortization": "459000", "incomeBeforeTax": "3521000", "incomeTaxExpense": "597000", "interestAndDebtExpense": "None", "netIncomeFromContinuingOperations": "2924000", "comprehensiveIncomeNetOfTax": "None", "ebit": "3521000", "ebitda": "3980000", "netIncome": "2924000"}, {"fiscalDateEnding": "2023-06-30", "reportedCurrency": "USD", "grossProfit": "13584000", "totalRevenue": "20802000", "costOfRevenue": "7218000", "costofGoodsAndServicesSold": "7218000", "operatingIncome": "3021000", "sellingGeneralAndAdministrative": "6228000", "researchAndDevelopment": "None", "operatingExpenses": "10563000", "investmentIncomeNet": "None", "netInterestIncome": "11302000", "interestIncome": "18487000", "interestExpense": "7185000", "nonInterestIncome": "None", "otherNonOperatingIncome": "None", "depreciation": "None", "depreciationAndAmortization": "427000", "incomeBeforeTax": "3021000", "incomeTaxExpense": "464000", "interestAndDebtExpense": "None", "netIncomeFromContinuingOperations": "2557000", "comprehensiveIncomeNetOfTax": "None", "ebit": "3021000", "ebitda": "3448000", "netIncome": "2557000"}, {"fiscalDateEnding": "2023-03-31", "reportedCurrency": "USD", "grossProfit": "13648000", "totalRevenue": "19450000", "costOfRevenue": "5802000", "costofGoodsAndServicesSold": "5802000", "operatingIncome": "3868000", "sellingGeneralAndAdministrative": "6140000", "researchAndDevelopment": "None", "operatingExpenses": "9780000", "investmentIncomeNet": "None", "netInterestIncome": "11669000", "interestIncome": "17196000", "interestExpense": "5527000", "nonInterestIncome": "None", "otherNonOperatingIncome": "None", "depreciation": "None", "depreciationAndAmortization": "420000", "incomeBeforeTax": "3868000", "incomeTaxExpense": "671000", "interestAndDebtExpense": "None", "netIncomeFromContinuingOperations": "3197000", "comprehensiveIncomeNetOfTax": "None", "ebit": "3868000", "ebitda": "4288000", "netIncome": "3197000"}, {"fiscalDateEnding": "2022-12-31", "reportedCurrency": "USD", "grossProfit": "15430000", "totalRevenue": "19267000", "costOfRevenue": "3837000", "costofGoodsAndServicesSold": "3837000", "operatingIncome": "5503000", "sellingGeneralAndAdministrative": "5975000", "researchAndDevelopment": "None", "operatingExpenses": "9927000", "investmentIncomeNet": "None", "netInterestIncome": "12793000", "interestIncome": "16798000", "interestExpense": "4005000", "nonInterestIncome": "None", "otherNonOperatingIncome": "None", "depreciation": "None", "depreciationAndAmortization": "496000", "incomeBeforeTax": "5503000", "incomeTaxExpense": "1091000", "interestAndDebtExpense": "None", "netIncomeFromContinuingOperations": "4412000", "comprehensiveIncomeNetOfTax": "None", "ebit": "5503000", "ebitda": "5999000", "netIncome": "4412000"}, {"fiscalDateEnding": "2022-09-30", "reportedCurrency": "USD", "grossProfit": "16469000", "totalRevenue": "18091000", "costOfRevenue": "1622000", "costofGoodsAndServicesSold": "1622000", "operatingIncome": "6982000", "sellingGeneralAndAdministrative": "5886000", "researchAndDevelopment": "None", "operatingExpenses": "9487000", "investmentIncomeNet": "None", "netInterestIncome": "13663000", "interestIncome": "15805000", "interestExpense": "2142000", "nonInterestIncome": "None", "otherNonOperatingIncome": "None", "depreciation": "None", "depreciationAndAmortization": "527000", "incomeBeforeTax": "6982000", "incomeTaxExpense": "1439000", "interestAndDebtExpense": "None", "netIncomeFromContinuingOperations": "5543000", "comprehensiveIncomeNetOfTax": "None", "ebit": "6982000", "ebitda": "7509000", "netIncome": "5543000"}, {"fiscalDateEnding": "2022-06-30", "reportedCurrency": "USD", "grossProfit": "16074000", "totalRevenue": "17257000", "costOfRevenue": "1183000", "costofGoodsAndServicesSold": "1183000", "operatingIncome": "6223000", "sellingGeneralAndAdministrative": "5898000", "researchAndDevelopment": "None", "operatingExpenses": "9851000", "investmentIncomeNet": "None", "netInterestIncome": "13636000", "interestIncome": "14878000", "interestExpense": "1242000", "nonInterestIncome": "None", "otherNonOperatingIncome": "None", "depreciation": "None", "depreciationAndAmortization": "516000", "incomeBeforeTax": "6223000", "incomeTaxExpense": "2030000", "interestAndDebtExpense": "None", "netIncomeFromContinuingOperations": "4193000", "comprehensiveIncomeNetOfTax": "None", "ebit": "6223000", "ebitda": "6739000", "netIncome": "4193000"}, {"fiscalDateEnding": "2022-03-31", "reportedCurrency": "USD", "grossProfit": "15832000", "totalRevenue": "16625000", "costOfRevenue": "793000", "costofGoodsAndServicesSold": "793000", "operatingIncome": "6453000", "sellingGeneralAndAdministrative": "5758000", "researchAndDevelopment": "None", "operatingExpenses": "9379000", "investmentIncomeNet": "None", "netInterestIncome": "13152000", "interestIncome": "14072000", "interestExpense": "920000", "nonInterestIncome": "None", "otherNonOperatingIncome": "None", "depreciation": "None", "depreciationAndAmortization": "459000", "incomeBeforeTax": "6453000", "incomeTaxExpense": "1308000", "interestAndDebtExpense": "None", "netIncomeFromContinuingOperations": "5145000", "comprehensiveIncomeNetOfTax": "None", "ebit": "6453000", "ebitda": "6912000", "netIncome": "5145000"}, {"fiscalDateEnding": "2021-12-31", "reportedCurrency": "USD", "grossProfit": "16448000", "totalRevenue": "17199000", "costOfRevenue": "751000", "costofGoodsAndServicesSold": "751000", "operatingIncome": "7147000", "sellingGeneralAndAdministrative": "5652000", "researchAndDevelopment": "None", "operatingExpenses": "9301000", "investmentIncomeNet": "None", "netInterestIncome": "13509000", "interestIncome": "14477000", "interestExpense": "968000", "nonInterestIncome": "None", "otherNonOperatingIncome": "None", "depreciation": "None", "depreciationAndAmortization": "516000", "incomeBeforeTax": "7147000", "incomeTaxExpense": "1850000", "interestAndDebtExpense": "None", "netIncomeFromContinuingOperations": "5297000", "comprehensiveIncomeNetOfTax": "None", "ebit": "7147000", "ebitda": "7663000", "netIncome": "5297000"}, {"fiscalDateEnding": "2021-09-30", "reportedCurrency": "USD", "grossProfit": "17419000", "totalRevenue": "18352000", "costOfRevenue": "933000", "costofGoodsAndServicesSold": "933000", "operatingIncome": "8522000", "sellingGeneralAndAdministrative": "5641000", "researchAndDevelopment": "None", "operatingExpenses": "8897000", "investmentIncomeNet": "None", "netInterestIncome": "14652000", "interestIncome": "15679000", "interestExpense": "1027000", "nonInterestIncome": "None", "otherNonOperatingIncome": "None", "depreciation": "None", "depreciationAndAmortization": "503000", "incomeBeforeTax": "8522000", "incomeTaxExpense": "1808000", "interestAndDebtExpense": "None", "netIncomeFromContinuingOperations": "6714000", "comprehensiveIncomeNetOfTax": "None", "ebit": "8522000", "ebitda": "9025000", "netIncome": "6714000"}, {"fiscalDateEnding": "2021-06-30", "reportedCurrency": "USD", "grossProfit": "16828000", "totalRevenue": "17967000", "costOfRevenue": "1139000", "costofGoodsAndServicesSold": "1139000", "operatingIncome": "7414000", "sellingGeneralAndAdministrative": "5920000", "researchAndDevelopment": "None", "operatingExpenses": "9414000", "investmentIncomeNet": "None", "netInterestIncome": "14172000", "interestIncome": "15331000", "interestExpense": "1159000", "nonInterestIncome": "None", "otherNonOperatingIncome": "None", "depreciation": "None", "depreciationAndAmortization": "492000", "incomeBeforeTax": "7414000", "incomeTaxExpense": "1535000", "interestAndDebtExpense": "None", "netIncomeFromContinuingOperations": "5879000", "comprehensiveIncomeNetOfTax": "None", "ebit": "7414000", "ebitda": "7906000", "netIncome": "5879000"}, {"fiscalDateEnding": "2021-03-31", "reportedCurrency": "USD", "grossProfit": "16596000", "totalRevenue": "17501000", "costOfRevenue": "905000", "costofGoodsAndServicesSold": "905000", "operatingIncome": "7590000", "sellingGeneralAndAdministrative": "5646000", "researchAndDevelopment": "None", "operatingExpenses": "9006000", "investmentIncomeNet": "None", "netInterestIncome": "13664000", "interestIncome": "14995000", "interestExpense": "1331000", "nonInterestIncome": "None", "otherNonOperatingIncome": "None", "depreciation": "None", "depreciationAndAmortization": "516000", "incomeBeforeTax": "7590000", "incomeTaxExpense": "1567000", "interestAndDebtExpense": "None", "netIncomeFromContinuingOperations": "6023000", "comprehensiveIncomeNetOfTax": "None", "ebit": "7590000", "ebitda": "8106000", "netIncome": "6023000"}, {"fiscalDateEnding": "2020-12-31", "reportedCurrency": "USD", "grossProfit": "15466799", "totalRevenue": "18315318", "costOfRevenue": "2848519", "costofGoodsAndServicesSold": "2848519", "operatingIncome": "6355656", "sellingGeneralAndAdministrative": "5568346", "researchAndDevelopment": "None", "operatingExpenses": "9111143", "investmentIncomeNet": "None", "netInterestIncome": "13957002", "interestIncome": "15549340", "interestExpense": "1592338", "nonInterestIncome": "None", "otherNonOperatingIncome": "None", "depreciation": "None", "depreciationAndAmortization": "537718", "incomeBeforeTax": "6355656", "incomeTaxExpense": "1159250", "interestAndDebtExpense": "None", "netIncomeFromContinuingOperations": "5196406", "comprehensiveIncomeNetOfTax": "None", "ebit": "6355656", "ebitda": "6893374", "netIncome": "5196406"}, {"fiscalDateEnding": "2020-09-30", "reportedCurrency": "USD", "grossProfit": "16415000", "totalRevenue": "18714000", "costOfRevenue": "2299000", "costofGoodsAndServicesSold": "2299000", "operatingIncome": "7123000", "sellingGeneralAndAdministrative": "5976000", "researchAndDevelopment": "None", "operatingExpenses": "9292000", "investmentIncomeNet": "None", "netInterestIncome": "14159882", "interestIncome": "15918415", "interestExpense": "1758000", "nonInterestIncome": "None", "otherNonOperatingIncome": "None", "depreciation": "None", "depreciationAndAmortization": "588000", "incomeBeforeTax": "7123000", "incomeTaxExpense": "1451000", "interestAndDebtExpense": "None", "netIncomeFromContinuingOperations": "5671479", "comprehensiveIncomeNetOfTax": "None", "ebit": "7123000", "ebitda": "7711000", "netIncome": "5672000"}, {"fiscalDateEnding": "2020-06-30", "reportedCurrency": "USD", "grossProfit": "14541000", "totalRevenue": "18066000", "costOfRevenue": "3525000", "costofGoodsAndServicesSold": "3525000", "operatingIncome": "5442000", "sellingGeneralAndAdministrative": "5863000", "researchAndDevelopment": "None", "operatingExpenses": "9099000", "investmentIncomeNet": "None", "netInterestIncome": "13680028", "interestIncome": "15637429", "interestExpense": "1958000", "nonInterestIncome": "None", "otherNonOperatingIncome": "None", "depreciation": "None", "depreciationAndAmortization": "580000", "incomeBeforeTax": "5442000", "incomeTaxExpense": "1015000", "interestAndDebtExpense": "None", "netIncomeFromContinuingOperations": "4427665", "comprehensiveIncomeNetOfTax": "None", "ebit": "5442000", "ebitda": "6022000", "netIncome": "4427000"}, {"fiscalDateEnding": "2020-03-31", "reportedCurrency": "USD", "grossProfit": "13361000", "totalRevenue": "18466000", "costOfRevenue": "5105000", "costofGoodsAndServicesSold": "5105000", "operatingIncome": "4311000", "sellingGeneralAndAdministrative": "5775000", "researchAndDevelopment": "None", "operatingExpenses": "9050000", "investmentIncomeNet": "None", "netInterestIncome": "13045925", "interestIncome": "15835463", "interestExpense": "2789000", "nonInterestIncome": "None", "otherNonOperatingIncome": "None", "depreciation": "None", "depreciationAndAmortization": "566000", "incomeBeforeTax": "4311000", "incomeTaxExpense": "756000", "interestAndDebtExpense": "None", "netIncomeFromContinuingOperations": "3554513", "comprehensiveIncomeNetOfTax": "None", "ebit": "4311000", "ebitda": "4877000", "netIncome": "3555000"}, {"fiscalDateEnding": "2019-12-31", "reportedCurrency": "USD", "grossProfit": "14136246", "totalRevenue": "17767587", "costOfRevenue": "3631341", "costofGoodsAndServicesSold": "3631341", "operatingIncome": "4764630", "sellingGeneralAndAdministrative": "5381733", "researchAndDevelopment": "None", "operatingExpenses": "9371616", "investmentIncomeNet": "None", "netInterestIncome": "12533625", "interestIncome": "15396065", "interestExpense": "2862440", "nonInterestIncome": "None", "otherNonOperatingIncome": "None", "depreciation": "None", "depreciationAndAmortization": "514711", "incomeBeforeTax": "4764630", "incomeTaxExpense": "466650", "interestAndDebtExpense": "None", "netIncomeFromContinuingOperations": "4297980", "comprehensiveIncomeNetOfTax": "None", "ebit": "4764630", "ebitda": "5279341", "netIncome": "4297980"}, {"fiscalDateEnding": "2019-09-30", "reportedCurrency": "USD", "grossProfit": "12554325", "totalRevenue": "15650959", "costOfRevenue": "3096634", "costofGoodsAndServicesSold": "3096634", "operatingIncome": "5079006", "sellingGeneralAndAdministrative": "4782592", "researchAndDevelopment": "None", "operatingExpenses": "7475319", "investmentIncomeNet": "None", "netInterestIncome": "10813885", "interestIncome": "13531730", "interestExpense": "2717845", "nonInterestIncome": "None", "otherNonOperatingIncome": "None", "depreciation": "None", "depreciationAndAmortization": "450556", "incomeBeforeTax": "5079006", "incomeTaxExpense": "1037845", "interestAndDebtExpense": "None", "netIncomeFromContinuingOperations": "4041161", "comprehensiveIncomeNetOfTax": "None", "ebit": "5079006", "ebitda": "5529562", "netIncome": "4041161"}, {"fiscalDateEnding": "2019-06-30", "reportedCurrency": "USD", "grossProfit": "13074876", "totalRevenue": "15934214", "costOfRevenue": "2859338", "costofGoodsAndServicesSold": "2859338", "operatingIncome": "5856898", "sellingGeneralAndAdministrative": "4889163", "researchAndDevelopment": "0", "operatingExpenses": "7217978", "investmentIncomeNet": "None", "netInterestIncome": "10930257", "interestIncome": "13721275", "interestExpense": "2791018", "nonInterestIncome": "None", "otherNonOperatingIncome": "0", "depreciation": "None", "depreciationAndAmortization": "432550", "incomeBeforeTax": "5856898", "incomeTaxExpense": "1239305", "interestAndDebtExpense": "None", "netIncomeFromContinuingOperations": "4617593", "comprehensiveIncomeNetOfTax": "None", "ebit": "5856898", "ebitda": "6289448", "netIncome": "4617593"}, {"fiscalDateEnding": "2019-03-31", "reportedCurrency": "USD", "grossProfit": "12797991", "totalRevenue": "15454131", "costOfRevenue": "2656140", "costofGoodsAndServicesSold": "2656140", "operatingIncome": "5341235", "sellingGeneralAndAdministrative": "4816057", "researchAndDevelopment": "0", "operatingExpenses": "7456756", "investmentIncomeNet": "None", "netInterestIncome": "10970377", "interestIncome": "13528423", "interestExpense": "2558046", "nonInterestIncome": "None", "otherNonOperatingIncome": "0", "depreciation": "None", "depreciationAndAmortization": "447185", "incomeBeforeTax": "5341235", "incomeTaxExpense": "1103800", "interestAndDebtExpense": "None", "netIncomeFromContinuingOperations": "4237435", "comprehensiveIncomeNetOfTax": "None", "ebit": "5341235", "ebitda": "5788420", "netIncome": "4237435"}, {"fiscalDateEnding": "2018-12-31", "reportedCurrency": "USD", "grossProfit": "12678406", "totalRevenue": "15457615", "costOfRevenue": "2779209", "costofGoodsAndServicesSold": "2779209", "operatingIncome": "5279028", "sellingGeneralAndAdministrative": "4762460", "researchAndDevelopment": "0", "operatingExpenses": "7399378", "investmentIncomeNet": "None", "netInterestIncome": "None", "interestIncome": "None", "interestExpense": "2332871", "nonInterestIncome": "None", "otherNonOperatingIncome": "0", "depreciation": "None", "depreciationAndAmortization": "453044", "incomeBeforeTax": "5279028", "incomeTaxExpense": "1078000", "interestAndDebtExpense": "None", "netIncomeFromContinuingOperations": "4201028", "comprehensiveIncomeNetOfTax": "None", "ebit": "5279028", "ebitda": "5732072", "netIncome": "4201028"}, {"fiscalDateEnding": "2018-09-30", "reportedCurrency": "USD", "grossProfit": "12647764", "totalRevenue": "14622360", "costOfRevenue": "1974596", "costofGoodsAndServicesSold": "1974596", "operatingIncome": "5659932", "sellingGeneralAndAdministrative": "4599725", "researchAndDevelopment": "0", "operatingExpenses": "6987832", "investmentIncomeNet": "None", "netInterestIncome": "None", "interestIncome": "None", "interestExpense": "1874596", "nonInterestIncome": "None", "otherNonOperatingIncome": "0", "depreciation": "None", "depreciationAndAmortization": "391873", "incomeBeforeTax": "5659932", "incomeTaxExpense": "1201100", "interestAndDebtExpense": "None", "netIncomeFromContinuingOperations": "4458832", "comprehensiveIncomeNetOfTax": "None", "ebit": "5659932", "ebitda": "6051805", "netIncome": "4458832"}, {"fiscalDateEnding": "2018-06-30", "reportedCurrency": "USD", "grossProfit": "12137729", "totalRevenue": "13986565", "costOfRevenue": "1848836", "costofGoodsAndServicesSold": "1848836", "operatingIncome": "5424666", "sellingGeneralAndAdministrative": "4418896", "researchAndDevelopment": "0", "operatingExpenses": "6713063", "investmentIncomeNet": "None", "netInterestIncome": "None", "interestIncome": "None", "interestExpense": "1784858", "nonInterestIncome": "None", "otherNonOperatingIncome": "None", "depreciation": "None", "depreciationAndAmortization": "371734", "incomeBeforeTax": "5424666", "incomeTaxExpense": "1107400", "interestAndDebtExpense": "None", "netIncomeFromContinuingOperations": "4317266", "comprehensiveIncomeNetOfTax": "None", "ebit": "5424666", "ebitda": "5796400", "netIncome": "4317266"}, {"fiscalDateEnding": "2018-03-31", "reportedCurrency": "USD", "grossProfit": "11921489", "totalRevenue": "13561360", "costOfRevenue": "1639871", "costofGoodsAndServicesSold": "1639871", "operatingIncome": "5056352", "sellingGeneralAndAdministrative": "4674040", "researchAndDevelopment": "0", "operatingExpenses": "6865137", "investmentIncomeNet": "None", "netInterestIncome": "None", "interestIncome": "None", "interestExpense": "1610871", "nonInterestIncome": "None", "otherNonOperatingIncome": "None", "depreciation": "None", "depreciationAndAmortization": "347893", "incomeBeforeTax": "5056352", "incomeTaxExpense": "1019600", "interestAndDebtExpense": "None", "netIncomeFromContinuingOperations": "4036752", "comprehensiveIncomeNetOfTax": "None", "ebit": "5056352", "ebitda": "5404245", "netIncome": "4036752"}, {"fiscalDateEnding": "2017-12-31", "reportedCurrency": "USD", "grossProfit": "11841849", "totalRevenue": "13653991", "costOfRevenue": "1812142", "costofGoodsAndServicesSold": "1812142", "operatingIncome": "5609438", "sellingGeneralAndAdministrative": "4035956", "researchAndDevelopment": "0", "operatingExpenses": "6232411", "investmentIncomeNet": "None", "netInterestIncome": "None", "interestIncome": "None", "interestExpense": "1514166", "nonInterestIncome": "None", "otherNonOperatingIncome": "None", "depreciation": "None", "depreciationAndAmortization": "360602", "incomeBeforeTax": "5609438", "incomeTaxExpense": "2923114", "interestAndDebtExpense": "None", "netIncomeFromContinuingOperations": "6030219", "comprehensiveIncomeNetOfTax": "None", "ebit": "5609438", "ebitda": "5970040", "netIncome": "2686324"}, {"fiscalDateEnding": "2017-09-30", "reportedCurrency": "USD", "grossProfit": "11954382", "totalRevenue": "13473009", "costOfRevenue": "1518627", "costofGoodsAndServicesSold": "1518627", "operatingIncome": "5658394", "sellingGeneralAndAdministrative": "4138919", "researchAndDevelopment": "0", "operatingExpenses": "6295988", "investmentIncomeNet": "None", "netInterestIncome": "None", "interestIncome": "None", "interestExpense": "1461350", "nonInterestIncome": "None", "otherNonOperatingIncome": "None", "depreciation": "None", "depreciationAndAmortization": "383672", "incomeBeforeTax": "5658394", "incomeTaxExpense": "1729987", "interestAndDebtExpense": "None", "netIncomeFromContinuingOperations": "3928407", "comprehensiveIncomeNetOfTax": "None", "ebit": "5658394", "ebitda": "6042066", "netIncome": "3928407"}, {"fiscalDateEnding": "2017-06-30", "reportedCurrency": "USD", "grossProfit": "11324244", "totalRevenue": "13495745", "costOfRevenue": "2171501", "costofGoodsAndServicesSold": "2171501", "operatingIncome": "4924830", "sellingGeneralAndAdministrative": "4097467", "researchAndDevelopment": "0", "operatingExpenses": "6399414", "investmentIncomeNet": "None", "netInterestIncome": "None", "interestIncome": "None", "interestExpense": "1404732", "nonInterestIncome": "None", "otherNonOperatingIncome": "None", "depreciation": "None", "depreciationAndAmortization": "385716", "incomeBeforeTax": "4924830", "incomeTaxExpense": "1452500", "interestAndDebtExpense": "None", "netIncomeFromContinuingOperations": "3472330", "comprehensiveIncomeNetOfTax": "None", "ebit": "4924830", "ebitda": "5310546", "netIncome": "3472330"}, {"fiscalDateEnding": "2017-03-31", "reportedCurrency": "USD", "grossProfit": "11549085", "totalRevenue": "13147490", "costOfRevenue": "1598405", "costofGoodsAndServicesSold": "1598405", "operatingIncome": "5089328", "sellingGeneralAndAdministrative": "4149475", "researchAndDevelopment": "0", "operatingExpenses": "6459757", "investmentIncomeNet": "None", "netInterestIncome": "None", "interestIncome": "None", "interestExpense": "1200831", "nonInterestIncome": "None", "otherNonOperatingIncome": "None", "depreciation": "None", "depreciationAndAmortization": "373149", "incomeBeforeTax": "5089328", "incomeTaxExpense": "1479200", "interestAndDebtExpense": "None", "netIncomeFromContinuingOperations": "266233", "comprehensiveIncomeNetOfTax": "None", "ebit": "5089328", "ebitda": "5462477", "netIncome": "3610128"}, {"fiscalDateEnding": "2016-12-31", "reportedCurrency": "USD", "grossProfit": "12034456", "totalRevenue": "13198169", "costOfRevenue": "1163713", "costofGoodsAndServicesSold": "1163713", "operatingIncome": "5741677", "sellingGeneralAndAdministrative": "3909068", "researchAndDevelopment": "0", "operatingExpenses": "6292779", "investmentIncomeNet": "None", "netInterestIncome": "None", "interestIncome": "None", "interestExpense": "1080135", "nonInterestIncome": "None", "otherNonOperatingIncome": "None", "depreciation": "None", "depreciationAndAmortization": "418995", "incomeBeforeTax": "5741677", "incomeTaxExpense": "1717253", "interestAndDebtExpense": "None", "netIncomeFromContinuingOperations": "4024424", "comprehensiveIncomeNetOfTax": "None", "ebit": "5741679", "ebitda": "6160674", "netIncome": "4024424"}, {"fiscalDateEnding": "2016-09-30", "reportedCurrency": "USD", "grossProfit": "11818743", "totalRevenue": "13081385", "costOfRevenue": "1262642", "costofGoodsAndServicesSold": "1262642", "operatingIncome": "5706516", "sellingGeneralAndAdministrative": "4086784", "researchAndDevelopment": "0", "operatingExpenses": "6112227", "investmentIncomeNet": "None", "netInterestIncome": "None", "interestIncome": "None", "interestExpense": "1027939", "nonInterestIncome": "None", "otherNonOperatingIncome": "None", "depreciation": "None", "depreciationAndAmortization": "399062", "incomeBeforeTax": "5706516", "incomeTaxExpense": "1902636", "interestAndDebtExpense": "None", "netIncomeFromContinuingOperations": "3803880", "comprehensiveIncomeNetOfTax": "None", "ebit": "5706516", "ebitda": "6105578", "netIncome": "3803880"}, {"fiscalDateEnding": "2016-06-30", "reportedCurrency": "USD", "grossProfit": "11903519", "totalRevenue": "12931305", "costOfRevenue": "1027786", "costofGoodsAndServicesSold": "1027786", "operatingIncome": "5782832", "sellingGeneralAndAdministrative": "4015948", "researchAndDevelopment": "0", "operatingExpenses": "6120687", "investmentIncomeNet": "None", "netInterestIncome": "None", "interestIncome": "None", "interestExpense": "1013716", "nonInterestIncome": "None", "otherNonOperatingIncome": "None", "depreciation": "None", "depreciationAndAmortization": "372705", "incomeBeforeTax": "5782832", "incomeTaxExpense": "1683451", "interestAndDebtExpense": "None", "netIncomeFromContinuingOperations": "4099381", "comprehensiveIncomeNetOfTax": "None", "ebit": "5782832", "ebitda": "6155537", "netIncome": "4099381"}, {"fiscalDateEnding": "2016-03-31", "reportedCurrency": "USD", "grossProfit": "11742981", "totalRevenue": "12948486", "costOfRevenue": "1205505", "costofGoodsAndServicesSold": "1205505", "operatingIncome": "5308257", "sellingGeneralAndAdministrative": "4215772", "researchAndDevelopment": "0", "operatingExpenses": "6434724", "investmentIncomeNet": "None", "netInterestIncome": "None", "interestIncome": "None", "interestExpense": "1013491", "nonInterestIncome": "None", "otherNonOperatingIncome": "None", "depreciation": "None", "depreciationAndAmortization": "386641", "incomeBeforeTax": "5308257", "incomeTaxExpense": "1501166", "interestAndDebtExpense": "None", "netIncomeFromContinuingOperations": "3807091", "comprehensiveIncomeNetOfTax": "None", "ebit": "5308257", "ebitda": "5694898", "netIncome": "3807091"}, {"fiscalDateEnding": "2015-12-31", "reportedCurrency": "USD", "grossProfit": "11977875", "totalRevenue": "13051018", "costOfRevenue": "1073143", "costofGoodsAndServicesSold": "1073143", "operatingIncome": "5474815", "sellingGeneralAndAdministrative": "3973575", "researchAndDevelopment": "0", "operatingExpenses": "6503060", "investmentIncomeNet": "None", "netInterestIncome": "None", "interestIncome": "None", "interestExpense": "1010570", "nonInterestIncome": "None", "otherNonOperatingIncome": "None", "depreciation": "None", "depreciationAndAmortization": "429764", "incomeBeforeTax": "5474815", "incomeTaxExpense": "1559754", "interestAndDebtExpense": "None", "netIncomeFromContinuingOperations": "3915061", "comprehensiveIncomeNetOfTax": "None", "ebit": "5474815", "ebitda": "5904579", "netIncome": "3915061"}, {"fiscalDateEnding": "2015-09-30", "reportedCurrency": "USD", "grossProfit": "11752448", "totalRevenue": "12792994", "costOfRevenue": "1040546", "costofGoodsAndServicesSold": "1040546", "operatingIncome": "5770240", "sellingGeneralAndAdministrative": "4052176", "researchAndDevelopment": "0", "operatingExpenses": "5982208", "investmentIncomeNet": "None", "netInterestIncome": "None", "interestIncome": "None", "interestExpense": "1002749", "nonInterestIncome": "None", "otherNonOperatingIncome": "None", "depreciation": "None", "depreciationAndAmortization": "384676", "incomeBeforeTax": "5770240", "incomeTaxExpense": "1670389", "interestAndDebtExpense": "None", "netIncomeFromContinuingOperations": "4099851", "comprehensiveIncomeNetOfTax": "None", "ebit": "5770240", "ebitda": "6154916", "netIncome": "4099851"}, {"fiscalDateEnding": "2015-06-30", "reportedCurrency": "USD", "grossProfit": "11272963", "totalRevenue": "13265737", "costOfRevenue": "1992774", "costofGoodsAndServicesSold": "1992774", "operatingIncome": "4580811", "sellingGeneralAndAdministrative": "3978251", "researchAndDevelopment": "0", "operatingExpenses": "6692152", "investmentIncomeNet": "None", "netInterestIncome": "None", "interestIncome": "None", "interestExpense": "1071261", "nonInterestIncome": "None", "otherNonOperatingIncome": "None", "depreciation": "None", "depreciationAndAmortization": "380877", "incomeBeforeTax": "4580811", "incomeTaxExpense": "1216000", "interestAndDebtExpense": "None", "netIncomeFromContinuingOperations": "3364810", "comprehensiveIncomeNetOfTax": "None", "ebit": "4580811", "ebitda": "4961688", "netIncome": "3364810"}, {"fiscalDateEnding": "2015-03-31", "reportedCurrency": "USD", "grossProfit": "11134186", "totalRevenue": "12312045", "costOfRevenue": "1177859", "costofGoodsAndServicesSold": "1177859", "operatingIncome": "4995329", "sellingGeneralAndAdministrative": "3907930", "researchAndDevelopment": "0", "operatingExpenses": "6138857", "investmentIncomeNet": "None", "netInterestIncome": "None", "interestIncome": "None", "interestExpense": "1100559", "nonInterestIncome": "None", "otherNonOperatingIncome": "None", "depreciation": "None", "depreciationAndAmortization": "373303", "incomeBeforeTax": "4995329", "incomeTaxExpense": "1360400", "interestAndDebtExpense": "None", "netIncomeFromContinuingOperations": "3634929", "comprehensiveIncomeNetOfTax": "None", "ebit": "4995329", "ebitda": "5368632", "netIncome": "3634929"}, {"fiscalDateEnding": "2014-12-31", "reportedCurrency": "USD", "grossProfit": "12133632", "totalRevenue": "13524273", "costOfRevenue": "1390641", "costofGoodsAndServicesSold": "1390641", "operatingIncome": "4162172", "sellingGeneralAndAdministrative": "4050159", "researchAndDevelopment": "0", "operatingExpenses": "7971460", "investmentIncomeNet": "None", "netInterestIncome": "None", "interestIncome": "None", "interestExpense": "1091521", "nonInterestIncome": "None", "otherNonOperatingIncome": "None", "depreciation": "None", "depreciationAndAmortization": "400926", "incomeBeforeTax": "4162172", "incomeTaxExpense": "1023465", "interestAndDebtExpense": "None", "netIncomeFromContinuingOperations": "3138707", "comprehensiveIncomeNetOfTax": "None", "ebit": "4162172", "ebitda": "4563098", "netIncome": "3138707"}, {"fiscalDateEnding": "2014-09-30", "reportedCurrency": "USD", "grossProfit": "10791164", "totalRevenue": "11948841", "costOfRevenue": "1157677", "costofGoodsAndServicesSold": "1157677", "operatingIncome": "5124742", "sellingGeneralAndAdministrative": "3677910", "researchAndDevelopment": "0", "operatingExpenses": "5666422", "investmentIncomeNet": "None", "netInterestIncome": "None", "interestIncome": "None", "interestExpense": "1102532", "nonInterestIncome": "None", "otherNonOperatingIncome": "None", "depreciation": "None", "depreciationAndAmortization": "305522", "incomeBeforeTax": "5124742", "incomeTaxExpense": "1393256", "interestAndDebtExpense": "None", "netIncomeFromContinuingOperations": "3731486", "comprehensiveIncomeNetOfTax": "None", "ebit": "5124742", "ebitda": "5430264", "netIncome": "3731486"}, {"fiscalDateEnding": "2014-06-30", "reportedCurrency": "USD", "grossProfit": "10692398", "totalRevenue": "11894594", "costOfRevenue": "1202196", "costofGoodsAndServicesSold": "1202196", "operatingIncome": "5268576", "sellingGeneralAndAdministrative": "3594088", "researchAndDevelopment": "0", "operatingExpenses": "5423822", "investmentIncomeNet": "None", "netInterestIncome": "None", "interestIncome": "None", "interestExpense": "1166552", "nonInterestIncome": "None", "otherNonOperatingIncome": "None", "depreciation": "None", "depreciationAndAmortization": "249926", "incomeBeforeTax": "5268576", "incomeTaxExpense": "1413653", "interestAndDebtExpense": "None", "netIncomeFromContinuingOperations": "3854923", "comprehensiveIncomeNetOfTax": "None", "ebit": "5268576", "ebitda": "5518502", "netIncome": "3854923"}, {"fiscalDateEnding": "2014-03-31", "reportedCurrency": "USD", "grossProfit": "10383414", "totalRevenue": "11609141", "costOfRevenue": "1225727", "costofGoodsAndServicesSold": "1225727", "operatingIncome": "6311236", "sellingGeneralAndAdministrative": "3453796", "researchAndDevelopment": "0", "operatingExpenses": "4072178", "investmentIncomeNet": "None", "netInterestIncome": "None", "interestIncome": "None", "interestExpense": "1186496", "nonInterestIncome": "None", "otherNonOperatingIncome": "None", "depreciation": "None", "depreciationAndAmortization": "253359", "incomeBeforeTax": "6311236", "incomeTaxExpense": "1785145", "interestAndDebtExpense": "None", "netIncomeFromContinuingOperations": "4526091", "comprehensiveIncomeNetOfTax": "None", "ebit": "6311236", "ebitda": "6564595", "netIncome": "4526091"}, {"fiscalDateEnding": "2013-12-31", "reportedCurrency": "USD", "grossProfit": "10001925", "totalRevenue": "11871490", "costOfRevenue": "1869565", "costofGoodsAndServicesSold": "1869565", "operatingIncome": "4510841", "sellingGeneralAndAdministrative": "3549898", "researchAndDevelopment": "0", "operatingExpenses": "5491084", "investmentIncomeNet": "None", "netInterestIncome": "None", "interestIncome": "None", "interestExpense": "1249137", "nonInterestIncome": "None", "otherNonOperatingIncome": "None", "depreciation": "None", "depreciationAndAmortization": "274737", "incomeBeforeTax": "4510841", "incomeTaxExpense": "1133894", "interestAndDebtExpense": "None", "netIncomeFromContinuingOperations": "3376947", "comprehensiveIncomeNetOfTax": "None", "ebit": "4510841", "ebitda": "4785578", "netIncome": "3376947"}, {"fiscalDateEnding": "2013-09-30", "reportedCurrency": "USD", "grossProfit": "10238486", "totalRevenue": "11570209", "costOfRevenue": "1331723", "costofGoodsAndServicesSold": "1331723", "operatingIncome": "5007983", "sellingGeneralAndAdministrative": "3462638", "researchAndDevelopment": "0", "operatingExpenses": "5230503", "investmentIncomeNet": "None", "netInterestIncome": "None", "interestIncome": "None", "interestExpense": "1239335", "nonInterestIncome": "None", "otherNonOperatingIncome": "None", "depreciation": "None", "depreciationAndAmortization": "272401", "incomeBeforeTax": "5007983", "incomeTaxExpense": "1295916", "interestAndDebtExpense": "None", "netIncomeFromContinuingOperations": "3712067", "comprehensiveIncomeNetOfTax": "None", "ebit": "5007983", "ebitda": "5280384", "netIncome": "3712067"}, {"fiscalDateEnding": "2013-06-30", "reportedCurrency": "USD", "grossProfit": "10135743", "totalRevenue": "11490283", "costOfRevenue": "1354540", "costofGoodsAndServicesSold": "1354540", "operatingIncome": "4297554", "sellingGeneralAndAdministrative": "3403757", "researchAndDevelopment": "0", "operatingExpenses": "5838189", "investmentIncomeNet": "None", "netInterestIncome": "None", "interestIncome": "None", "interestExpense": "1294540", "nonInterestIncome": "None", "otherNonOperatingIncome": "None", "depreciation": "None", "depreciationAndAmortization": "260076", "incomeBeforeTax": "4297554", "incomeTaxExpense": "1018858", "interestAndDebtExpense": "None", "netIncomeFromContinuingOperations": "3278696", "comprehensiveIncomeNetOfTax": "None", "ebit": "4297554", "ebitda": "4557630", "netIncome": "3278696"}, {"fiscalDateEnding": "2013-03-31", "reportedCurrency": "USD", "grossProfit": "9914284", "totalRevenue": "11219609", "costOfRevenue": "1305325", "costofGoodsAndServicesSold": "1305325", "operatingIncome": "4795188", "sellingGeneralAndAdministrative": "3376390", "researchAndDevelopment": "0", "operatingExpenses": "5119096", "investmentIncomeNet": "None", "netInterestIncome": "None", "interestIncome": "None", "interestExpense": "1291751", "nonInterestIncome": "None", "otherNonOperatingIncome": "None", "depreciation": "None", "depreciationAndAmortization": "264201", "incomeBeforeTax": "4795188", "incomeTaxExpense": "1209254", "interestAndDebtExpense": "None", "netIncomeFromContinuingOperations": "3585934", "comprehensiveIncomeNetOfTax": "None", "ebit": "4795188", "ebitda": "5059389", "netIncome": "3585934"}, {"fiscalDateEnding": "2012-12-31", "reportedCurrency": "USD", "grossProfit": "10037659", "totalRevenue": "11268631", "costOfRevenue": "1230972", "costofGoodsAndServicesSold": "1230972", "operatingIncome": "4610976", "sellingGeneralAndAdministrative": "1726006", "researchAndDevelopment": "0", "operatingExpenses": "5426683", "investmentIncomeNet": "None", "netInterestIncome": "None", "interestIncome": "None", "interestExpense": "1360064", "nonInterestIncome": "None", "otherNonOperatingIncome": "None", "depreciation": "None", "depreciationAndAmortization": "293533", "incomeBeforeTax": "4610976", "incomeTaxExpense": "1142237", "interestAndDebtExpense": "None", "netIncomeFromContinuingOperations": "3468739", "comprehensiveIncomeNetOfTax": "None", "ebit": "4610976", "ebitda": "4904509", "netIncome": "3468739"}, {"fiscalDateEnding": "2012-09-30", "reportedCurrency": "USD", "grossProfit": "10269273", "totalRevenue": "11725196", "costOfRevenue": "1455923", "costofGoodsAndServicesSold": "1455923", "operatingIncome": "5226714", "sellingGeneralAndAdministrative": "3271141", "researchAndDevelopment": "0", "operatingExpenses": "5042559", "investmentIncomeNet": "None", "netInterestIncome": "None", "interestIncome": "None", "interestExpense": "1420259", "nonInterestIncome": "None", "otherNonOperatingIncome": "None", "depreciation": "None", "depreciationAndAmortization": "278709", "incomeBeforeTax": "5226714", "incomeTaxExpense": "1365719", "interestAndDebtExpense": "None", "netIncomeFromContinuingOperations": "3860995", "comprehensiveIncomeNetOfTax": "None", "ebit": "5226714", "ebitda": "5505423", "netIncome": "3860995"}, {"fiscalDateEnding": "2012-06-30", "reportedCurrency": "USD", "grossProfit": "9864124", "totalRevenue": "11401338", "costOfRevenue": "1537214", "costofGoodsAndServicesSold": "1537214", "operatingIncome": "4369196", "sellingGeneralAndAdministrative": "3364943", "researchAndDevelopment": "0", "operatingExpenses": "5494928", "investmentIncomeNet": "None", "netInterestIncome": "None", "interestIncome": "None", "interestExpense": "1472802", "nonInterestIncome": "None", "otherNonOperatingIncome": "None", "depreciation": "None", "depreciationAndAmortization": "237667", "incomeBeforeTax": "4369196", "incomeTaxExpense": "1059780", "interestAndDebtExpense": "None", "netIncomeFromContinuingOperations": "3309416", "comprehensiveIncomeNetOfTax": "None", "ebit": "4369196", "ebitda": "4606863", "netIncome": "3309416"}, {"fiscalDateEnding": "2012-03-31", "reportedCurrency": "USD", "grossProfit": "9561848", "totalRevenue": "11111957", "costOfRevenue": "1550109", "costofGoodsAndServicesSold": "1550109", "operatingIncome": "4723065", "sellingGeneralAndAdministrative": "3135080", "researchAndDevelopment": "0", "operatingExpenses": "4838783", "investmentIncomeNet": "None", "netInterestIncome": "None", "interestIncome": "None", "interestExpense": "1498816", "nonInterestIncome": "None", "otherNonOperatingIncome": "None", "depreciation": "None", "depreciationAndAmortization": "174664", "incomeBeforeTax": "4723065", "incomeTaxExpense": "1179907", "interestAndDebtExpense": "None", "netIncomeFromContinuingOperations": "3543158", "comprehensiveIncomeNetOfTax": "None", "ebit": "4723065", "ebitda": "4897729", "netIncome": "3543158"}, {"fiscalDateEnding": "2011-12-31", "reportedCurrency": "USD", "grossProfit": "9148321", "totalRevenue": "10838312", "costOfRevenue": "1689991", "costofGoodsAndServicesSold": "1689991", "operatingIncome": "4658628", "sellingGeneralAndAdministrative": "3628832", "researchAndDevelopment": "0", "operatingExpenses": "4489693", "investmentIncomeNet": "None", "netInterestIncome": "None", "interestIncome": "None", "interestExpense": "1566722", "nonInterestIncome": "None", "otherNonOperatingIncome": "None", "depreciation": "None", "depreciationAndAmortization": "1568933", "incomeBeforeTax": "4658628", "incomeTaxExpense": "1043588", "interestAndDebtExpense": "None", "netIncomeFromContinuingOperations": "0", "comprehensiveIncomeNetOfTax": "None", "ebit": "4658628", "ebitda": "6227561", "netIncome": "3615040"}, {"fiscalDateEnding": "2011-09-30", "reportedCurrency": "USD", "grossProfit": "9766679", "totalRevenue": "11448405", "costOfRevenue": "1681726", "costofGoodsAndServicesSold": "1681726", "operatingIncome": "4894756", "sellingGeneralAndAdministrative": "3599252", "researchAndDevelopment": "0", "operatingExpenses": "4871923", "investmentIncomeNet": "None", "netInterestIncome": "None", "interestIncome": "None", "interestExpense": "1676822", "nonInterestIncome": "None", "otherNonOperatingIncome": "None", "depreciation": "None", "depreciationAndAmortization": "-2240412", "incomeBeforeTax": "4894756", "incomeTaxExpense": "1304882", "interestAndDebtExpense": "None", "netIncomeFromContinuingOperations": "3589874", "comprehensiveIncomeNetOfTax": "None", "ebit": "4894756", "ebitda": "2654344", "netIncome": "3589874"}, {"fiscalDateEnding": "2011-06-30", "reportedCurrency": "USD", "grossProfit": "9043243", "totalRevenue": "11184999", "costOfRevenue": "2141756", "costofGoodsAndServicesSold": "2141756", "operatingIncome": "4281873", "sellingGeneralAndAdministrative": "3642105", "researchAndDevelopment": "0", "operatingExpenses": "4761370", "investmentIncomeNet": "None", "netInterestIncome": "None", "interestIncome": "None", "interestExpense": "1736968", "nonInterestIncome": "None", "otherNonOperatingIncome": "None", "depreciation": "None", "depreciationAndAmortization": "1389019", "incomeBeforeTax": "4281873", "incomeTaxExpense": "1038501", "interestAndDebtExpense": "None", "netIncomeFromContinuingOperations": "3243372", "comprehensiveIncomeNetOfTax": "None", "ebit": "4281873", "ebitda": "5670892", "netIncome": "3243372"}, {"fiscalDateEnding": "2011-03-31", "reportedCurrency": "USD", "grossProfit": "9215779", "totalRevenue": "10965332", "costOfRevenue": "1749553", "costofGoodsAndServicesSold": "1749553", "operatingIncome": "4635830", "sellingGeneralAndAdministrative": "3485065", "researchAndDevelopment": "0", "operatingExpenses": "4579949", "investmentIncomeNet": "None", "netInterestIncome": "None", "interestIncome": "None", "interestExpense": "1749553", "nonInterestIncome": "None", "otherNonOperatingIncome": "None", "depreciation": "None", "depreciationAndAmortization": "1408870", "incomeBeforeTax": "4635830", "incomeTaxExpense": "1163309", "interestAndDebtExpense": "None", "netIncomeFromContinuingOperations": "0", "comprehensiveIncomeNetOfTax": "None", "ebit": "4635830", "ebitda": "6044700", "netIncome": "3472521"}, {"fiscalDateEnding": "2010-12-31", "reportedCurrency": "USD", "grossProfit": "8693148", "totalRevenue": "10624689", "costOfRevenue": "1931541", "costofGoodsAndServicesSold": "1931541", "operatingIncome": "4041458", "sellingGeneralAndAdministrative": "3559349", "researchAndDevelopment": "0", "operatingExpenses": "4651690", "investmentIncomeNet": "None", "netInterestIncome": "None", "interestIncome": "None", "interestExpense": "1836154", "nonInterestIncome": "None", "otherNonOperatingIncome": "None", "depreciation": "None", "depreciationAndAmortization": "1191655", "incomeBeforeTax": "4041458", "incomeTaxExpense": "1022101", "interestAndDebtExpense": "None", "netIncomeFromContinuingOperations": "0", "comprehensiveIncomeNetOfTax": "None", "ebit": "4041458", "ebitda": "5233113", "netIncome": "3019357"}, {"fiscalDateEnding": "2010-09-30", "reportedCurrency": "USD", "grossProfit": "9282693", "totalRevenue": "11264401", "costOfRevenue": "1981708", "costofGoodsAndServicesSold": "1981708", "operatingIncome": "4777890", "sellingGeneralAndAdministrative": "3443316", "researchAndDevelopment": "0", "operatingExpenses": "4504803", "investmentIncomeNet": "None", "netInterestIncome": "None", "interestIncome": "None", "interestExpense": "1907511", "nonInterestIncome": "None", "otherNonOperatingIncome": "None", "depreciation": "None", "depreciationAndAmortization": "990598", "incomeBeforeTax": "4777890", "incomeTaxExpense": "1226579", "interestAndDebtExpense": "None", "netIncomeFromContinuingOperations": "0", "comprehensiveIncomeNetOfTax": "None", "ebit": "4777890", "ebitda": "5768488", "netIncome": "3551311"}, {"fiscalDateEnding": "2010-06-30", "reportedCurrency": "USD", "grossProfit": "8828416", "totalRevenue": "10964746", "costOfRevenue": "2136330", "costofGoodsAndServicesSold": "2136330", "operatingIncome": "4192767", "sellingGeneralAndAdministrative": "3479335", "researchAndDevelopment": "0", "operatingExpenses": "4635649", "investmentIncomeNet": "None", "netInterestIncome": "None", "interestIncome": "None", "interestExpense": "1965914", "nonInterestIncome": "None", "otherNonOperatingIncome": "None", "depreciation": "None", "depreciationAndAmortization": "953092", "incomeBeforeTax": "4192767", "incomeTaxExpense": "1066761", "interestAndDebtExpense": "None", "netIncomeFromContinuingOperations": "0", "comprehensiveIncomeNetOfTax": "None", "ebit": "4192767", "ebitda": "5145859", "netIncome": "3126006"}, {"fiscalDateEnding": "2010-03-31", "reportedCurrency": "USD", "grossProfit": "8991150", "totalRevenue": "11380460", "costOfRevenue": "2389310", "costofGoodsAndServicesSold": "2389310", "operatingIncome": "4458211", "sellingGeneralAndAdministrative": "3362360", "researchAndDevelopment": "0", "operatingExpenses": "4532939", "investmentIncomeNet": "None", "netInterestIncome": "None", "interestIncome": "None", "interestExpense": "2065512", "nonInterestIncome": "None", "otherNonOperatingIncome": "None", "depreciation": "None", "depreciationAndAmortization": "818231", "incomeBeforeTax": "4458211", "incomeTaxExpense": "1188611", "interestAndDebtExpense": "None", "netIncomeFromContinuingOperations": "0", "comprehensiveIncomeNetOfTax": "None", "ebit": "4458211", "ebitda": "5276442", "netIncome": "3269600"}, {"fiscalDateEnding": "2009-12-31", "reportedCurrency": "USD", "grossProfit": "8639906", "totalRevenue": "11243887", "costOfRevenue": "2603981", "costofGoodsAndServicesSold": "2603981", "operatingIncome": "1789519", "sellingGeneralAndAdministrative": "9366338", "researchAndDevelopment": "0", "operatingExpenses": "6850387", "investmentIncomeNet": "None", "netInterestIncome": "None", "interestIncome": "None", "interestExpense": "2237169", "nonInterestIncome": "None", "otherNonOperatingIncome": "None", "depreciation": "None", "depreciationAndAmortization": "230003", "incomeBeforeTax": "1789519", "incomeTaxExpense": "207345", "interestAndDebtExpense": "None", "netIncomeFromContinuingOperations": "0", "comprehensiveIncomeNetOfTax": "None", "ebit": "1789519", "ebitda": "2019522", "netIncome": "1582174"}, {"fiscalDateEnding": "2009-09-30", "reportedCurrency": "USD", "grossProfit": "8838592", "totalRevenue": "11893344", "costOfRevenue": "3054752", "costofGoodsAndServicesSold": "3054752", "operatingIncome": "3320188", "sellingGeneralAndAdministrative": "4472043", "researchAndDevelopment": "0", "operatingExpenses": "5518404", "investmentIncomeNet": "None", "netInterestIncome": "None", "interestIncome": "None", "interestExpense": "2419581", "nonInterestIncome": "None", "otherNonOperatingIncome": "None", "depreciation": "None", "depreciationAndAmortization": "489677", "incomeBeforeTax": "3320188", "incomeTaxExpense": "746621", "interestAndDebtExpense": "None", "netIncomeFromContinuingOperations": "0", "comprehensiveIncomeNetOfTax": "None", "ebit": "3320188", "ebitda": "3809865", "netIncome": "2573567"}, {"fiscalDateEnding": "2009-06-30", "reportedCurrency": "USD", "grossProfit": "8568574", "totalRevenue": "11554892", "costOfRevenue": "2986318", "costofGoodsAndServicesSold": "2986318", "operatingIncome": "3031430", "sellingGeneralAndAdministrative": "3972577", "researchAndDevelopment": "0", "operatingExpenses": "5537144", "investmentIncomeNet": "None", "netInterestIncome": "None", "interestIncome": "None", "interestExpense": "2659648", "nonInterestIncome": "None", "otherNonOperatingIncome": "None", "depreciation": "None", "depreciationAndAmortization": "409504", "incomeBeforeTax": "3031430", "incomeTaxExpense": "622525", "interestAndDebtExpense": "None", "netIncomeFromContinuingOperations": "0", "comprehensiveIncomeNetOfTax": "None", "ebit": "3031430", "ebitda": "3440934", "netIncome": "2408905"}, {"fiscalDateEnding": "2009-03-31", "reportedCurrency": "USD", "grossProfit": "8006537", "totalRevenue": "11146105", "costOfRevenue": "3139568", "costofGoodsAndServicesSold": "3139568", "operatingIncome": "3157456", "sellingGeneralAndAdministrative": "3252238", "researchAndDevelopment": "0", "operatingExpenses": "4849081", "investmentIncomeNet": "None", "netInterestIncome": "None", "interestIncome": "None", "interestExpense": "2909914", "nonInterestIncome": "None", "otherNonOperatingIncome": "None", "depreciation": "None", "depreciationAndAmortization": "207857", "incomeBeforeTax": "3157456", "incomeTaxExpense": "716316", "interestAndDebtExpense": "None", "netIncomeFromContinuingOperations": "0", "comprehensiveIncomeNetOfTax": "None", "ebit": "3157456", "ebitda": "3365313", "netIncome": "2441140"}, {"fiscalDateEnding": "2008-12-31", "reportedCurrency": "USD", "grossProfit": "18904058", "totalRevenue": "22564952", "costOfRevenue": "3660894", "costofGoodsAndServicesSold": "3660894", "operatingIncome": "2115099", "sellingGeneralAndAdministrative": "2844180", "researchAndDevelopment": "0", "operatingExpenses": "16788959", "investmentIncomeNet": "None", "netInterestIncome": "None", "interestIncome": "None", "interestExpense": "3350317", "nonInterestIncome": "None", "otherNonOperatingIncome": "None", "depreciation": "None", "depreciationAndAmortization": "79290", "incomeBeforeTax": "2115099", "incomeTaxExpense": "537838", "interestAndDebtExpense": "None", "netIncomeFromContinuingOperations": "0", "comprehensiveIncomeNetOfTax": "None", "ebit": "2115099", "ebitda": "2194389", "netIncome": "1577261"}, {"fiscalDateEnding": "2008-09-30", "reportedCurrency": "USD", "grossProfit": "3146683", "totalRevenue": "7067329", "costOfRevenue": "3920646", "costofGoodsAndServicesSold": "3920646", "operatingIncome": "-1187077", "sellingGeneralAndAdministrative": "2647502", "researchAndDevelopment": "0", "operatingExpenses": "4333760", "investmentIncomeNet": "None", "netInterestIncome": "None", "interestIncome": "None", "interestExpense": "3847132", "nonInterestIncome": "None", "otherNonOperatingIncome": "None", "depreciation": "None", "depreciationAndAmortization": "379227", "incomeBeforeTax": "-1187077", "incomeTaxExpense": "-1193983", "interestAndDebtExpense": "None", "netIncomeFromContinuingOperations": "0", "comprehensiveIncomeNetOfTax": "None", "ebit": "-1187077", "ebitda": "-807850", "netIncome": "6906"}, {"fiscalDateEnding": "2008-06-30", "reportedCurrency": "USD", "grossProfit": "6521325", "totalRevenue": "11521370", "costOfRevenue": "5000045", "costofGoodsAndServicesSold": "5000045", "operatingIncome": "2254098", "sellingGeneralAndAdministrative": "2501007", "researchAndDevelopment": "0", "operatingExpenses": "4267227", "investmentIncomeNet": "None", "netInterestIncome": "None", "interestIncome": "None", "interestExpense": "4181050", "nonInterestIncome": "None", "otherNonOperatingIncome": "None", "depreciation": "None", "depreciationAndAmortization": "245141", "incomeBeforeTax": "2254098", "incomeTaxExpense": "386897", "interestAndDebtExpense": "None", "netIncomeFromContinuingOperations": "0", "comprehensiveIncomeNetOfTax": "None", "ebit": "2254098", "ebitda": "2499239", "netIncome": "1867201"}, {"fiscalDateEnding": "2008-03-31", "reportedCurrency": "USD", "grossProfit": "8273585", "totalRevenue": "13406477", "costOfRevenue": "5132892", "costofGoodsAndServicesSold": "5132892", "operatingIncome": "4014890", "sellingGeneralAndAdministrative": "2579908", "researchAndDevelopment": "0", "operatingExpenses": "4258695", "investmentIncomeNet": "None", "netInterestIncome": "None", "interestIncome": "None", "interestExpense": "5023193", "nonInterestIncome": "None", "otherNonOperatingIncome": "None", "depreciation": "None", "depreciationAndAmortization": "207997", "incomeBeforeTax": "4014890", "incomeTaxExpense": "1114262", "interestAndDebtExpense": "None", "netIncomeFromContinuingOperations": "0", "comprehensiveIncomeNetOfTax": "None", "ebit": "4014890", "ebitda": "4222887", "netIncome": "2900628"}, {"fiscalDateEnding": "2007-12-31", "reportedCurrency": "USD", "grossProfit": "7857036", "totalRevenue": "13564743", "costOfRevenue": "5707707", "costofGoodsAndServicesSold": "5707707", "operatingIncome": "3613462", "sellingGeneralAndAdministrative": "2498133", "researchAndDevelopment": "0", "operatingExpenses": "4243574", "investmentIncomeNet": "None", "netInterestIncome": "None", "interestIncome": "None", "interestExpense": "5691280", "nonInterestIncome": "None", "otherNonOperatingIncome": "None", "depreciation": "None", "depreciationAndAmortization": "215990", "incomeBeforeTax": "3613462", "incomeTaxExpense": "891343", "interestAndDebtExpense": "None", "netIncomeFromContinuingOperations": "0", "comprehensiveIncomeNetOfTax": "None", "ebit": "3613462", "ebitda": "3829452", "netIncome": "2722119"}, {"fiscalDateEnding": "2007-09-30", "reportedCurrency": "USD", "grossProfit": "8233307", "totalRevenue": "13991225", "costOfRevenue": "5757918", "costofGoodsAndServicesSold": "5757918", "operatingIncome": "3928119", "sellingGeneralAndAdministrative": "2480547", "researchAndDevelopment": "0", "operatingExpenses": "4305188", "investmentIncomeNet": "None", "netInterestIncome": "None", "interestIncome": "None", "interestExpense": "6022049", "nonInterestIncome": "None", "otherNonOperatingIncome": "None", "depreciation": "None", "depreciationAndAmortization": "228135", "incomeBeforeTax": "3928119", "incomeTaxExpense": "989580", "interestAndDebtExpense": "None", "netIncomeFromContinuingOperations": "0", "comprehensiveIncomeNetOfTax": "None", "ebit": "3928119", "ebitda": "4156254", "netIncome": "2938539"}, {"fiscalDateEnding": "2007-06-30", "reportedCurrency": "USD", "grossProfit": "7890647", "totalRevenue": "14040958", "costOfRevenue": "6150311", "costofGoodsAndServicesSold": "6150311", "operatingIncome": "3738111", "sellingGeneralAndAdministrative": "2563314", "researchAndDevelopment": "0", "operatingExpenses": "4152536", "investmentIncomeNet": "None", "netInterestIncome": "None", "interestIncome": "None", "interestExpense": "6006434", "nonInterestIncome": "None", "otherNonOperatingIncome": "None", "depreciation": "None", "depreciationAndAmortization": "228765", "incomeBeforeTax": "3738111", "incomeTaxExpense": "910680", "interestAndDebtExpense": "None", "netIncomeFromContinuingOperations": "0", "comprehensiveIncomeNetOfTax": "None", "ebit": "3738111", "ebitda": "3966876", "netIncome": "2827431"}, {"fiscalDateEnding": "2007-03-31", "reportedCurrency": "USD", "grossProfit": "7346408", "totalRevenue": "13173501", "costOfRevenue": "5827093", "costofGoodsAndServicesSold": "5827093", "operatingIncome": "3271459", "sellingGeneralAndAdministrative": "2499953", "researchAndDevelopment": "0", "operatingExpenses": "4074949", "investmentIncomeNet": "None", "netInterestIncome": "None", "interestIncome": "None", "interestExpense": "5817365", "nonInterestIncome": "None", "otherNonOperatingIncome": "None", "depreciation": "None", "depreciationAndAmortization": "169441", "incomeBeforeTax": "3271459", "incomeTaxExpense": "750445", "interestAndDebtExpense": "None", "netIncomeFromContinuingOperations": "0", "comprehensiveIncomeNetOfTax": "None", "ebit": "3271459", "ebitda": "3440900", "netIncome": "2521014"}, {"fiscalDateEnding": "2006-12-31", "reportedCurrency": "USD", "grossProfit": "7297604", "totalRevenue": "13034857", "costOfRevenue": "5737253", "costofGoodsAndServicesSold": "5737253", "operatingIncome": "3462550", "sellingGeneralAndAdministrative": "2279647", "researchAndDevelopment": "0", "operatingExpenses": "3835054", "investmentIncomeNet": "None", "netInterestIncome": "None", "interestIncome": "None", "interestExpense": "5692568", "nonInterestIncome": "None", "otherNonOperatingIncome": "None", "depreciation": "None", "depreciationAndAmortization": "250932", "incomeBeforeTax": "3462550", "incomeTaxExpense": "741690", "interestAndDebtExpense": "None", "netIncomeFromContinuingOperations": "0", "comprehensiveIncomeNetOfTax": "None", "ebit": "3462550", "ebitda": "3713482", "netIncome": "2720860"}, {"fiscalDateEnding": "2006-09-30", "reportedCurrency": "USD", "grossProfit": "7181984", "totalRevenue": "12836318", "costOfRevenue": "5654334", "costofGoodsAndServicesSold": "5654334", "operatingIncome": "3365571", "sellingGeneralAndAdministrative": "2341368", "researchAndDevelopment": "0", "operatingExpenses": "3816413", "investmentIncomeNet": "None", "netInterestIncome": "None", "interestIncome": "None", "interestExpense": "5608475", "nonInterestIncome": "None", "otherNonOperatingIncome": "None", "depreciation": "None", "depreciationAndAmortization": "261300", "incomeBeforeTax": "3365571", "incomeTaxExpense": "820000", "interestAndDebtExpense": "None", "netIncomeFromContinuingOperations": "0", "comprehensiveIncomeNetOfTax": "None", "ebit": "3365571", "ebitda": "3626871", "netIncome": "2545572"}, {"fiscalDateEnding": "2006-06-30", "reportedCurrency": "USD", "grossProfit": "7653368", "totalRevenue": "12576196", "costOfRevenue": "4922828", "costofGoodsAndServicesSold": "4922828", "operatingIncome": "3695871", "sellingGeneralAndAdministrative": "2372072", "researchAndDevelopment": "0", "operatingExpenses": "3957497", "investmentIncomeNet": "None", "netInterestIncome": "None", "interestIncome": "None", "interestExpense": "5225682", "nonInterestIncome": "None", "otherNonOperatingIncome": "None", "depreciation": "None", "depreciationAndAmortization": "301184", "incomeBeforeTax": "3695871", "incomeTaxExpense": "931053", "interestAndDebtExpense": "None", "netIncomeFromContinuingOperations": "0", "comprehensiveIncomeNetOfTax": "None", "ebit": "3695871", "ebitda": "3997055", "netIncome": "2764818"}, {"fiscalDateEnding": "2006-03-31", "reportedCurrency": "USD", "grossProfit": "7713926", "totalRevenue": "12522353", "costOfRevenue": "4808427", "costofGoodsAndServicesSold": "4808427", "operatingIncome": "3819029", "sellingGeneralAndAdministrative": "2415206", "researchAndDevelopment": "0", "operatingExpenses": "3894897", "investmentIncomeNet": "None", "netInterestIncome": "None", "interestIncome": "None", "interestExpense": "4778803", "nonInterestIncome": "None", "otherNonOperatingIncome": "None", "depreciation": "None", "depreciationAndAmortization": "291545", "incomeBeforeTax": "3819029", "incomeTaxExpense": "906661", "interestAndDebtExpense": "None", "netIncomeFromContinuingOperations": "0", "comprehensiveIncomeNetOfTax": "None", "ebit": "3819029", "ebitda": "4110574", "netIncome": "2912368"}, {"fiscalDateEnding": "2005-12-31", "reportedCurrency": "USD", "grossProfit": "7347672", "totalRevenue": "11979330", "costOfRevenue": "4631658", "costofGoodsAndServicesSold": "4631658", "operatingIncome": "3582044", "sellingGeneralAndAdministrative": "2143307", "researchAndDevelopment": "0", "operatingExpenses": "3765628", "investmentIncomeNet": "None", "netInterestIncome": "None", "interestIncome": "None", "interestExpense": "4547414", "nonInterestIncome": "None", "otherNonOperatingIncome": "None", "depreciation": "None", "depreciationAndAmortization": "329257", "incomeBeforeTax": "3582044", "incomeTaxExpense": "873121", "interestAndDebtExpense": "None", "netIncomeFromContinuingOperations": "0", "comprehensiveIncomeNetOfTax": "None", "ebit": "3582044", "ebitda": "3911301", "netIncome": "2708923"}]}