{"symbol": "AERT", "annualReports": [{"fiscalDateEnding": "2025-03-31", "reportedCurrency": "USD", "grossProfit": "16720000", "totalRevenue": "70198000", "costOfRevenue": "53478000", "costofGoodsAndServicesSold": "53478000", "operatingIncome": "-28770000", "sellingGeneralAndAdministrative": "45490000", "researchAndDevelopment": "None", "operatingExpenses": "45490000", "investmentIncomeNet": "None", "netInterestIncome": "-425000", "interestIncome": "326000", "interestExpense": "751000", "nonInterestIncome": "None", "otherNonOperatingIncome": "None", "depreciation": "None", "depreciationAndAmortization": "1384000", "incomeBeforeTax": "-22667000", "incomeTaxExpense": "-1072000", "interestAndDebtExpense": "None", "netIncomeFromContinuingOperations": "-21595000", "comprehensiveIncomeNetOfTax": "None", "ebit": "-21916000", "ebitda": "-20532000", "netIncome": "-19714000"}, {"fiscalDateEnding": "2024-03-31", "reportedCurrency": "USD", "grossProfit": "21641000", "totalRevenue": "72509000", "costOfRevenue": "50868000", "costofGoodsAndServicesSold": "50868000", "operatingIncome": "2987000", "sellingGeneralAndAdministrative": "18654000", "researchAndDevelopment": "None", "operatingExpenses": "18654000", "investmentIncomeNet": "None", "netInterestIncome": "-187000", "interestIncome": "275000", "interestExpense": "462000", "nonInterestIncome": "None", "otherNonOperatingIncome": "None", "depreciation": "None", "depreciationAndAmortization": "1750000", "incomeBeforeTax": "19127000", "incomeTaxExpense": "1871000", "interestAndDebtExpense": "None", "netIncomeFromContinuingOperations": "17256000", "comprehensiveIncomeNetOfTax": "None", "ebit": "19589000", "ebitda": "21339000", "netIncome": "15657000"}, {"fiscalDateEnding": "2023-03-31", "reportedCurrency": "USD", "grossProfit": "13657000", "totalRevenue": "53099000", "costOfRevenue": "39442000", "costofGoodsAndServicesSold": "39442000", "operatingIncome": "2331000", "sellingGeneralAndAdministrative": "11326000", "researchAndDevelopment": "None", "operatingExpenses": "11326000", "investmentIncomeNet": "None", "netInterestIncome": "6000", "interestIncome": "191000", "interestExpense": "185000", "nonInterestIncome": "None", "otherNonOperatingIncome": "None", "depreciation": "None", "depreciationAndAmortization": "1172000", "incomeBeforeTax": "2766000", "incomeTaxExpense": "1060000", "interestAndDebtExpense": "None", "netIncomeFromContinuingOperations": "1706000", "comprehensiveIncomeNetOfTax": "None", "ebit": "2951000", "ebitda": "4123000", "netIncome": "1446000"}, {"fiscalDateEnding": "2022-03-31", "reportedCurrency": "USD", "grossProfit": "12007000", "totalRevenue": "41014000", "costOfRevenue": "29007000", "costofGoodsAndServicesSold": "29007000", "operatingIncome": "6584000", "sellingGeneralAndAdministrative": "5423000", "researchAndDevelopment": "None", "operatingExpenses": "5423000", "investmentIncomeNet": "None", "netInterestIncome": "-160000", "interestIncome": "284000", "interestExpense": "444000", "nonInterestIncome": "None", "otherNonOperatingIncome": "None", "depreciation": "None", "depreciationAndAmortization": "1140000", "incomeBeforeTax": "6003000", "incomeTaxExpense": "1268000", "interestAndDebtExpense": "None", "netIncomeFromContinuingOperations": "4735000", "comprehensiveIncomeNetOfTax": "None", "ebit": "6447000", "ebitda": "7587000", "netIncome": "4032000"}], "quarterlyReports": [{"fiscalDateEnding": "2025-12-31", "reportedCurrency": "USD", "grossProfit": "3342000", "totalRevenue": "17460000", "costOfRevenue": "14118000", "costofGoodsAndServicesSold": "14118000", "operatingIncome": "772000", "sellingGeneralAndAdministrative": "2570000", "researchAndDevelopment": "None", "operatingExpenses": "2570000", "investmentIncomeNet": "None", "netInterestIncome": "10000", "interestIncome": "86000", "interestExpense": "76000", "nonInterestIncome": "None", "otherNonOperatingIncome": "None", "depreciation": "None", "depreciationAndAmortization": "None", "incomeBeforeTax": "1600000", "incomeTaxExpense": "-366000", "interestAndDebtExpense": "None", "netIncomeFromContinuingOperations": "1234000", "comprehensiveIncomeNetOfTax": "None", "ebit": "None", "ebitda": "772000", "netIncome": "1076000"}, {"fiscalDateEnding": "2025-09-30", "reportedCurrency": "USD", "grossProfit": "5022000", "totalRevenue": "17359000", "costOfRevenue": "12337000", "costofGoodsAndServicesSold": "12337000", "operatingIncome": "1985000", "sellingGeneralAndAdministrative": "3037000", "researchAndDevelopment": "None", "operatingExpenses": "3037000", "investmentIncomeNet": "None", "netInterestIncome": "-18000", "interestIncome": "76000", "interestExpense": "94000", "nonInterestIncome": "None", "otherNonOperatingIncome": "None", "depreciation": "None", "depreciationAndAmortization": "205000", "incomeBeforeTax": "1436000", "incomeTaxExpense": "-794000", "interestAndDebtExpense": "None", "netIncomeFromContinuingOperations": "642000", "comprehensiveIncomeNetOfTax": "None", "ebit": "1530000", "ebitda": "1735000", "netIncome": "2230000"}, {"fiscalDateEnding": "2025-06-30", "reportedCurrency": "USD", "grossProfit": "3778000", "totalRevenue": "15330000", "costOfRevenue": "11552000", "costofGoodsAndServicesSold": "11552000", "operatingIncome": "820000", "sellingGeneralAndAdministrative": "2958000", "researchAndDevelopment": "None", "operatingExpenses": "2958000", "investmentIncomeNet": "None", "netInterestIncome": "-98000", "interestIncome": "72000", "interestExpense": "170000", "nonInterestIncome": "None", "otherNonOperatingIncome": "None", "depreciation": "None", "depreciationAndAmortization": "205000", "incomeBeforeTax": "2007000", "incomeTaxExpense": "331000", "interestAndDebtExpense": "None", "netIncomeFromContinuingOperations": "1676000", "comprehensiveIncomeNetOfTax": "None", "ebit": "2177000", "ebitda": "2382000", "netIncome": "1512000"}, {"fiscalDateEnding": "2025-03-31", "reportedCurrency": "USD", "grossProfit": "5093000", "totalRevenue": "19051000", "costOfRevenue": "13958000", "costofGoodsAndServicesSold": "13958000", "operatingIncome": "-3098000", "sellingGeneralAndAdministrative": "8191000", "researchAndDevelopment": "None", "operatingExpenses": "22149000", "investmentIncomeNet": "None", "netInterestIncome": "-167000", "interestIncome": "76000", "interestExpense": "243000", "nonInterestIncome": "None", "otherNonOperatingIncome": "None", "depreciation": "None", "depreciationAndAmortization": "None", "incomeBeforeTax": "-4035000", "incomeTaxExpense": "None", "interestAndDebtExpense": "None", "netIncomeFromContinuingOperations": "-6020000", "comprehensiveIncomeNetOfTax": "None", "ebit": "None", "ebitda": "None", "netIncome": "-5756000"}, {"fiscalDateEnding": "2024-12-31", "reportedCurrency": "USD", "grossProfit": "4042000", "totalRevenue": "17607000", "costOfRevenue": "13565000", "costofGoodsAndServicesSold": "13565000", "operatingIncome": "-5157000", "sellingGeneralAndAdministrative": "9199000", "researchAndDevelopment": "None", "operatingExpenses": "9199000", "investmentIncomeNet": "None", "netInterestIncome": "-143000", "interestIncome": "83000", "interestExpense": "226000", "nonInterestIncome": "None", "otherNonOperatingIncome": "None", "depreciation": "None", "depreciationAndAmortization": "348000", "incomeBeforeTax": "608000", "incomeTaxExpense": "-1440000", "interestAndDebtExpense": "None", "netIncomeFromContinuingOperations": "2048000", "comprehensiveIncomeNetOfTax": "None", "ebit": "834000", "ebitda": "1182000", "netIncome": "3053000"}, {"fiscalDateEnding": "2024-09-30", "reportedCurrency": "USD", "grossProfit": "3575000", "totalRevenue": "16873000", "costOfRevenue": "13298000", "costofGoodsAndServicesSold": "13298000", "operatingIncome": "-4095000", "sellingGeneralAndAdministrative": "7670000", "researchAndDevelopment": "None", "operatingExpenses": "7670000", "investmentIncomeNet": "None", "netInterestIncome": "-47000", "interestIncome": "88000", "interestExpense": "135000", "nonInterestIncome": "None", "otherNonOperatingIncome": "None", "depreciation": "None", "depreciationAndAmortization": "371000", "incomeBeforeTax": "-2832000", "incomeTaxExpense": "-526000", "interestAndDebtExpense": "None", "netIncomeFromContinuingOperations": "-2306000", "comprehensiveIncomeNetOfTax": "None", "ebit": "-2697000", "ebitda": "-2326000", "netIncome": "-2190000"}, {"fiscalDateEnding": "2024-06-30", "reportedCurrency": "USD", "grossProfit": "6324000", "totalRevenue": "19704000", "costOfRevenue": "13380000", "costofGoodsAndServicesSold": "13380000", "operatingIncome": "-9000", "sellingGeneralAndAdministrative": "1597000", "researchAndDevelopment": "None", "operatingExpenses": "6333000", "investmentIncomeNet": "None", "netInterestIncome": "-68000", "interestIncome": "79000", "interestExpense": "148000", "nonInterestIncome": "None", "otherNonOperatingIncome": "None", "depreciation": "None", "depreciationAndAmortization": "746000", "incomeBeforeTax": "32553000", "incomeTaxExpense": "417000", "interestAndDebtExpense": "None", "netIncomeFromContinuingOperations": "-15317000", "comprehensiveIncomeNetOfTax": "None", "ebit": "32701000", "ebitda": "33447000", "netIncome": "30828000"}, {"fiscalDateEnding": "2024-03-31", "reportedCurrency": "USD", "grossProfit": "6324000", "totalRevenue": "19704000", "costOfRevenue": "13380000", "costofGoodsAndServicesSold": "13380000", "operatingIncome": "-9000", "sellingGeneralAndAdministrative": "6333000", "researchAndDevelopment": "None", "operatingExpenses": "19713000", "investmentIncomeNet": "None", "netInterestIncome": "-90000", "interestIncome": "58000", "interestExpense": "148000", "nonInterestIncome": "None", "otherNonOperatingIncome": "None", "depreciation": "None", "depreciationAndAmortization": "None", "incomeBeforeTax": "32553000", "incomeTaxExpense": "None", "interestAndDebtExpense": "None", "netIncomeFromContinuingOperations": "32136000", "comprehensiveIncomeNetOfTax": "None", "ebit": "None", "ebitda": "None", "netIncome": "30828000"}, {"fiscalDateEnding": "2023-12-31", "reportedCurrency": "USD", "grossProfit": "6046000", "totalRevenue": "18897000", "costOfRevenue": "12851000", "costofGoodsAndServicesSold": "12851000", "operatingIncome": "733000", "sellingGeneralAndAdministrative": "5313000", "researchAndDevelopment": "None", "operatingExpenses": "5313000", "investmentIncomeNet": "None", "netInterestIncome": "-32000", "interestIncome": "83000", "interestExpense": "115000", "nonInterestIncome": "None", "otherNonOperatingIncome": "None", "depreciation": "None", "depreciationAndAmortization": "343000", "incomeBeforeTax": "-15744000", "incomeTaxExpense": "557000", "interestAndDebtExpense": "None", "netIncomeFromContinuingOperations": "-16301000", "comprehensiveIncomeNetOfTax": "None", "ebit": "-15629000", "ebitda": "-15286000", "netIncome": "-16411000"}, {"fiscalDateEnding": "2023-09-30", "reportedCurrency": "USD", "grossProfit": "4823000", "totalRevenue": "17578000", "costOfRevenue": "12754000", "costofGoodsAndServicesSold": "12754000", "operatingIncome": "-1444411", "sellingGeneralAndAdministrative": "1597000", "researchAndDevelopment": "None", "operatingExpenses": "1444411", "investmentIncomeNet": "None", "netInterestIncome": "-6000", "interestIncome": "70000", "interestExpense": "76000", "nonInterestIncome": "None", "otherNonOperatingIncome": "None", "depreciation": "None", "depreciationAndAmortization": "122085", "incomeBeforeTax": "-348075", "incomeTaxExpense": "-197704", "interestAndDebtExpense": "None", "netIncomeFromContinuingOperations": "-1521855", "comprehensiveIncomeNetOfTax": "None", "ebit": "-1597000", "ebitda": "-348075", "netIncome": "-348075"}, {"fiscalDateEnding": "2023-06-30", "reportedCurrency": "USD", "grossProfit": "4447000", "totalRevenue": "16330000", "costOfRevenue": "11883000", "costofGoodsAndServicesSold": "11883000", "operatingIncome": "777000", "sellingGeneralAndAdministrative": "3670000", "researchAndDevelopment": "None", "operatingExpenses": "3670000", "investmentIncomeNet": "None", "netInterestIncome": "-59000", "interestIncome": "64000", "interestExpense": "123000", "nonInterestIncome": "None", "otherNonOperatingIncome": "None", "depreciation": "None", "depreciationAndAmortization": "327000", "incomeBeforeTax": "712000", "incomeTaxExpense": "218000", "interestAndDebtExpense": "None", "netIncomeFromContinuingOperations": "494000", "comprehensiveIncomeNetOfTax": "None", "ebit": "835000", "ebitda": "1162000", "netIncome": "421000"}, {"fiscalDateEnding": "2023-03-31", "reportedCurrency": "USD", "grossProfit": "4315000", "totalRevenue": "15072000", "costOfRevenue": "10757000", "costofGoodsAndServicesSold": "10757000", "operatingIncome": "887000", "sellingGeneralAndAdministrative": "3428000", "researchAndDevelopment": "None", "operatingExpenses": "3428000", "investmentIncomeNet": "None", "netInterestIncome": "-3000", "interestIncome": "16000", "interestExpense": "19000", "nonInterestIncome": "None", "otherNonOperatingIncome": "None", "depreciation": "None", "depreciationAndAmortization": "299000", "incomeBeforeTax": "795000", "incomeTaxExpense": "-90000", "interestAndDebtExpense": "None", "netIncomeFromContinuingOperations": "885000", "comprehensiveIncomeNetOfTax": "None", "ebit": "814000", "ebitda": "1113000", "netIncome": "750000"}, {"fiscalDateEnding": "2022-12-31", "reportedCurrency": "USD", "grossProfit": "2318000", "totalRevenue": "12691000", "costOfRevenue": "10373000", "costofGoodsAndServicesSold": "10373000", "operatingIncome": "293000", "sellingGeneralAndAdministrative": "2025000", "researchAndDevelopment": "None", "operatingExpenses": "2025000", "investmentIncomeNet": "None", "netInterestIncome": "28000", "interestIncome": "80000", "interestExpense": "52000", "nonInterestIncome": "None", "otherNonOperatingIncome": "None", "depreciation": "None", "depreciationAndAmortization": "27081", "incomeBeforeTax": "427000", "incomeTaxExpense": "742000", "interestAndDebtExpense": "None", "netIncomeFromContinuingOperations": "-315000", "comprehensiveIncomeNetOfTax": "None", "ebit": "479000", "ebitda": "479000", "netIncome": "-270000"}, {"fiscalDateEnding": "2022-09-30", "reportedCurrency": "None", "grossProfit": "None", "totalRevenue": "None", "costOfRevenue": "None", "costofGoodsAndServicesSold": "None", "operatingIncome": "-1444000", "sellingGeneralAndAdministrative": "None", "researchAndDevelopment": "None", "operatingExpenses": "1444000", "investmentIncomeNet": "None", "netInterestIncome": "None", "interestIncome": "None", "interestExpense": "None", "nonInterestIncome": "None", "otherNonOperatingIncome": "None", "depreciation": "None", "depreciationAndAmortization": "86065", "incomeBeforeTax": "-348000", "incomeTaxExpense": "-86065", "interestAndDebtExpense": "None", "netIncomeFromContinuingOperations": "None", "comprehensiveIncomeNetOfTax": "None", "ebit": "-348000", "ebitda": "-261935", "netIncome": "-348000"}, {"fiscalDateEnding": "2022-06-30", "reportedCurrency": "None", "grossProfit": "3680000", "totalRevenue": "12538000", "costOfRevenue": "8858000", "costofGoodsAndServicesSold": "8858000", "operatingIncome": "1572000", "sellingGeneralAndAdministrative": "None", "researchAndDevelopment": "None", "operatingExpenses": "2108000", "investmentIncomeNet": "None", "netInterestIncome": "None", "interestIncome": "None", "interestExpense": "48000", "nonInterestIncome": "None", "otherNonOperatingIncome": "None", "depreciation": "None", "depreciationAndAmortization": "295000", "incomeBeforeTax": "1786000", "incomeTaxExpense": "428000", "interestAndDebtExpense": "None", "netIncomeFromContinuingOperations": "None", "comprehensiveIncomeNetOfTax": "None", "ebit": "1834000", "ebitda": "2129000", "netIncome": "1158000"}, {"fiscalDateEnding": "2022-03-31", "reportedCurrency": "None", "grossProfit": "None", "totalRevenue": "None", "costOfRevenue": "None", "costofGoodsAndServicesSold": "None", "operatingIncome": "-363000", "sellingGeneralAndAdministrative": "None", "researchAndDevelopment": "None", "operatingExpenses": "362637", "investmentIncomeNet": "None", "netInterestIncome": "None", "interestIncome": "None", "interestExpense": "None", "nonInterestIncome": "None", "otherNonOperatingIncome": "None", "depreciation": "None", "depreciationAndAmortization": "71391", "incomeBeforeTax": "-375", "incomeTaxExpense": "-71391", "interestAndDebtExpense": "None", "netIncomeFromContinuingOperations": "None", "comprehensiveIncomeNetOfTax": "None", "ebit": "3800000", "ebitda": "-380", "netIncome": "-375"}, {"fiscalDateEnding": "2021-12-31", "reportedCurrency": "None", "grossProfit": "None", "totalRevenue": "None", "costOfRevenue": "None", "costofGoodsAndServicesSold": "None", "operatingIncome": "-248000", "sellingGeneralAndAdministrative": "None", "researchAndDevelopment": "None", "operatingExpenses": "247770", "investmentIncomeNet": "None", "netInterestIncome": "None", "interestIncome": "None", "interestExpense": "None", "nonInterestIncome": "None", "otherNonOperatingIncome": "None", "depreciation": "None", "depreciationAndAmortization": "54000", "incomeBeforeTax": "-31101", "incomeTaxExpense": "-54000", "interestAndDebtExpense": "None", "netIncomeFromContinuingOperations": "None", "comprehensiveIncomeNetOfTax": "None", "ebit": "-2602000", "ebitda": "-31100", "netIncome": "-31101"}, {"fiscalDateEnding": "2021-06-30", "reportedCurrency": "None", "grossProfit": "None", "totalRevenue": "None", "costOfRevenue": "None", "costofGoodsAndServicesSold": "None", "operatingIncome": "None", "sellingGeneralAndAdministrative": "None", "researchAndDevelopment": "None", "operatingExpenses": "None", "investmentIncomeNet": "None", "netInterestIncome": "None", "interestIncome": "None", "interestExpense": "None", "nonInterestIncome": "None", "otherNonOperatingIncome": "None", "depreciation": "None", "depreciationAndAmortization": "None", "incomeBeforeTax": "-31101", "incomeTaxExpense": "None", "interestAndDebtExpense": "None", "netIncomeFromContinuingOperations": "None", "comprehensiveIncomeNetOfTax": "None", "ebit": "None", "ebitda": "-31100", "netIncome": "-31101"}]}