{"symbol": "ODFL", "annualReports": [{"fiscalDateEnding": "2025-12-31", "reportedCurrency": "None", "grossProfit": "1767304000", "totalRevenue": "5496389000", "costOfRevenue": "3729085000", "costofGoodsAndServicesSold": "3729085000", "operatingIncome": "1361045000", "sellingGeneralAndAdministrative": "234806000", "researchAndDevelopment": "None", "operatingExpenses": "406259000", "investmentIncomeNet": "None", "netInterestIncome": "None", "interestIncome": "None", "interestExpense": "296000", "nonInterestIncome": "None", "otherNonOperatingIncome": "None", "depreciation": "None", "depreciationAndAmortization": "364686000", "incomeBeforeTax": "1361308000", "incomeTaxExpense": "337605000", "interestAndDebtExpense": "None", "netIncomeFromContinuingOperations": "None", "comprehensiveIncomeNetOfTax": "None", "ebit": "1360964000", "ebitda": "1725650000", "netIncome": "1023703000"}, {"fiscalDateEnding": "2024-12-31", "reportedCurrency": "USD", "grossProfit": "2022793000", "totalRevenue": "5814810000", "costOfRevenue": "3792017000", "costofGoodsAndServicesSold": "3792017000", "operatingIncome": "1543998000", "sellingGeneralAndAdministrative": "309732000", "researchAndDevelopment": "None", "operatingExpenses": "478795000", "investmentIncomeNet": "None", "netInterestIncome": "16799000", "interestIncome": "17011000", "interestExpense": "212000", "nonInterestIncome": "None", "otherNonOperatingIncome": "None", "depreciation": "None", "depreciationAndAmortization": "344578000", "incomeBeforeTax": "1557597000", "incomeTaxExpense": "371524000", "interestAndDebtExpense": "None", "netIncomeFromContinuingOperations": "1186073000", "comprehensiveIncomeNetOfTax": "None", "ebit": "1557809000", "ebitda": "1902387000", "netIncome": "1186073000"}, {"fiscalDateEnding": "2023-12-31", "reportedCurrency": "USD", "grossProfit": "2072199000", "totalRevenue": "5866152000", "costOfRevenue": "3793953000", "costofGoodsAndServicesSold": "3793953000", "operatingIncome": "1640673000", "sellingGeneralAndAdministrative": "203184000", "researchAndDevelopment": "None", "operatingExpenses": "431526000", "investmentIncomeNet": "None", "netInterestIncome": "12335000", "interestIncome": "12799000", "interestExpense": "464000", "nonInterestIncome": "None", "otherNonOperatingIncome": "None", "depreciation": "None", "depreciationAndAmortization": "324449000", "incomeBeforeTax": "1647776000", "incomeTaxExpense": "408274000", "interestAndDebtExpense": "None", "netIncomeFromContinuingOperations": "1239502000", "comprehensiveIncomeNetOfTax": "None", "ebit": "1648240000", "ebitda": "1972689000", "netIncome": "1239502000"}, {"fiscalDateEnding": "2022-12-31", "reportedCurrency": "USD", "grossProfit": "2256126000", "totalRevenue": "6260077000", "costOfRevenue": "4003951000", "costofGoodsAndServicesSold": "4003951000", "operatingIncome": "1840632000", "sellingGeneralAndAdministrative": "258883000", "researchAndDevelopment": "None", "operatingExpenses": "415494000", "investmentIncomeNet": "None", "netInterestIncome": "3321000", "interestIncome": "4884000", "interestExpense": "1563000", "nonInterestIncome": "None", "otherNonOperatingIncome": "2280000", "depreciation": "None", "depreciationAndAmortization": "276066000", "incomeBeforeTax": "1841349000", "incomeTaxExpense": "464190000", "interestAndDebtExpense": "None", "netIncomeFromContinuingOperations": "1377159000", "comprehensiveIncomeNetOfTax": "None", "ebit": "1842896000", "ebitda": "2118962000", "netIncome": "1377159000"}, {"fiscalDateEnding": "2021-12-31", "reportedCurrency": "USD", "grossProfit": "1775060000", "totalRevenue": "5256328000", "costOfRevenue": "3481268000", "costofGoodsAndServicesSold": "3481268000", "operatingIncome": "1391602000", "sellingGeneralAndAdministrative": "223757000", "researchAndDevelopment": "None", "operatingExpenses": "383458000", "investmentIncomeNet": "None", "netInterestIncome": "-941000", "interestIncome": "786000", "interestExpense": "1727000", "nonInterestIncome": "None", "otherNonOperatingIncome": "-1452000", "depreciation": "None", "depreciationAndAmortization": "259899000", "incomeBeforeTax": "1388423000", "incomeTaxExpense": "354048000", "interestAndDebtExpense": "None", "netIncomeFromContinuingOperations": "1034375000", "comprehensiveIncomeNetOfTax": "None", "ebit": "1391602000", "ebitda": "1651501000", "netIncome": "1034375000"}, {"fiscalDateEnding": "2020-12-31", "reportedCurrency": "USD", "grossProfit": "1228598000", "totalRevenue": "4015129000", "costOfRevenue": "2786531000", "costofGoodsAndServicesSold": "2786531000", "operatingIncome": "906882000", "sellingGeneralAndAdministrative": "184185000", "researchAndDevelopment": "None", "operatingExpenses": "321716000", "investmentIncomeNet": "None", "netInterestIncome": "-952000", "interestIncome": "1830000", "interestExpense": "2782000", "nonInterestIncome": "None", "otherNonOperatingIncome": "-2736000", "depreciation": "None", "depreciationAndAmortization": "261267000", "incomeBeforeTax": "901364000", "incomeTaxExpense": "228682000", "interestAndDebtExpense": "None", "netIncomeFromContinuingOperations": "672682000", "comprehensiveIncomeNetOfTax": "None", "ebit": "906882000", "ebitda": "1168149000", "netIncome": "672682000"}, {"fiscalDateEnding": "2019-12-31", "reportedCurrency": "USD", "grossProfit": "1170216000", "totalRevenue": "4109111000", "costOfRevenue": "2938895000", "costofGoodsAndServicesSold": "2938895000", "operatingIncome": "818706000", "sellingGeneralAndAdministrative": "206125000", "researchAndDevelopment": "None", "operatingExpenses": "351510000", "investmentIncomeNet": "None", "netInterestIncome": "6386000", "interestIncome": "6763000", "interestExpense": "377000", "nonInterestIncome": "None", "otherNonOperatingIncome": "5620000", "depreciation": "None", "depreciationAndAmortization": "253681000", "incomeBeforeTax": "823949000", "incomeTaxExpense": "208431000", "interestAndDebtExpense": "None", "netIncomeFromContinuingOperations": "615518000", "comprehensiveIncomeNetOfTax": "None", "ebit": "824326000", "ebitda": "1078007000", "netIncome": "615518000"}, {"fiscalDateEnding": "2018-12-31", "reportedCurrency": "USD", "grossProfit": "1144243000", "totalRevenue": "4043695000", "costOfRevenue": "2899452000", "costofGoodsAndServicesSold": "2899452000", "operatingIncome": "817051000", "sellingGeneralAndAdministrative": "194368000", "researchAndDevelopment": "0", "operatingExpenses": "327192000", "investmentIncomeNet": "None", "netInterestIncome": "2924000", "interestIncome": "3113000", "interestExpense": "189000", "nonInterestIncome": "None", "otherNonOperatingIncome": "-1349000", "depreciation": "None", "depreciationAndAmortization": "230357000", "incomeBeforeTax": "815513000", "incomeTaxExpense": "209845000", "interestAndDebtExpense": "None", "netIncomeFromContinuingOperations": "605668000", "comprehensiveIncomeNetOfTax": "None", "ebit": "815702000", "ebitda": "1046059000", "netIncome": "605668000"}, {"fiscalDateEnding": "2017-12-31", "reportedCurrency": "USD", "grossProfit": "875380000", "totalRevenue": "3358112000", "costOfRevenue": "2482732000", "costofGoodsAndServicesSold": "2482732000", "operatingIncome": "575886000", "sellingGeneralAndAdministrative": "177205000", "researchAndDevelopment": "0", "operatingExpenses": "299494000", "investmentIncomeNet": "None", "netInterestIncome": "-1414000", "interestIncome": "740000", "interestExpense": "2154000", "nonInterestIncome": "None", "otherNonOperatingIncome": "2100000", "depreciation": "None", "depreciationAndAmortization": "205763000", "incomeBeforeTax": "575832000", "incomeTaxExpense": "112058000", "interestAndDebtExpense": "None", "netIncomeFromContinuingOperations": "463774000", "comprehensiveIncomeNetOfTax": "None", "ebit": "577986000", "ebitda": "783749000", "netIncome": "463774000"}, {"fiscalDateEnding": "2016-12-31", "reportedCurrency": "USD", "grossProfit": "744627000", "totalRevenue": "2991517000", "costOfRevenue": "2246890000", "costofGoodsAndServicesSold": "2246890000", "operatingIncome": "483835000", "sellingGeneralAndAdministrative": "152391000", "researchAndDevelopment": "0", "operatingExpenses": "260792000", "investmentIncomeNet": "None", "netInterestIncome": "-4274000", "interestIncome": "58000", "interestExpense": "4332000", "nonInterestIncome": "None", "otherNonOperatingIncome": "-1916000", "depreciation": "None", "depreciationAndAmortization": "189867000", "incomeBeforeTax": "477587000", "incomeTaxExpense": "181822000", "interestAndDebtExpense": "None", "netIncomeFromContinuingOperations": "295765000", "comprehensiveIncomeNetOfTax": "None", "ebit": "481919000", "ebitda": "671786000", "netIncome": "295765000"}, {"fiscalDateEnding": "2015-12-31", "reportedCurrency": "USD", "grossProfit": "757499000", "totalRevenue": "2972442000", "costOfRevenue": "2214943000", "costofGoodsAndServicesSold": "2214943000", "operatingIncome": "498240000", "sellingGeneralAndAdministrative": "153589000", "researchAndDevelopment": "0", "operatingExpenses": "259259000", "investmentIncomeNet": "None", "netInterestIncome": "None", "interestIncome": "5001000", "interestExpense": "5210000", "nonInterestIncome": "None", "otherNonOperatingIncome": "-3013000", "depreciation": "None", "depreciationAndAmortization": "165343000", "incomeBeforeTax": "490017000", "incomeTaxExpense": "185327000", "interestAndDebtExpense": "None", "netIncomeFromContinuingOperations": "304690000", "comprehensiveIncomeNetOfTax": "None", "ebit": "495227000", "ebitda": "660570000", "netIncome": "304690000"}, {"fiscalDateEnding": "2014-12-31", "reportedCurrency": "USD", "grossProfit": "687488000", "totalRevenue": "2787897000", "costOfRevenue": "2100409000", "costofGoodsAndServicesSold": "2100409000", "operatingIncome": "441307000", "sellingGeneralAndAdministrative": "144817000", "researchAndDevelopment": "0", "operatingExpenses": "246181000", "investmentIncomeNet": "None", "netInterestIncome": "None", "interestIncome": "None", "interestExpense": "6610000", "nonInterestIncome": "None", "otherNonOperatingIncome": "-2183000", "depreciation": "None", "depreciationAndAmortization": "146466000", "incomeBeforeTax": "432514000", "incomeTaxExpense": "165000000", "interestAndDebtExpense": "None", "netIncomeFromContinuingOperations": "267514000", "comprehensiveIncomeNetOfTax": "None", "ebit": "439124000", "ebitda": "585590000", "netIncome": "267514000"}, {"fiscalDateEnding": "2013-12-31", "reportedCurrency": "USD", "grossProfit": "536247000", "totalRevenue": "2337648000", "costOfRevenue": "1801401000", "costofGoodsAndServicesSold": "1801401000", "operatingIncome": "338438000", "sellingGeneralAndAdministrative": "123817000", "researchAndDevelopment": "0", "operatingExpenses": "197809000", "investmentIncomeNet": "None", "netInterestIncome": "None", "interestIncome": "None", "interestExpense": "9620000", "nonInterestIncome": "None", "otherNonOperatingIncome": "-132000", "depreciation": "None", "depreciationAndAmortization": "127072000", "incomeBeforeTax": "328686000", "incomeTaxExpense": "122573000", "interestAndDebtExpense": "None", "netIncomeFromContinuingOperations": "206113000", "comprehensiveIncomeNetOfTax": "None", "ebit": "338306000", "ebitda": "465378000", "netIncome": "206113000"}, {"fiscalDateEnding": "2012-12-31", "reportedCurrency": "USD", "grossProfit": "470715000", "totalRevenue": "2134579000", "costOfRevenue": "1663864000", "costofGoodsAndServicesSold": "1663864000", "operatingIncome": "285254000", "sellingGeneralAndAdministrative": "108569000", "researchAndDevelopment": "0", "operatingExpenses": "185461000", "investmentIncomeNet": "None", "netInterestIncome": "None", "interestIncome": "None", "interestExpense": "11541000", "nonInterestIncome": "None", "otherNonOperatingIncome": "-615000", "depreciation": "None", "depreciationAndAmortization": "110743000", "incomeBeforeTax": "273098000", "incomeTaxExpense": "103646000", "interestAndDebtExpense": "None", "netIncomeFromContinuingOperations": "169452000", "comprehensiveIncomeNetOfTax": "None", "ebit": "284639000", "ebitda": "395382000", "netIncome": "169452000"}, {"fiscalDateEnding": "2011-12-31", "reportedCurrency": "USD", "grossProfit": "403510000", "totalRevenue": "1903800000", "costOfRevenue": "1500290000", "costofGoodsAndServicesSold": "1500290000", "operatingIncome": "234072000", "sellingGeneralAndAdministrative": "95697000", "researchAndDevelopment": "0", "operatingExpenses": "169438000", "investmentIncomeNet": "None", "netInterestIncome": "None", "interestIncome": "None", "interestExpense": "14067000", "nonInterestIncome": "None", "otherNonOperatingIncome": "79000", "depreciation": "None", "depreciationAndAmortization": "90820000", "incomeBeforeTax": "220084000", "incomeTaxExpense": "80614000", "interestAndDebtExpense": "None", "netIncomeFromContinuingOperations": "139470000", "comprehensiveIncomeNetOfTax": "None", "ebit": "234151000", "ebitda": "324971000", "netIncome": "139470000"}, {"fiscalDateEnding": "2010-12-31", "reportedCurrency": "USD", "grossProfit": "281793000", "totalRevenue": "1480998000", "costOfRevenue": "1199205000", "costofGoodsAndServicesSold": "1199205000", "operatingIncome": "137739000", "sellingGeneralAndAdministrative": "82127000", "researchAndDevelopment": "0", "operatingExpenses": "144054000", "investmentIncomeNet": "None", "netInterestIncome": "None", "interestIncome": "None", "interestExpense": "12613000", "nonInterestIncome": "None", "otherNonOperatingIncome": "-700000", "depreciation": "None", "depreciationAndAmortization": "80362000", "incomeBeforeTax": "124426000", "incomeTaxExpense": "48775000", "interestAndDebtExpense": "None", "netIncomeFromContinuingOperations": "75651000", "comprehensiveIncomeNetOfTax": "None", "ebit": "137039000", "ebitda": "217401000", "netIncome": "75651000"}, {"fiscalDateEnding": "2009-12-31", "reportedCurrency": "USD", "grossProfit": "979715000", "totalRevenue": "1245005000", "costOfRevenue": "265290000", "costofGoodsAndServicesSold": "265290000", "operatingIncome": "70391000", "sellingGeneralAndAdministrative": "806366000", "researchAndDevelopment": "None", "operatingExpenses": "901150000", "investmentIncomeNet": "None", "netInterestIncome": "None", "interestIncome": "None", "interestExpense": "13041000", "nonInterestIncome": "None", "otherNonOperatingIncome": "None", "depreciation": "None", "depreciationAndAmortization": "94784000", "incomeBeforeTax": "57165000", "incomeTaxExpense": "22294000", "interestAndDebtExpense": "None", "netIncomeFromContinuingOperations": "None", "comprehensiveIncomeNetOfTax": "None", "ebit": "70206000", "ebitda": "164990000", "netIncome": "34871000"}, {"fiscalDateEnding": "2008-12-31", "reportedCurrency": "USD", "grossProfit": "1136883000", "totalRevenue": "1537724000", "costOfRevenue": "400841000", "costofGoodsAndServicesSold": "400841000", "operatingIncome": "129070000", "sellingGeneralAndAdministrative": "914070000", "researchAndDevelopment": "None", "operatingExpenses": "1001153000", "investmentIncomeNet": "None", "netInterestIncome": "None", "interestIncome": "None", "interestExpense": "14008000", "nonInterestIncome": "None", "otherNonOperatingIncome": "None", "depreciation": "None", "depreciationAndAmortization": "87113000", "incomeBeforeTax": "112666000", "incomeTaxExpense": "43989000", "interestAndDebtExpense": "None", "netIncomeFromContinuingOperations": "None", "comprehensiveIncomeNetOfTax": "None", "ebit": "126644000", "ebitda": "213757000", "netIncome": "68677000"}, {"fiscalDateEnding": "2007-12-31", "reportedCurrency": "USD", "grossProfit": "1197378000", "totalRevenue": "1401542000", "costOfRevenue": "204164000", "costofGoodsAndServicesSold": "204164000", "operatingIncome": "129937000", "sellingGeneralAndAdministrative": "846190000", "researchAndDevelopment": "None", "operatingExpenses": "976927000", "investmentIncomeNet": "None", "netInterestIncome": "None", "interestIncome": "None", "interestExpense": "14466000", "nonInterestIncome": "None", "otherNonOperatingIncome": "None", "depreciation": "None", "depreciationAndAmortization": "79863000", "incomeBeforeTax": "115795000", "incomeTaxExpense": "43963000", "interestAndDebtExpense": "None", "netIncomeFromContinuingOperations": "None", "comprehensiveIncomeNetOfTax": "None", "ebit": "130261000", "ebitda": "210124000", "netIncome": "71832000"}, {"fiscalDateEnding": "2006-12-31", "reportedCurrency": "USD", "grossProfit": "970141000", "totalRevenue": "1279431000", "costOfRevenue": "309290000", "costofGoodsAndServicesSold": "309290000", "operatingIncome": "130485000", "sellingGeneralAndAdministrative": "772022000", "researchAndDevelopment": "None", "operatingExpenses": "839656000", "investmentIncomeNet": "None", "netInterestIncome": "None", "interestIncome": "None", "interestExpense": "12443000", "nonInterestIncome": "None", "otherNonOperatingIncome": "None", "depreciation": "None", "depreciationAndAmortization": "67634000", "incomeBeforeTax": "119343000", "incomeTaxExpense": "46774000", "interestAndDebtExpense": "None", "netIncomeFromContinuingOperations": "None", "comprehensiveIncomeNetOfTax": "None", "ebit": "131786000", "ebitda": "199420000", "netIncome": "72569000"}], "quarterlyReports": [{"fiscalDateEnding": "2025-12-31", "reportedCurrency": "None", "grossProfit": "393173000", "totalRevenue": "1307296000", "costOfRevenue": "914123000", "costofGoodsAndServicesSold": "914123000", "operatingIncome": "304251000", "sellingGeneralAndAdministrative": "51802000", "researchAndDevelopment": "None", "operatingExpenses": "88922000", "investmentIncomeNet": "None", "netInterestIncome": "None", "interestIncome": "None", "interestExpense": "284000", "nonInterestIncome": "None", "otherNonOperatingIncome": "None", "depreciation": "None", "depreciationAndAmortization": "92669000", "incomeBeforeTax": "305147000", "incomeTaxExpense": "75677000", "interestAndDebtExpense": "None", "netIncomeFromContinuingOperations": "None", "comprehensiveIncomeNetOfTax": "None", "ebit": "304251000", "ebitda": "396920000", "netIncome": "229470000"}, {"fiscalDateEnding": "2025-09-30", "reportedCurrency": "USD", "grossProfit": "468872000", "totalRevenue": "1406511000", "costOfRevenue": "937639000", "costofGoodsAndServicesSold": "937639000", "operatingIncome": "360844000", "sellingGeneralAndAdministrative": "45075000", "researchAndDevelopment": "None", "operatingExpenses": "108028000", "investmentIncomeNet": "None", "netInterestIncome": "555000", "interestIncome": "559000", "interestExpense": "4000", "nonInterestIncome": "None", "otherNonOperatingIncome": "None", "depreciation": "None", "depreciationAndAmortization": "92219000", "incomeBeforeTax": "360301000", "incomeTaxExpense": "89354000", "interestAndDebtExpense": "None", "netIncomeFromContinuingOperations": "270947000", "comprehensiveIncomeNetOfTax": "None", "ebit": "360848000", "ebitda": "453067000", "netIncome": "270947000"}, {"fiscalDateEnding": "2025-06-30", "reportedCurrency": "USD", "grossProfit": "455173000", "totalRevenue": "1407724000", "costOfRevenue": "952551000", "costofGoodsAndServicesSold": "952551000", "operatingIncome": "357895000", "sellingGeneralAndAdministrative": "69766000", "researchAndDevelopment": "None", "operatingExpenses": "97278000", "investmentIncomeNet": "None", "netInterestIncome": "678000", "interestIncome": "684000", "interestExpense": "6000", "nonInterestIncome": "None", "otherNonOperatingIncome": "None", "depreciation": "None", "depreciationAndAmortization": "90663000", "incomeBeforeTax": "357216000", "incomeTaxExpense": "88590000", "interestAndDebtExpense": "None", "netIncomeFromContinuingOperations": "268626000", "comprehensiveIncomeNetOfTax": "None", "ebit": "357222000", "ebitda": "447885000", "netIncome": "268626000"}, {"fiscalDateEnding": "2025-03-31", "reportedCurrency": "USD", "grossProfit": "450086000", "totalRevenue": "1374858000", "costOfRevenue": "924772000", "costofGoodsAndServicesSold": "924772000", "operatingIncome": "338055000", "sellingGeneralAndAdministrative": "68163000", "researchAndDevelopment": "None", "operatingExpenses": "112031000", "investmentIncomeNet": "None", "netInterestIncome": "1660000", "interestIncome": "1662000", "interestExpense": "2000", "nonInterestIncome": "None", "otherNonOperatingIncome": "None", "depreciation": "None", "depreciationAndAmortization": "89135000", "incomeBeforeTax": "338644000", "incomeTaxExpense": "83984000", "interestAndDebtExpense": "None", "netIncomeFromContinuingOperations": "254660000", "comprehensiveIncomeNetOfTax": "None", "ebit": "338643000", "ebitda": "427778000", "netIncome": "254660000"}, {"fiscalDateEnding": "2024-12-31", "reportedCurrency": "USD", "grossProfit": "466314000", "totalRevenue": "1385829000", "costOfRevenue": "919515000", "costofGoodsAndServicesSold": "919515000", "operatingIncome": "334020000", "sellingGeneralAndAdministrative": "89992000", "researchAndDevelopment": "None", "operatingExpenses": "132294000", "investmentIncomeNet": "None", "netInterestIncome": "1878000", "interestIncome": "1903000", "interestExpense": "25000", "nonInterestIncome": "None", "otherNonOperatingIncome": "None", "depreciation": "None", "depreciationAndAmortization": "88810000", "incomeBeforeTax": "335175000", "incomeTaxExpense": "72031000", "interestAndDebtExpense": "None", "netIncomeFromContinuingOperations": "263144000", "comprehensiveIncomeNetOfTax": "None", "ebit": "335200000", "ebitda": "424010000", "netIncome": "263144000"}, {"fiscalDateEnding": "2024-09-30", "reportedCurrency": "USD", "grossProfit": "515189000", "totalRevenue": "1470211000", "costOfRevenue": "955022000", "costofGoodsAndServicesSold": "955022000", "operatingIncome": "401861000", "sellingGeneralAndAdministrative": "73305000", "researchAndDevelopment": "None", "operatingExpenses": "113328000", "investmentIncomeNet": "None", "netInterestIncome": "1756000", "interestIncome": "1775000", "interestExpense": "19000", "nonInterestIncome": "None", "otherNonOperatingIncome": "None", "depreciation": "None", "depreciationAndAmortization": "86668000", "incomeBeforeTax": "403094000", "incomeTaxExpense": "94514000", "interestAndDebtExpense": "None", "netIncomeFromContinuingOperations": "308580000", "comprehensiveIncomeNetOfTax": "None", "ebit": "403111000", "ebitda": "489779000", "netIncome": "308580000"}, {"fiscalDateEnding": "2024-06-30", "reportedCurrency": "USD", "grossProfit": "537320000", "totalRevenue": "1498697000", "costOfRevenue": "961377000", "costofGoodsAndServicesSold": "961377000", "operatingIncome": "421691000", "sellingGeneralAndAdministrative": "71670000", "researchAndDevelopment": "None", "operatingExpenses": "115629000", "investmentIncomeNet": "None", "netInterestIncome": "5830000", "interestIncome": "5961000", "interestExpense": "131000", "nonInterestIncome": "None", "otherNonOperatingIncome": "None", "depreciation": "None", "depreciationAndAmortization": "84566000", "incomeBeforeTax": "426446000", "incomeTaxExpense": "104401000", "interestAndDebtExpense": "None", "netIncomeFromContinuingOperations": "322045000", "comprehensiveIncomeNetOfTax": "None", "ebit": "426577000", "ebitda": "511143000", "netIncome": "322045000"}, {"fiscalDateEnding": "2024-03-31", "reportedCurrency": "USD", "grossProfit": "503970000", "totalRevenue": "1460073000", "costOfRevenue": "956103000", "costofGoodsAndServicesSold": "956103000", "operatingIncome": "386426000", "sellingGeneralAndAdministrative": "74765000", "researchAndDevelopment": "None", "operatingExpenses": "117544000", "investmentIncomeNet": "None", "netInterestIncome": "7335000", "interestIncome": "7372000", "interestExpense": "37000", "nonInterestIncome": "None", "otherNonOperatingIncome": "None", "depreciation": "None", "depreciationAndAmortization": "84534000", "incomeBeforeTax": "392882000", "incomeTaxExpense": "100578000", "interestAndDebtExpense": "None", "netIncomeFromContinuingOperations": "292304000", "comprehensiveIncomeNetOfTax": "None", "ebit": "392919000", "ebitda": "477453000", "netIncome": "292304000"}, {"fiscalDateEnding": "2023-12-31", "reportedCurrency": "USD", "grossProfit": "528565000", "totalRevenue": "1495550000", "costOfRevenue": "966985000", "costofGoodsAndServicesSold": "966985000", "operatingIncome": "421011000", "sellingGeneralAndAdministrative": "80488000", "researchAndDevelopment": "None", "operatingExpenses": "107554000", "investmentIncomeNet": "None", "netInterestIncome": "5227000", "interestIncome": "5312000", "interestExpense": "85000", "nonInterestIncome": "None", "otherNonOperatingIncome": "None", "depreciation": "None", "depreciationAndAmortization": "84652000", "incomeBeforeTax": "425325000", "incomeTaxExpense": "102510000", "interestAndDebtExpense": "None", "netIncomeFromContinuingOperations": "322815000", "comprehensiveIncomeNetOfTax": "None", "ebit": "425410000", "ebitda": "510062000", "netIncome": "322815000"}, {"fiscalDateEnding": "2023-09-30", "reportedCurrency": "USD", "grossProfit": "555924000", "totalRevenue": "1515277000", "costOfRevenue": "959353000", "costofGoodsAndServicesSold": "959353000", "operatingIncome": "445019000", "sellingGeneralAndAdministrative": "68473000", "researchAndDevelopment": "None", "operatingExpenses": "110905000", "investmentIncomeNet": "None", "netInterestIncome": "2218000", "interestIncome": "2308000", "interestExpense": "90000", "nonInterestIncome": "None", "otherNonOperatingIncome": "None", "depreciation": "None", "depreciationAndAmortization": "84059000", "incomeBeforeTax": "446376000", "incomeTaxExpense": "107089000", "interestAndDebtExpense": "None", "netIncomeFromContinuingOperations": "339287000", "comprehensiveIncomeNetOfTax": "None", "ebit": "446466000", "ebitda": "530525000", "netIncome": "339287000"}, {"fiscalDateEnding": "2023-06-30", "reportedCurrency": "USD", "grossProfit": "496595000", "totalRevenue": "1413189000", "costOfRevenue": "916594000", "costofGoodsAndServicesSold": "916594000", "operatingIncome": "391594000", "sellingGeneralAndAdministrative": "65502000", "researchAndDevelopment": "None", "operatingExpenses": "105001000", "investmentIncomeNet": "None", "netInterestIncome": "2279000", "interestIncome": "2368000", "interestExpense": "89000", "nonInterestIncome": "None", "otherNonOperatingIncome": "None", "depreciation": "None", "depreciationAndAmortization": "79787000", "incomeBeforeTax": "391926000", "incomeTaxExpense": "99564000", "interestAndDebtExpense": "None", "netIncomeFromContinuingOperations": "292362000", "comprehensiveIncomeNetOfTax": "None", "ebit": "391594000", "ebitda": "471381000", "netIncome": "292362000"}, {"fiscalDateEnding": "2023-03-31", "reportedCurrency": "USD", "grossProfit": "491115000", "totalRevenue": "1442136000", "costOfRevenue": "951021000", "costofGoodsAndServicesSold": "951021000", "operatingIncome": "383049000", "sellingGeneralAndAdministrative": "66590000", "researchAndDevelopment": "None", "operatingExpenses": "108066000", "investmentIncomeNet": "None", "netInterestIncome": "2611000", "interestIncome": "2811000", "interestExpense": "200000", "nonInterestIncome": "None", "otherNonOperatingIncome": "1300000", "depreciation": "None", "depreciationAndAmortization": "75951000", "incomeBeforeTax": "384149000", "incomeTaxExpense": "99111000", "interestAndDebtExpense": "None", "netIncomeFromContinuingOperations": "285038000", "comprehensiveIncomeNetOfTax": "None", "ebit": "384349000", "ebitda": "460300000", "netIncome": "285038000"}, {"fiscalDateEnding": "2022-12-31", "reportedCurrency": "USD", "grossProfit": "527651000", "totalRevenue": "1491659000", "costOfRevenue": "964008000", "costofGoodsAndServicesSold": "964008000", "operatingIncome": "430229000", "sellingGeneralAndAdministrative": "57679000", "researchAndDevelopment": "None", "operatingExpenses": "97422000", "investmentIncomeNet": "None", "netInterestIncome": "2671000", "interestIncome": "2951000", "interestExpense": "280000", "nonInterestIncome": "None", "otherNonOperatingIncome": "2053000", "depreciation": "None", "depreciationAndAmortization": "72057000", "incomeBeforeTax": "432002000", "incomeTaxExpense": "108073000", "interestAndDebtExpense": "None", "netIncomeFromContinuingOperations": "323929000", "comprehensiveIncomeNetOfTax": "None", "ebit": "430229000", "ebitda": "502286000", "netIncome": "323929000"}, {"fiscalDateEnding": "2022-09-30", "reportedCurrency": "USD", "grossProfit": "608546000", "totalRevenue": "1603690000", "costOfRevenue": "995144000", "costofGoodsAndServicesSold": "995144000", "operatingIncome": "496080000", "sellingGeneralAndAdministrative": "73730000", "researchAndDevelopment": "None", "operatingExpenses": "112466000", "investmentIncomeNet": "None", "netInterestIncome": "336000", "interestIncome": "1333000", "interestExpense": "997000", "nonInterestIncome": "None", "otherNonOperatingIncome": "982000", "depreciation": "None", "depreciationAndAmortization": "68351000", "incomeBeforeTax": "496065000", "incomeTaxExpense": "118664000", "interestAndDebtExpense": "None", "netIncomeFromContinuingOperations": "377401000", "comprehensiveIncomeNetOfTax": "None", "ebit": "496080000", "ebitda": "564431000", "netIncome": "377401000"}, {"fiscalDateEnding": "2022-06-30", "reportedCurrency": "USD", "grossProfit": "614035000", "totalRevenue": "1667448000", "costOfRevenue": "1053413000", "costofGoodsAndServicesSold": "1053413000", "operatingIncome": "508705000", "sellingGeneralAndAdministrative": "65978000", "researchAndDevelopment": "None", "operatingExpenses": "105330000", "investmentIncomeNet": "None", "netInterestIncome": "258000", "interestIncome": "471000", "interestExpense": "213000", "nonInterestIncome": "None", "otherNonOperatingIncome": "-279000", "depreciation": "None", "depreciationAndAmortization": "68314000", "incomeBeforeTax": "508213000", "incomeTaxExpense": "132135000", "interestAndDebtExpense": "None", "netIncomeFromContinuingOperations": "376078000", "comprehensiveIncomeNetOfTax": "None", "ebit": "508426000", "ebitda": "576740000", "netIncome": "376078000"}, {"fiscalDateEnding": "2022-03-31", "reportedCurrency": "USD", "grossProfit": "505894000", "totalRevenue": "1497280000", "costOfRevenue": "991386000", "costofGoodsAndServicesSold": "991386000", "operatingIncome": "405618000", "sellingGeneralAndAdministrative": "61496000", "researchAndDevelopment": "None", "operatingExpenses": "100276000", "investmentIncomeNet": "None", "netInterestIncome": "56000", "interestIncome": "129000", "interestExpense": "73000", "nonInterestIncome": "None", "otherNonOperatingIncome": "-476000", "depreciation": "None", "depreciationAndAmortization": "67344000", "incomeBeforeTax": "405069000", "incomeTaxExpense": "105318000", "interestAndDebtExpense": "None", "netIncomeFromContinuingOperations": "299751000", "comprehensiveIncomeNetOfTax": "None", "ebit": "405142000", "ebitda": "472486000", "netIncome": "299751000"}, {"fiscalDateEnding": "2021-12-31", "reportedCurrency": "USD", "grossProfit": "467966000", "totalRevenue": "1410358000", "costOfRevenue": "942392000", "costofGoodsAndServicesSold": "942392000", "operatingIncome": "372491000", "sellingGeneralAndAdministrative": "51947000", "researchAndDevelopment": "None", "operatingExpenses": "95475000", "investmentIncomeNet": "None", "netInterestIncome": "-258000", "interestIncome": "126000", "interestExpense": "384000", "nonInterestIncome": "None", "otherNonOperatingIncome": "-331000", "depreciation": "None", "depreciationAndAmortization": "66793000", "incomeBeforeTax": "371776000", "incomeTaxExpense": "92970000", "interestAndDebtExpense": "None", "netIncomeFromContinuingOperations": "278806000", "comprehensiveIncomeNetOfTax": "None", "ebit": "372491000", "ebitda": "439284000", "netIncome": "278806000"}, {"fiscalDateEnding": "2021-09-30", "reportedCurrency": "USD", "grossProfit": "486655000", "totalRevenue": "1400046000", "costOfRevenue": "913391000", "costofGoodsAndServicesSold": "913391000", "operatingIncome": "383410000", "sellingGeneralAndAdministrative": "61724000", "researchAndDevelopment": "None", "operatingExpenses": "103245000", "investmentIncomeNet": "None", "netInterestIncome": "-193000", "interestIncome": "178000", "interestExpense": "371000", "nonInterestIncome": "None", "otherNonOperatingIncome": "-88000", "depreciation": "None", "depreciationAndAmortization": "65164000", "incomeBeforeTax": "382951000", "incomeTaxExpense": "96317000", "interestAndDebtExpense": "None", "netIncomeFromContinuingOperations": "286634000", "comprehensiveIncomeNetOfTax": "None", "ebit": "383322000", "ebitda": "448486000", "netIncome": "286634000"}, {"fiscalDateEnding": "2021-06-30", "reportedCurrency": "USD", "grossProfit": "462440000", "totalRevenue": "1319409000", "costOfRevenue": "856969000", "costofGoodsAndServicesSold": "856969000", "operatingIncome": "366044000", "sellingGeneralAndAdministrative": "57800000", "researchAndDevelopment": "None", "operatingExpenses": "96396000", "investmentIncomeNet": "None", "netInterestIncome": "-269000", "interestIncome": "196000", "interestExpense": "465000", "nonInterestIncome": "None", "otherNonOperatingIncome": "-1191000", "depreciation": "None", "depreciationAndAmortization": "63951000", "incomeBeforeTax": "364388000", "incomeTaxExpense": "94812000", "interestAndDebtExpense": "None", "netIncomeFromContinuingOperations": "269576000", "comprehensiveIncomeNetOfTax": "None", "ebit": "364853000", "ebitda": "428804000", "netIncome": "269576000"}, {"fiscalDateEnding": "2021-03-31", "reportedCurrency": "USD", "grossProfit": "357999000", "totalRevenue": "1126515000", "costOfRevenue": "768516000", "costofGoodsAndServicesSold": "768516000", "operatingIncome": "269657000", "sellingGeneralAndAdministrative": "52286000", "researchAndDevelopment": "None", "operatingExpenses": "88342000", "investmentIncomeNet": "None", "netInterestIncome": "-221000", "interestIncome": "286000", "interestExpense": "507000", "nonInterestIncome": "None", "otherNonOperatingIncome": "158000", "depreciation": "None", "depreciationAndAmortization": "63991000", "incomeBeforeTax": "269308000", "incomeTaxExpense": "69949000", "interestAndDebtExpense": "None", "netIncomeFromContinuingOperations": "199359000", "comprehensiveIncomeNetOfTax": "None", "ebit": "269815000", "ebitda": "333806000", "netIncome": "199359000"}, {"fiscalDateEnding": "2020-12-31", "reportedCurrency": "USD", "grossProfit": "331620000", "totalRevenue": "1073389000", "costOfRevenue": "741769000", "costofGoodsAndServicesSold": "741769000", "operatingIncome": "254302000", "sellingGeneralAndAdministrative": "41657000", "researchAndDevelopment": "None", "operatingExpenses": "77318000", "investmentIncomeNet": "None", "netInterestIncome": "-618000", "interestIncome": "228000", "interestExpense": "846000", "nonInterestIncome": "None", "otherNonOperatingIncome": "-133000", "depreciation": "None", "depreciationAndAmortization": "65110000", "incomeBeforeTax": "253323000", "incomeTaxExpense": "63491000", "interestAndDebtExpense": "None", "netIncomeFromContinuingOperations": "189832000", "comprehensiveIncomeNetOfTax": "None", "ebit": "254302000", "ebitda": "319412000", "netIncome": "189832000"}, {"fiscalDateEnding": "2020-09-30", "reportedCurrency": "USD", "grossProfit": "352851000", "totalRevenue": "1058166000", "costOfRevenue": "705315000", "costofGoodsAndServicesSold": "705315000", "operatingIncome": "270244000", "sellingGeneralAndAdministrative": "46826000", "researchAndDevelopment": "None", "operatingExpenses": "82607000", "investmentIncomeNet": "None", "netInterestIncome": "-948000", "interestIncome": "123000", "interestExpense": "1071000", "nonInterestIncome": "None", "otherNonOperatingIncome": "-838000", "depreciation": "None", "depreciationAndAmortization": "64987000", "incomeBeforeTax": "268335000", "incomeTaxExpense": "66467000", "interestAndDebtExpense": "None", "netIncomeFromContinuingOperations": "201868000", "comprehensiveIncomeNetOfTax": "None", "ebit": "270244000", "ebitda": "335231000", "netIncome": "201868000"}, {"fiscalDateEnding": "2020-06-30", "reportedCurrency": "USD", "grossProfit": "275174000", "totalRevenue": "896210000", "costOfRevenue": "621036000", "costofGoodsAndServicesSold": "621036000", "operatingIncome": "199166000", "sellingGeneralAndAdministrative": "44053000", "researchAndDevelopment": "None", "operatingExpenses": "76008000", "investmentIncomeNet": "None", "netInterestIncome": "-534000", "interestIncome": "231000", "interestExpense": "765000", "nonInterestIncome": "None", "otherNonOperatingIncome": "604000", "depreciation": "None", "depreciationAndAmortization": "65735000", "incomeBeforeTax": "199005000", "incomeTaxExpense": "51200000", "interestAndDebtExpense": "None", "netIncomeFromContinuingOperations": "147805000", "comprehensiveIncomeNetOfTax": "None", "ebit": "199770000", "ebitda": "265505000", "netIncome": "147805000"}, {"fiscalDateEnding": "2020-03-31", "reportedCurrency": "USD", "grossProfit": "268953000", "totalRevenue": "987364000", "costOfRevenue": "718411000", "costofGoodsAndServicesSold": "718411000", "operatingIncome": "183170000", "sellingGeneralAndAdministrative": "51649000", "researchAndDevelopment": "None", "operatingExpenses": "85783000", "investmentIncomeNet": "None", "netInterestIncome": "1148000", "interestIncome": "1248000", "interestExpense": "100000", "nonInterestIncome": "None", "otherNonOperatingIncome": "-2369000", "depreciation": "None", "depreciationAndAmortization": "65435000", "incomeBeforeTax": "180701000", "incomeTaxExpense": "47524000", "interestAndDebtExpense": "None", "netIncomeFromContinuingOperations": "133177000", "comprehensiveIncomeNetOfTax": "None", "ebit": "180801000", "ebitda": "246236000", "netIncome": "133177000"}, {"fiscalDateEnding": "2019-12-31", "reportedCurrency": "USD", "grossProfit": "277154000", "totalRevenue": "1009206000", "costOfRevenue": "732052000", "costofGoodsAndServicesSold": "732052000", "operatingIncome": "188264000", "sellingGeneralAndAdministrative": "52431000", "researchAndDevelopment": "None", "operatingExpenses": "88890000", "investmentIncomeNet": "None", "netInterestIncome": "1705000", "interestIncome": "1797000", "interestExpense": "92000", "nonInterestIncome": "None", "otherNonOperatingIncome": "1422000", "depreciation": "None", "depreciationAndAmortization": "64544000", "incomeBeforeTax": "189594000", "incomeTaxExpense": "45570000", "interestAndDebtExpense": "None", "netIncomeFromContinuingOperations": "144024000", "comprehensiveIncomeNetOfTax": "None", "ebit": "189686000", "ebitda": "254230000", "netIncome": "144024000"}, {"fiscalDateEnding": "2019-09-30", "reportedCurrency": "USD", "grossProfit": "311107000", "totalRevenue": "1048457000", "costOfRevenue": "737350000", "costofGoodsAndServicesSold": "737350000", "operatingIncome": "217527000", "sellingGeneralAndAdministrative": "53011000", "researchAndDevelopment": "None", "operatingExpenses": "93580000", "investmentIncomeNet": "None", "netInterestIncome": "1711000", "interestIncome": "1714000", "interestExpense": "3000", "nonInterestIncome": "None", "otherNonOperatingIncome": "870000", "depreciation": "None", "depreciationAndAmortization": "63493000", "incomeBeforeTax": "218394000", "incomeTaxExpense": "54295000", "interestAndDebtExpense": "None", "netIncomeFromContinuingOperations": "164099000", "comprehensiveIncomeNetOfTax": "None", "ebit": "218397000", "ebitda": "281890000", "netIncome": "164099000"}, {"fiscalDateEnding": "2019-06-30", "reportedCurrency": "USD", "grossProfit": "318634000", "totalRevenue": "1060666000", "costOfRevenue": "742032000", "costofGoodsAndServicesSold": "742032000", "operatingIncome": "234489000", "sellingGeneralAndAdministrative": "50112000", "researchAndDevelopment": "None", "operatingExpenses": "84145000", "investmentIncomeNet": "None", "netInterestIncome": "1609000", "interestIncome": "1769000", "interestExpense": "160000", "nonInterestIncome": "None", "otherNonOperatingIncome": "1245000", "depreciation": "None", "depreciationAndAmortization": "62571000", "incomeBeforeTax": "235574000", "incomeTaxExpense": "61502000", "interestAndDebtExpense": "None", "netIncomeFromContinuingOperations": "174072000", "comprehensiveIncomeNetOfTax": "None", "ebit": "235734000", "ebitda": "298305000", "netIncome": "174072000"}, {"fiscalDateEnding": "2019-03-31", "reportedCurrency": "USD", "grossProfit": "263321000", "totalRevenue": "990782000", "costOfRevenue": "727461000", "costofGoodsAndServicesSold": "727461000", "operatingIncome": "178426000", "sellingGeneralAndAdministrative": "50571000", "researchAndDevelopment": "None", "operatingExpenses": "84895000", "investmentIncomeNet": "None", "netInterestIncome": "1361000", "interestIncome": "1361000", "interestExpense": "122000", "nonInterestIncome": "None", "otherNonOperatingIncome": "2083000", "depreciation": "None", "depreciationAndAmortization": "63073000", "incomeBeforeTax": "180387000", "incomeTaxExpense": "47064000", "interestAndDebtExpense": "None", "netIncomeFromContinuingOperations": "133323000", "comprehensiveIncomeNetOfTax": "None", "ebit": "180509000", "ebitda": "243582000", "netIncome": "133323000"}, {"fiscalDateEnding": "2018-12-31", "reportedCurrency": "USD", "grossProfit": "298583000", "totalRevenue": "1026944000", "costOfRevenue": "728361000", "costofGoodsAndServicesSold": "728361000", "operatingIncome": "218845000", "sellingGeneralAndAdministrative": "46082000", "researchAndDevelopment": "0", "operatingExpenses": "79738000", "investmentIncomeNet": "None", "netInterestIncome": "None", "interestIncome": "None", "interestExpense": "138000", "nonInterestIncome": "None", "otherNonOperatingIncome": "-1356000", "depreciation": "None", "depreciationAndAmortization": "62555000", "incomeBeforeTax": "217351000", "incomeTaxExpense": "57892000", "interestAndDebtExpense": "None", "netIncomeFromContinuingOperations": "159459000", "comprehensiveIncomeNetOfTax": "None", "ebit": "217489000", "ebitda": "280044000", "netIncome": "159459000"}, {"fiscalDateEnding": "2018-09-30", "reportedCurrency": "USD", "grossProfit": "310704000", "totalRevenue": "1058233000", "costOfRevenue": "747529000", "costofGoodsAndServicesSold": "747529000", "operatingIncome": "228385000", "sellingGeneralAndAdministrative": "51493000", "researchAndDevelopment": "0", "operatingExpenses": "82319000", "investmentIncomeNet": "None", "netInterestIncome": "None", "interestIncome": "None", "interestExpense": "29000", "nonInterestIncome": "None", "otherNonOperatingIncome": "848000", "depreciation": "None", "depreciationAndAmortization": "58086000", "incomeBeforeTax": "229204000", "incomeTaxExpense": "55762000", "interestAndDebtExpense": "None", "netIncomeFromContinuingOperations": "173442000", "comprehensiveIncomeNetOfTax": "None", "ebit": "229233000", "ebitda": "287319000", "netIncome": "173442000"}, {"fiscalDateEnding": "2018-06-30", "reportedCurrency": "USD", "grossProfit": "302404000", "totalRevenue": "1033498000", "costOfRevenue": "731094000", "costofGoodsAndServicesSold": "731094000", "operatingIncome": "220481000", "sellingGeneralAndAdministrative": "48672000", "researchAndDevelopment": "0", "operatingExpenses": "81923000", "investmentIncomeNet": "None", "netInterestIncome": "None", "interestIncome": "None", "interestExpense": "11000", "nonInterestIncome": "None", "otherNonOperatingIncome": "1002000", "depreciation": "None", "depreciationAndAmortization": "56235000", "incomeBeforeTax": "221472000", "incomeTaxExpense": "58038000", "interestAndDebtExpense": "None", "netIncomeFromContinuingOperations": "163434000", "comprehensiveIncomeNetOfTax": "None", "ebit": "221483000", "ebitda": "277718000", "netIncome": "163434000"}, {"fiscalDateEnding": "2018-03-31", "reportedCurrency": "USD", "grossProfit": "232552000", "totalRevenue": "925020000", "costOfRevenue": "692468000", "costofGoodsAndServicesSold": "692468000", "operatingIncome": "149340000", "sellingGeneralAndAdministrative": "48121000", "researchAndDevelopment": "0", "operatingExpenses": "83212000", "investmentIncomeNet": "None", "netInterestIncome": "None", "interestIncome": "None", "interestExpense": "11000", "nonInterestIncome": "None", "otherNonOperatingIncome": "-1843000", "depreciation": "None", "depreciationAndAmortization": "53481000", "incomeBeforeTax": "147486000", "incomeTaxExpense": "38153000", "interestAndDebtExpense": "None", "netIncomeFromContinuingOperations": "109333000", "comprehensiveIncomeNetOfTax": "None", "ebit": "147497000", "ebitda": "200978000", "netIncome": "109333000"}, {"fiscalDateEnding": "2017-12-31", "reportedCurrency": "USD", "grossProfit": "224082000", "totalRevenue": "891117000", "costOfRevenue": "667035000", "costofGoodsAndServicesSold": "667035000", "operatingIncome": "143457000", "sellingGeneralAndAdministrative": "47516000", "researchAndDevelopment": "0", "operatingExpenses": "80625000", "investmentIncomeNet": "None", "netInterestIncome": "None", "interestIncome": "None", "interestExpense": "362000", "nonInterestIncome": "None", "otherNonOperatingIncome": "769000", "depreciation": "None", "depreciationAndAmortization": "53093000", "incomeBeforeTax": "143864000", "incomeTaxExpense": "-53386000", "interestAndDebtExpense": "None", "netIncomeFromContinuingOperations": "197250000", "comprehensiveIncomeNetOfTax": "None", "ebit": "144226000", "ebitda": "197319000", "netIncome": "197250000"}, {"fiscalDateEnding": "2017-09-30", "reportedCurrency": "USD", "grossProfit": "238954000", "totalRevenue": "872987000", "costOfRevenue": "634033000", "costofGoodsAndServicesSold": "634033000", "operatingIncome": "163875000", "sellingGeneralAndAdministrative": "45975000", "researchAndDevelopment": "0", "operatingExpenses": "75079000", "investmentIncomeNet": "None", "netInterestIncome": "None", "interestIncome": "None", "interestExpense": "555000", "nonInterestIncome": "None", "otherNonOperatingIncome": "1205000", "depreciation": "None", "depreciationAndAmortization": "51934000", "incomeBeforeTax": "164525000", "incomeTaxExpense": "62211000", "interestAndDebtExpense": "None", "netIncomeFromContinuingOperations": "102314000", "comprehensiveIncomeNetOfTax": "None", "ebit": "165080000", "ebitda": "217014000", "netIncome": "102314000"}, {"fiscalDateEnding": "2017-06-30", "reportedCurrency": "USD", "grossProfit": "236137000", "totalRevenue": "839912000", "costOfRevenue": "603775000", "costofGoodsAndServicesSold": "603775000", "operatingIncome": "160432000", "sellingGeneralAndAdministrative": "44619000", "researchAndDevelopment": "0", "operatingExpenses": "75705000", "investmentIncomeNet": "None", "netInterestIncome": "None", "interestIncome": "None", "interestExpense": "642000", "nonInterestIncome": "None", "otherNonOperatingIncome": "500000", "depreciation": "None", "depreciationAndAmortization": "50449000", "incomeBeforeTax": "160290000", "incomeTaxExpense": "61872000", "interestAndDebtExpense": "None", "netIncomeFromContinuingOperations": "98418000", "comprehensiveIncomeNetOfTax": "None", "ebit": "160932000", "ebitda": "211381000", "netIncome": "98418000"}, {"fiscalDateEnding": "2017-03-31", "reportedCurrency": "USD", "grossProfit": "176207000", "totalRevenue": "754096000", "costOfRevenue": "577889000", "costofGoodsAndServicesSold": "577889000", "operatingIncome": "108122000", "sellingGeneralAndAdministrative": "39095000", "researchAndDevelopment": "0", "operatingExpenses": "68085000", "investmentIncomeNet": "None", "netInterestIncome": "None", "interestIncome": "None", "interestExpense": "595000", "nonInterestIncome": "None", "otherNonOperatingIncome": "-374000", "depreciation": "None", "depreciationAndAmortization": "50287000", "incomeBeforeTax": "107153000", "incomeTaxExpense": "41361000", "interestAndDebtExpense": "None", "netIncomeFromContinuingOperations": "65792000", "comprehensiveIncomeNetOfTax": "None", "ebit": "107748000", "ebitda": "158035000", "netIncome": "65792000"}, {"fiscalDateEnding": "2016-12-31", "reportedCurrency": "USD", "grossProfit": "174480000", "totalRevenue": "745738000", "costOfRevenue": "571258000", "costofGoodsAndServicesSold": "571258000", "operatingIncome": "113447000", "sellingGeneralAndAdministrative": "35312000", "researchAndDevelopment": "0", "operatingExpenses": "61033000", "investmentIncomeNet": "None", "netInterestIncome": "None", "interestIncome": "None", "interestExpense": "954000", "nonInterestIncome": "None", "otherNonOperatingIncome": "-1172000", "depreciation": "None", "depreciationAndAmortization": "49574000", "incomeBeforeTax": "111321000", "incomeTaxExpense": "42810000", "interestAndDebtExpense": "None", "netIncomeFromContinuingOperations": "68511000", "comprehensiveIncomeNetOfTax": "None", "ebit": "112275000", "ebitda": "161849000", "netIncome": "68511000"}, {"fiscalDateEnding": "2016-09-30", "reportedCurrency": "USD", "grossProfit": "204340000", "totalRevenue": "782611000", "costOfRevenue": "578271000", "costofGoodsAndServicesSold": "578271000", "operatingIncome": "137404000", "sellingGeneralAndAdministrative": "39220000", "researchAndDevelopment": "0", "operatingExpenses": "66936000", "investmentIncomeNet": "None", "netInterestIncome": "None", "interestIncome": "None", "interestExpense": "1131000", "nonInterestIncome": "None", "otherNonOperatingIncome": "4000", "depreciation": "None", "depreciationAndAmortization": "49041000", "incomeBeforeTax": "136277000", "incomeTaxExpense": "50696000", "interestAndDebtExpense": "None", "netIncomeFromContinuingOperations": "85581000", "comprehensiveIncomeNetOfTax": "None", "ebit": "137408000", "ebitda": "186449000", "netIncome": "85581000"}, {"fiscalDateEnding": "2016-06-30", "reportedCurrency": "USD", "grossProfit": "199856000", "totalRevenue": "755435000", "costOfRevenue": "555579000", "costofGoodsAndServicesSold": "555579000", "operatingIncome": "133436000", "sellingGeneralAndAdministrative": "39468000", "researchAndDevelopment": "0", "operatingExpenses": "66420000", "investmentIncomeNet": "None", "netInterestIncome": "None", "interestIncome": "None", "interestExpense": "1064000", "nonInterestIncome": "None", "otherNonOperatingIncome": "-248000", "depreciation": "None", "depreciationAndAmortization": "46480000", "incomeBeforeTax": "132124000", "incomeTaxExpense": "50736000", "interestAndDebtExpense": "None", "netIncomeFromContinuingOperations": "81388000", "comprehensiveIncomeNetOfTax": "None", "ebit": "133188000", "ebitda": "179668000", "netIncome": "81388000"}, {"fiscalDateEnding": "2016-03-31", "reportedCurrency": "USD", "grossProfit": "165951000", "totalRevenue": "707733000", "costOfRevenue": "541782000", "costofGoodsAndServicesSold": "541782000", "operatingIncome": "99548000", "sellingGeneralAndAdministrative": "38391000", "researchAndDevelopment": "0", "operatingExpenses": "66403000", "investmentIncomeNet": "None", "netInterestIncome": "None", "interestIncome": "None", "interestExpense": "1183000", "nonInterestIncome": "None", "otherNonOperatingIncome": "-500000", "depreciation": "None", "depreciationAndAmortization": "44772000", "incomeBeforeTax": "97865000", "incomeTaxExpense": "37580000", "interestAndDebtExpense": "None", "netIncomeFromContinuingOperations": "60285000", "comprehensiveIncomeNetOfTax": "None", "ebit": "99048000", "ebitda": "143820000", "netIncome": "60285000"}, {"fiscalDateEnding": "2015-12-31", "reportedCurrency": "USD", "grossProfit": "173608000", "totalRevenue": "734572000", "costOfRevenue": "560964000", "costofGoodsAndServicesSold": "560964000", "operatingIncome": "113922000", "sellingGeneralAndAdministrative": "33100000", "researchAndDevelopment": "0", "operatingExpenses": "59686000", "investmentIncomeNet": "None", "netInterestIncome": "None", "interestIncome": "None", "interestExpense": "1309000", "nonInterestIncome": "None", "otherNonOperatingIncome": "-656000", "depreciation": "None", "depreciationAndAmortization": "44223000", "incomeBeforeTax": "111957000", "incomeTaxExpense": "39733000", "interestAndDebtExpense": "None", "netIncomeFromContinuingOperations": "72224000", "comprehensiveIncomeNetOfTax": "None", "ebit": "113266000", "ebitda": "157489000", "netIncome": "72224000"}, {"fiscalDateEnding": "2015-09-30", "reportedCurrency": "USD", "grossProfit": "208960000", "totalRevenue": "779474000", "costOfRevenue": "570514000", "costofGoodsAndServicesSold": "570514000", "operatingIncome": "139854000", "sellingGeneralAndAdministrative": "42025000", "researchAndDevelopment": "0", "operatingExpenses": "69106000", "investmentIncomeNet": "None", "netInterestIncome": "None", "interestIncome": "None", "interestExpense": "1163000", "nonInterestIncome": "None", "otherNonOperatingIncome": "-1833000", "depreciation": "None", "depreciationAndAmortization": "42561000", "incomeBeforeTax": "136858000", "incomeTaxExpense": "52490000", "interestAndDebtExpense": "None", "netIncomeFromContinuingOperations": "84368000", "comprehensiveIncomeNetOfTax": "None", "ebit": "138021000", "ebitda": "180582000", "netIncome": "84368000"}, {"fiscalDateEnding": "2015-06-30", "reportedCurrency": "USD", "grossProfit": "206391000", "totalRevenue": "762151000", "costOfRevenue": "555760000", "costofGoodsAndServicesSold": "555760000", "operatingIncome": "140899000", "sellingGeneralAndAdministrative": "40355000", "researchAndDevelopment": "0", "operatingExpenses": "65492000", "investmentIncomeNet": "None", "netInterestIncome": "None", "interestIncome": "None", "interestExpense": "1169000", "nonInterestIncome": "None", "otherNonOperatingIncome": "-358000", "depreciation": "None", "depreciationAndAmortization": "39771000", "incomeBeforeTax": "139372000", "incomeTaxExpense": "53798000", "interestAndDebtExpense": "None", "netIncomeFromContinuingOperations": "85574000", "comprehensiveIncomeNetOfTax": "None", "ebit": "140541000", "ebitda": "180312000", "netIncome": "85574000"}, {"fiscalDateEnding": "2015-03-31", "reportedCurrency": "USD", "grossProfit": "168540000", "totalRevenue": "696245000", "costOfRevenue": "527705000", "costofGoodsAndServicesSold": "527705000", "operatingIncome": "103565000", "sellingGeneralAndAdministrative": "38109000", "researchAndDevelopment": "0", "operatingExpenses": "64975000", "investmentIncomeNet": "None", "netInterestIncome": "None", "interestIncome": "None", "interestExpense": "1569000", "nonInterestIncome": "None", "otherNonOperatingIncome": "-166000", "depreciation": "None", "depreciationAndAmortization": "38788000", "incomeBeforeTax": "101830000", "incomeTaxExpense": "39306000", "interestAndDebtExpense": "None", "netIncomeFromContinuingOperations": "62524000", "comprehensiveIncomeNetOfTax": "None", "ebit": "103399000", "ebitda": "142187000", "netIncome": "62524000"}, {"fiscalDateEnding": "2014-12-31", "reportedCurrency": "USD", "grossProfit": "175132000", "totalRevenue": "721048000", "costOfRevenue": "545916000", "costofGoodsAndServicesSold": "545916000", "operatingIncome": "112298000", "sellingGeneralAndAdministrative": "35779000", "researchAndDevelopment": "0", "operatingExpenses": "62834000", "investmentIncomeNet": "None", "netInterestIncome": "None", "interestIncome": "None", "interestExpense": "1449000", "nonInterestIncome": "None", "otherNonOperatingIncome": "-500000", "depreciation": "None", "depreciationAndAmortization": "39546000", "incomeBeforeTax": "110349000", "incomeTaxExpense": "40480000", "interestAndDebtExpense": "None", "netIncomeFromContinuingOperations": "69869000", "comprehensiveIncomeNetOfTax": "None", "ebit": "111798000", "ebitda": "151344000", "netIncome": "69869000"}, {"fiscalDateEnding": "2014-09-30", "reportedCurrency": "USD", "grossProfit": "193319000", "totalRevenue": "743586000", "costOfRevenue": "550267000", "costofGoodsAndServicesSold": "550267000", "operatingIncome": "126262000", "sellingGeneralAndAdministrative": "38369000", "researchAndDevelopment": "0", "operatingExpenses": "67057000", "investmentIncomeNet": "None", "netInterestIncome": "None", "interestIncome": "None", "interestExpense": "1463000", "nonInterestIncome": "None", "otherNonOperatingIncome": "-932000", "depreciation": "None", "depreciationAndAmortization": "37707000", "incomeBeforeTax": "123867000", "incomeTaxExpense": "45958000", "interestAndDebtExpense": "None", "netIncomeFromContinuingOperations": "77909000", "comprehensiveIncomeNetOfTax": "None", "ebit": "125330000", "ebitda": "163037000", "netIncome": "77909000"}, {"fiscalDateEnding": "2014-06-30", "reportedCurrency": "USD", "grossProfit": "181970000", "totalRevenue": "702987000", "costOfRevenue": "521017000", "costofGoodsAndServicesSold": "521017000", "operatingIncome": "122695000", "sellingGeneralAndAdministrative": "36827000", "researchAndDevelopment": "0", "operatingExpenses": "59275000", "investmentIncomeNet": "None", "netInterestIncome": "None", "interestIncome": "None", "interestExpense": "1622000", "nonInterestIncome": "None", "otherNonOperatingIncome": "-9000", "depreciation": "None", "depreciationAndAmortization": "35121000", "incomeBeforeTax": "121064000", "incomeTaxExpense": "47215000", "interestAndDebtExpense": "None", "netIncomeFromContinuingOperations": "73849000", "comprehensiveIncomeNetOfTax": "None", "ebit": "122686000", "ebitda": "157807000", "netIncome": "73849000"}, {"fiscalDateEnding": "2014-03-31", "reportedCurrency": "USD", "grossProfit": "137067000", "totalRevenue": "620276000", "costOfRevenue": "483209000", "costofGoodsAndServicesSold": "483209000", "operatingIncome": "80052000", "sellingGeneralAndAdministrative": "33842000", "researchAndDevelopment": "0", "operatingExpenses": "57015000", "investmentIncomeNet": "None", "netInterestIncome": "None", "interestIncome": "None", "interestExpense": "2076000", "nonInterestIncome": "None", "otherNonOperatingIncome": "-742000", "depreciation": "None", "depreciationAndAmortization": "34092000", "incomeBeforeTax": "77234000", "incomeTaxExpense": "31347000", "interestAndDebtExpense": "None", "netIncomeFromContinuingOperations": "45887000", "comprehensiveIncomeNetOfTax": "None", "ebit": "79310000", "ebitda": "113402000", "netIncome": "45887000"}, {"fiscalDateEnding": "2013-12-31", "reportedCurrency": "USD", "grossProfit": "122554000", "totalRevenue": "592470000", "costOfRevenue": "469916000", "costofGoodsAndServicesSold": "469916000", "operatingIncome": "76845000", "sellingGeneralAndAdministrative": "29624000", "researchAndDevelopment": "0", "operatingExpenses": "45709000", "investmentIncomeNet": "None", "netInterestIncome": "None", "interestIncome": "None", "interestExpense": "2338000", "nonInterestIncome": "None", "otherNonOperatingIncome": "564000", "depreciation": "None", "depreciationAndAmortization": "33807000", "incomeBeforeTax": "75071000", "incomeTaxExpense": "27915000", "interestAndDebtExpense": "None", "netIncomeFromContinuingOperations": "47156000", "comprehensiveIncomeNetOfTax": "None", "ebit": "77409000", "ebitda": "111216000", "netIncome": "47156000"}, {"fiscalDateEnding": "2013-09-30", "reportedCurrency": "USD", "grossProfit": "151550000", "totalRevenue": "616458000", "costOfRevenue": "464908000", "costofGoodsAndServicesSold": "464908000", "operatingIncome": "98076000", "sellingGeneralAndAdministrative": "32432000", "researchAndDevelopment": "0", "operatingExpenses": "53474000", "investmentIncomeNet": "None", "netInterestIncome": "None", "interestIncome": "None", "interestExpense": "2479000", "nonInterestIncome": "None", "otherNonOperatingIncome": "-344000", "depreciation": "None", "depreciationAndAmortization": "32914000", "incomeBeforeTax": "95253000", "incomeTaxExpense": "35104000", "interestAndDebtExpense": "None", "netIncomeFromContinuingOperations": "60149000", "comprehensiveIncomeNetOfTax": "None", "ebit": "97732000", "ebitda": "130646000", "netIncome": "60149000"}, {"fiscalDateEnding": "2013-06-30", "reportedCurrency": "USD", "grossProfit": "146581000", "totalRevenue": "590304000", "costOfRevenue": "443723000", "costofGoodsAndServicesSold": "443723000", "operatingIncome": "97573000", "sellingGeneralAndAdministrative": "31009000", "researchAndDevelopment": "0", "operatingExpenses": "49008000", "investmentIncomeNet": "None", "netInterestIncome": "None", "interestIncome": "None", "interestExpense": "2403000", "nonInterestIncome": "None", "otherNonOperatingIncome": "-292000", "depreciation": "None", "depreciationAndAmortization": "30517000", "incomeBeforeTax": "94878000", "incomeTaxExpense": "36623000", "interestAndDebtExpense": "None", "netIncomeFromContinuingOperations": "58255000", "comprehensiveIncomeNetOfTax": "None", "ebit": "97281000", "ebitda": "127798000", "netIncome": "58255000"}, {"fiscalDateEnding": "2013-03-31", "reportedCurrency": "USD", "grossProfit": "115562000", "totalRevenue": "538416000", "costOfRevenue": "422854000", "costofGoodsAndServicesSold": "422854000", "operatingIncome": "65944000", "sellingGeneralAndAdministrative": "30752000", "researchAndDevelopment": "0", "operatingExpenses": "49618000", "investmentIncomeNet": "None", "netInterestIncome": "None", "interestIncome": "None", "interestExpense": "2400000", "nonInterestIncome": "None", "otherNonOperatingIncome": "-60000", "depreciation": "None", "depreciationAndAmortization": "29834000", "incomeBeforeTax": "63484000", "incomeTaxExpense": "22931000", "interestAndDebtExpense": "None", "netIncomeFromContinuingOperations": "40553000", "comprehensiveIncomeNetOfTax": "None", "ebit": "65884000", "ebitda": "95718000", "netIncome": "40553000"}, {"fiscalDateEnding": "2012-12-31", "reportedCurrency": "USD", "grossProfit": "-725991000", "totalRevenue": "527345000", "costOfRevenue": "1253336000", "costofGoodsAndServicesSold": "1253336000", "operatingIncome": "67516000", "sellingGeneralAndAdministrative": "781770000", "researchAndDevelopment": "0", "operatingExpenses": "-785673000", "investmentIncomeNet": "None", "netInterestIncome": "None", "interestIncome": "None", "interestExpense": "2755000", "nonInterestIncome": "None", "otherNonOperatingIncome": "-1324000", "depreciation": "None", "depreciationAndAmortization": "29948000", "incomeBeforeTax": "64279000", "incomeTaxExpense": "24798000", "interestAndDebtExpense": "None", "netIncomeFromContinuingOperations": "87313000", "comprehensiveIncomeNetOfTax": "None", "ebit": "67034000", "ebitda": "96982000", "netIncome": "39481000"}, {"fiscalDateEnding": "2012-09-30", "reportedCurrency": "USD", "grossProfit": "128500000", "totalRevenue": "550511000", "costOfRevenue": "422011000", "costofGoodsAndServicesSold": "422011000", "operatingIncome": "80932000", "sellingGeneralAndAdministrative": "27846000", "researchAndDevelopment": "0", "operatingExpenses": "47568000", "investmentIncomeNet": "None", "netInterestIncome": "None", "interestIncome": "None", "interestExpense": "2882000", "nonInterestIncome": "None", "otherNonOperatingIncome": "311000", "depreciation": "None", "depreciationAndAmortization": "28727000", "incomeBeforeTax": "78361000", "incomeTaxExpense": "27317000", "interestAndDebtExpense": "None", "netIncomeFromContinuingOperations": "51044000", "comprehensiveIncomeNetOfTax": "None", "ebit": "81243000", "ebitda": "109970000", "netIncome": "51044000"}, {"fiscalDateEnding": "2012-06-30", "reportedCurrency": "USD", "grossProfit": "130686000", "totalRevenue": "547452000", "costOfRevenue": "416766000", "costofGoodsAndServicesSold": "416766000", "operatingIncome": "82588000", "sellingGeneralAndAdministrative": "28288000", "researchAndDevelopment": "0", "operatingExpenses": "48098000", "investmentIncomeNet": "None", "netInterestIncome": "None", "interestIncome": "None", "interestExpense": "2685000", "nonInterestIncome": "None", "otherNonOperatingIncome": "None", "depreciation": "None", "depreciationAndAmortization": "26524000", "incomeBeforeTax": "79061000", "incomeTaxExpense": "31229000", "interestAndDebtExpense": "None", "netIncomeFromContinuingOperations": "0", "comprehensiveIncomeNetOfTax": "None", "ebit": "81746000", "ebitda": "108270000", "netIncome": "47832000"}, {"fiscalDateEnding": "2012-03-31", "reportedCurrency": "USD", "grossProfit": "99892000", "totalRevenue": "497140000", "costOfRevenue": "397248000", "costofGoodsAndServicesSold": "397248000", "operatingIncome": "54218000", "sellingGeneralAndAdministrative": "26689000", "researchAndDevelopment": "0", "operatingExpenses": "45674000", "investmentIncomeNet": "None", "netInterestIncome": "None", "interestIncome": "None", "interestExpense": "3219000", "nonInterestIncome": "None", "otherNonOperatingIncome": "398000", "depreciation": "None", "depreciationAndAmortization": "25544000", "incomeBeforeTax": "51397000", "incomeTaxExpense": "20302000", "interestAndDebtExpense": "None", "netIncomeFromContinuingOperations": "31095000", "comprehensiveIncomeNetOfTax": "None", "ebit": "54616000", "ebitda": "80160000", "netIncome": "31095000"}, {"fiscalDateEnding": "2011-12-31", "reportedCurrency": "USD", "grossProfit": "363399000", "totalRevenue": "485132000", "costOfRevenue": "121733000", "costofGoodsAndServicesSold": "121733000", "operatingIncome": "63312000", "sellingGeneralAndAdministrative": "273344000", "researchAndDevelopment": "0", "operatingExpenses": "297634000", "investmentIncomeNet": "None", "netInterestIncome": "None", "interestIncome": "None", "interestExpense": "3330000", "nonInterestIncome": "None", "otherNonOperatingIncome": "665000", "depreciation": "None", "depreciationAndAmortization": "24290000", "incomeBeforeTax": "60647000", "incomeTaxExpense": "20764000", "interestAndDebtExpense": "None", "netIncomeFromContinuingOperations": "39883000", "comprehensiveIncomeNetOfTax": "None", "ebit": "63977000", "ebitda": "88267000", "netIncome": "39883000"}, {"fiscalDateEnding": "2011-09-30", "reportedCurrency": "USD", "grossProfit": "370298000", "totalRevenue": "494475000", "costOfRevenue": "124177000", "costofGoodsAndServicesSold": "124177000", "operatingIncome": "68194000", "sellingGeneralAndAdministrative": "275889000", "researchAndDevelopment": "0", "operatingExpenses": "299285000", "investmentIncomeNet": "None", "netInterestIncome": "None", "interestIncome": "None", "interestExpense": "3397000", "nonInterestIncome": "None", "otherNonOperatingIncome": "-1675000", "depreciation": "None", "depreciationAndAmortization": "23396000", "incomeBeforeTax": "63122000", "incomeTaxExpense": "24491000", "interestAndDebtExpense": "None", "netIncomeFromContinuingOperations": "38631000", "comprehensiveIncomeNetOfTax": "None", "ebit": "66519000", "ebitda": "89915000", "netIncome": "38631000"}, {"fiscalDateEnding": "2011-06-30", "reportedCurrency": "USD", "grossProfit": "356890000", "totalRevenue": "480255000", "costOfRevenue": "123365000", "costofGoodsAndServicesSold": "123365000", "operatingIncome": "64645000", "sellingGeneralAndAdministrative": "268039000", "researchAndDevelopment": "0", "operatingExpenses": "290052000", "investmentIncomeNet": "None", "netInterestIncome": "None", "interestIncome": "None", "interestExpense": "3464000", "nonInterestIncome": "None", "otherNonOperatingIncome": "-348000", "depreciation": "None", "depreciationAndAmortization": "22013000", "incomeBeforeTax": "60833000", "incomeTaxExpense": "21450000", "interestAndDebtExpense": "None", "netIncomeFromContinuingOperations": "39383000", "comprehensiveIncomeNetOfTax": "None", "ebit": "64297000", "ebitda": "86310000", "netIncome": "39383000"}, {"fiscalDateEnding": "2011-03-31", "reportedCurrency": "USD", "grossProfit": "310227000", "totalRevenue": "422679000", "costOfRevenue": "112452000", "costofGoodsAndServicesSold": "112452000", "operatingIncome": "37921000", "sellingGeneralAndAdministrative": "248193000", "researchAndDevelopment": "0", "operatingExpenses": "269314000", "investmentIncomeNet": "None", "netInterestIncome": "None", "interestIncome": "None", "interestExpense": "3876000", "nonInterestIncome": "None", "otherNonOperatingIncome": "1437000", "depreciation": "None", "depreciationAndAmortization": "21121000", "incomeBeforeTax": "35482000", "incomeTaxExpense": "13909000", "interestAndDebtExpense": "None", "netIncomeFromContinuingOperations": "21573000", "comprehensiveIncomeNetOfTax": "None", "ebit": "39358000", "ebitda": "60479000", "netIncome": "21573000"}, {"fiscalDateEnding": "2010-12-31", "reportedCurrency": "USD", "grossProfit": "211173000", "totalRevenue": "398972000", "costOfRevenue": "187799000", "costofGoodsAndServicesSold": "187799000", "operatingIncome": "37969000", "sellingGeneralAndAdministrative": "249118000", "researchAndDevelopment": "0", "operatingExpenses": "227909000", "investmentIncomeNet": "None", "netInterestIncome": "None", "interestIncome": "None", "interestExpense": "2950000", "nonInterestIncome": "None", "otherNonOperatingIncome": "None", "depreciation": "None", "depreciationAndAmortization": "19862000", "incomeBeforeTax": "35101000", "incomeTaxExpense": "13045000", "interestAndDebtExpense": "None", "netIncomeFromContinuingOperations": "0", "comprehensiveIncomeNetOfTax": "None", "ebit": "38051000", "ebitda": "57913000", "netIncome": "22056000"}, {"fiscalDateEnding": "2010-09-30", "reportedCurrency": "USD", "grossProfit": "303849000", "totalRevenue": "395981000", "costOfRevenue": "92132000", "costofGoodsAndServicesSold": "92132000", "operatingIncome": "43384000", "sellingGeneralAndAdministrative": "239259000", "researchAndDevelopment": "0", "operatingExpenses": "258655000", "investmentIncomeNet": "None", "netInterestIncome": "None", "interestIncome": "None", "interestExpense": "2964000", "nonInterestIncome": "None", "otherNonOperatingIncome": "215000", "depreciation": "None", "depreciationAndAmortization": "19396000", "incomeBeforeTax": "40635000", "incomeTaxExpense": "16254000", "interestAndDebtExpense": "None", "netIncomeFromContinuingOperations": "24381000", "comprehensiveIncomeNetOfTax": "None", "ebit": "43599000", "ebitda": "62995000", "netIncome": "24381000"}, {"fiscalDateEnding": "2010-06-30", "reportedCurrency": "USD", "grossProfit": "282373000", "totalRevenue": "368250000", "costOfRevenue": "85877000", "costofGoodsAndServicesSold": "85877000", "operatingIncome": "40011000", "sellingGeneralAndAdministrative": "220754000", "researchAndDevelopment": "0", "operatingExpenses": "240307000", "investmentIncomeNet": "None", "netInterestIncome": "None", "interestIncome": "None", "interestExpense": "3181000", "nonInterestIncome": "None", "otherNonOperatingIncome": "-976000", "depreciation": "None", "depreciationAndAmortization": "19553000", "incomeBeforeTax": "35854000", "incomeTaxExpense": "14341000", "interestAndDebtExpense": "None", "netIncomeFromContinuingOperations": "21513000", "comprehensiveIncomeNetOfTax": "None", "ebit": "39035000", "ebitda": "58588000", "netIncome": "21513000"}, {"fiscalDateEnding": "2010-03-31", "reportedCurrency": "USD", "grossProfit": "242888000", "totalRevenue": "317795000", "costOfRevenue": "74907000", "costofGoodsAndServicesSold": "74907000", "operatingIncome": "16375000", "sellingGeneralAndAdministrative": "203448000", "researchAndDevelopment": "0", "operatingExpenses": "224999000", "investmentIncomeNet": "None", "netInterestIncome": "None", "interestIncome": "None", "interestExpense": "3518000", "nonInterestIncome": "None", "otherNonOperatingIncome": "None", "depreciation": "None", "depreciationAndAmortization": "21551000", "incomeBeforeTax": "12836000", "incomeTaxExpense": "5135000", "interestAndDebtExpense": "None", "netIncomeFromContinuingOperations": "0", "comprehensiveIncomeNetOfTax": "None", "ebit": "16354000", "ebitda": "37905000", "netIncome": "7701000"}, {"fiscalDateEnding": "2009-12-31", "reportedCurrency": "USD", "grossProfit": "266231000", "totalRevenue": "310924000", "costOfRevenue": "44693000", "costofGoodsAndServicesSold": "44693000", "operatingIncome": "18921000", "sellingGeneralAndAdministrative": "194720000", "researchAndDevelopment": "0", "operatingExpenses": "231852000", "investmentIncomeNet": "None", "netInterestIncome": "None", "interestIncome": "None", "interestExpense": "3348000", "nonInterestIncome": "None", "otherNonOperatingIncome": "None", "depreciation": "None", "depreciationAndAmortization": "23801000", "incomeBeforeTax": "15496000", "incomeTaxExpense": "5815000", "interestAndDebtExpense": "None", "netIncomeFromContinuingOperations": "0", "comprehensiveIncomeNetOfTax": "None", "ebit": "18844000", "ebitda": "42645000", "netIncome": "9681000"}, {"fiscalDateEnding": "2009-09-30", "reportedCurrency": "USD", "grossProfit": "281493000", "totalRevenue": "322763000", "costOfRevenue": "41270000", "costofGoodsAndServicesSold": "41270000", "operatingIncome": "19955000", "sellingGeneralAndAdministrative": "205370000", "researchAndDevelopment": "0", "operatingExpenses": "241808000", "investmentIncomeNet": "None", "netInterestIncome": "None", "interestIncome": "None", "interestExpense": "3109000", "nonInterestIncome": "None", "otherNonOperatingIncome": "None", "depreciation": "None", "depreciationAndAmortization": "24036000", "incomeBeforeTax": "17235000", "incomeTaxExpense": "6740000", "interestAndDebtExpense": "None", "netIncomeFromContinuingOperations": "0", "comprehensiveIncomeNetOfTax": "None", "ebit": "20344000", "ebitda": "44380000", "netIncome": "10495000"}, {"fiscalDateEnding": "2009-06-30", "reportedCurrency": "USD", "grossProfit": "278501000", "totalRevenue": "316175000", "costOfRevenue": "37674000", "costofGoodsAndServicesSold": "37674000", "operatingIncome": "21454000", "sellingGeneralAndAdministrative": "202350000", "researchAndDevelopment": "0", "operatingExpenses": "238821000", "investmentIncomeNet": "None", "netInterestIncome": "None", "interestIncome": "None", "interestExpense": "3330000", "nonInterestIncome": "None", "otherNonOperatingIncome": "None", "depreciation": "None", "depreciationAndAmortization": "23948000", "incomeBeforeTax": "17885000", "incomeTaxExpense": "7163000", "interestAndDebtExpense": "None", "netIncomeFromContinuingOperations": "0", "comprehensiveIncomeNetOfTax": "None", "ebit": "21215000", "ebitda": "45163000", "netIncome": "10722000"}, {"fiscalDateEnding": "2009-03-31", "reportedCurrency": "USD", "grossProfit": "263737000", "totalRevenue": "295143000", "costOfRevenue": "31406000", "costofGoodsAndServicesSold": "31406000", "operatingIncome": "10061000", "sellingGeneralAndAdministrative": "198218000", "researchAndDevelopment": "0", "operatingExpenses": "233136000", "investmentIncomeNet": "None", "netInterestIncome": "None", "interestIncome": "None", "interestExpense": "3254000", "nonInterestIncome": "None", "otherNonOperatingIncome": "None", "depreciation": "None", "depreciationAndAmortization": "22999000", "incomeBeforeTax": "6549000", "incomeTaxExpense": "2576000", "interestAndDebtExpense": "None", "netIncomeFromContinuingOperations": "0", "comprehensiveIncomeNetOfTax": "None", "ebit": "9803000", "ebitda": "32802000", "netIncome": "3973000"}, {"fiscalDateEnding": "2008-12-31", "reportedCurrency": "USD", "grossProfit": "299166000", "totalRevenue": "335836000", "costOfRevenue": "36670000", "costofGoodsAndServicesSold": "36670000", "operatingIncome": "22797000", "sellingGeneralAndAdministrative": "211636000", "researchAndDevelopment": "0", "operatingExpenses": "245999000", "investmentIncomeNet": "None", "netInterestIncome": "None", "interestIncome": "None", "interestExpense": "3416000", "nonInterestIncome": "None", "otherNonOperatingIncome": "None", "depreciation": "None", "depreciationAndAmortization": "22386000", "incomeBeforeTax": "18192000", "incomeTaxExpense": "7144000", "interestAndDebtExpense": "None", "netIncomeFromContinuingOperations": "0", "comprehensiveIncomeNetOfTax": "None", "ebit": "23087000", "ebitda": "45473000", "netIncome": "11048000"}, {"fiscalDateEnding": "2008-09-30", "reportedCurrency": "USD", "grossProfit": "338651000", "totalRevenue": "415874000", "costOfRevenue": "77223000", "costofGoodsAndServicesSold": "77223000", "operatingIncome": "42437000", "sellingGeneralAndAdministrative": "236660000", "researchAndDevelopment": "0", "operatingExpenses": "272066000", "investmentIncomeNet": "None", "netInterestIncome": "None", "interestIncome": "None", "interestExpense": "3584000", "nonInterestIncome": "None", "otherNonOperatingIncome": "None", "depreciation": "None", "depreciationAndAmortization": "22054000", "incomeBeforeTax": "38293000", "incomeTaxExpense": "14934000", "interestAndDebtExpense": "None", "netIncomeFromContinuingOperations": "0", "comprehensiveIncomeNetOfTax": "None", "ebit": "41868000", "ebitda": "63922000", "netIncome": "23359000"}, {"fiscalDateEnding": "2008-06-30", "reportedCurrency": "USD", "grossProfit": "332141000", "totalRevenue": "417840000", "costOfRevenue": "85699000", "costofGoodsAndServicesSold": "85699000", "operatingIncome": "42990000", "sellingGeneralAndAdministrative": "232782000", "researchAndDevelopment": "0", "operatingExpenses": "268227000", "investmentIncomeNet": "None", "netInterestIncome": "None", "interestIncome": "None", "interestExpense": "3584000", "nonInterestIncome": "None", "otherNonOperatingIncome": "None", "depreciation": "None", "depreciationAndAmortization": "21522000", "incomeBeforeTax": "39150000", "incomeTaxExpense": "15269000", "interestAndDebtExpense": "None", "netIncomeFromContinuingOperations": "0", "comprehensiveIncomeNetOfTax": "None", "ebit": "42725000", "ebitda": "64247000", "netIncome": "23881000"}, {"fiscalDateEnding": "2008-03-31", "reportedCurrency": "USD", "grossProfit": "303847000", "totalRevenue": "368174000", "costOfRevenue": "64327000", "costofGoodsAndServicesSold": "64327000", "operatingIncome": "20846000", "sellingGeneralAndAdministrative": "225096000", "researchAndDevelopment": "0", "operatingExpenses": "259613000", "investmentIncomeNet": "None", "netInterestIncome": "None", "interestIncome": "None", "interestExpense": "3424000", "nonInterestIncome": "None", "otherNonOperatingIncome": "None", "depreciation": "None", "depreciationAndAmortization": "21173000", "incomeBeforeTax": "17031000", "incomeTaxExpense": "6642000", "interestAndDebtExpense": "None", "netIncomeFromContinuingOperations": "0", "comprehensiveIncomeNetOfTax": "None", "ebit": "20451000", "ebitda": "41624000", "netIncome": "10389000"}, {"fiscalDateEnding": "2007-12-31", "reportedCurrency": "USD", "grossProfit": "320459000", "totalRevenue": "358685000", "costOfRevenue": "38226000", "costofGoodsAndServicesSold": "38226000", "operatingIncome": "30226000", "sellingGeneralAndAdministrative": "804072000", "researchAndDevelopment": "0", "operatingExpenses": "-28972000", "investmentIncomeNet": "None", "netInterestIncome": "None", "interestIncome": "None", "interestExpense": "14466000", "nonInterestIncome": "None", "otherNonOperatingIncome": "None", "depreciation": "None", "depreciationAndAmortization": "20813000", "incomeBeforeTax": "25481000", "incomeTaxExpense": "9769000", "interestAndDebtExpense": "None", "netIncomeFromContinuingOperations": "0", "comprehensiveIncomeNetOfTax": "None", "ebit": "349755000", "ebitda": "370568000", "netIncome": "15712000"}, {"fiscalDateEnding": "2007-09-30", "reportedCurrency": "USD", "grossProfit": "305595000", "totalRevenue": "363298000", "costOfRevenue": "57703000", "costofGoodsAndServicesSold": "57703000", "operatingIncome": "34017000", "sellingGeneralAndAdministrative": "219111000", "researchAndDevelopment": "0", "operatingExpenses": "252590000", "investmentIncomeNet": "None", "netInterestIncome": "None", "interestIncome": "None", "interestExpense": "3544000", "nonInterestIncome": "None", "otherNonOperatingIncome": "None", "depreciation": "None", "depreciationAndAmortization": "20556000", "incomeBeforeTax": "31289000", "incomeTaxExpense": "11279000", "interestAndDebtExpense": "None", "netIncomeFromContinuingOperations": "0", "comprehensiveIncomeNetOfTax": "None", "ebit": "34833000", "ebitda": "55389000", "netIncome": "20010000"}, {"fiscalDateEnding": "2007-06-30", "reportedCurrency": "USD", "grossProfit": "310135000", "totalRevenue": "359617000", "costOfRevenue": "49482000", "costofGoodsAndServicesSold": "49482000", "operatingIncome": "40650000", "sellingGeneralAndAdministrative": "212823000", "researchAndDevelopment": "0", "operatingExpenses": "245447000", "investmentIncomeNet": "None", "netInterestIncome": "None", "interestIncome": "None", "interestExpense": "3666000", "nonInterestIncome": "None", "otherNonOperatingIncome": "None", "depreciation": "None", "depreciationAndAmortization": "20062000", "incomeBeforeTax": "37255000", "incomeTaxExpense": "14716000", "interestAndDebtExpense": "None", "netIncomeFromContinuingOperations": "0", "comprehensiveIncomeNetOfTax": "None", "ebit": "40921000", "ebitda": "60983000", "netIncome": "22539000"}, {"fiscalDateEnding": "2007-03-31", "reportedCurrency": "USD", "grossProfit": "227422000", "totalRevenue": "319942000", "costOfRevenue": "92520000", "costofGoodsAndServicesSold": "92520000", "operatingIncome": "25044000", "sellingGeneralAndAdministrative": "12016000", "researchAndDevelopment": "0", "operatingExpenses": "294898000", "investmentIncomeNet": "None", "netInterestIncome": "None", "interestIncome": "None", "interestExpense": "3750000", "nonInterestIncome": "None", "otherNonOperatingIncome": "None", "depreciation": "None", "depreciationAndAmortization": "18432000", "incomeBeforeTax": "21770000", "incomeTaxExpense": "8199000", "interestAndDebtExpense": "None", "netIncomeFromContinuingOperations": "0", "comprehensiveIncomeNetOfTax": "None", "ebit": "25044000", "ebitda": "43476000", "netIncome": "13571000"}, {"fiscalDateEnding": "2006-12-31", "reportedCurrency": "USD", "grossProfit": "265166000", "totalRevenue": "319419000", "costOfRevenue": "54253000", "costofGoodsAndServicesSold": "54253000", "operatingIncome": "31625000", "sellingGeneralAndAdministrative": "701864000", "researchAndDevelopment": "0", "operatingExpenses": "-63058000", "investmentIncomeNet": "None", "netInterestIncome": "None", "interestIncome": "None", "interestExpense": "12443000", "nonInterestIncome": "None", "otherNonOperatingIncome": "None", "depreciation": "None", "depreciationAndAmortization": "117403000", "incomeBeforeTax": "28433000", "incomeTaxExpense": "10592000", "interestAndDebtExpense": "None", "netIncomeFromContinuingOperations": "0", "comprehensiveIncomeNetOfTax": "None", "ebit": "329525000", "ebitda": "446928000", "netIncome": "17841000"}, {"fiscalDateEnding": "2006-09-30", "reportedCurrency": "USD", "grossProfit": "239266000", "totalRevenue": "337569000", "costOfRevenue": "98303000", "costofGoodsAndServicesSold": "98303000", "operatingIncome": "36676000", "sellingGeneralAndAdministrative": "12309000", "researchAndDevelopment": "0", "operatingExpenses": "300893000", "investmentIncomeNet": "None", "netInterestIncome": "None", "interestIncome": "None", "interestExpense": "4014000", "nonInterestIncome": "None", "otherNonOperatingIncome": "None", "depreciation": "None", "depreciationAndAmortization": "17476000", "incomeBeforeTax": "33201000", "incomeTaxExpense": "13098000", "interestAndDebtExpense": "None", "netIncomeFromContinuingOperations": "0", "comprehensiveIncomeNetOfTax": "None", "ebit": "36676000", "ebitda": "54152000", "netIncome": "20103000"}, {"fiscalDateEnding": "2006-06-30", "reportedCurrency": "USD", "grossProfit": "235976000", "totalRevenue": "330812000", "costOfRevenue": "94836000", "costofGoodsAndServicesSold": "94836000", "operatingIncome": "38602000", "sellingGeneralAndAdministrative": "12689000", "researchAndDevelopment": "0", "operatingExpenses": "292210000", "investmentIncomeNet": "None", "netInterestIncome": "None", "interestIncome": "None", "interestExpense": "2417000", "nonInterestIncome": "None", "otherNonOperatingIncome": "None", "depreciation": "None", "depreciationAndAmortization": "16756000", "incomeBeforeTax": "36009000", "incomeTaxExpense": "14404000", "interestAndDebtExpense": "None", "netIncomeFromContinuingOperations": "0", "comprehensiveIncomeNetOfTax": "None", "ebit": "38602000", "ebitda": "55358000", "netIncome": "21605000"}, {"fiscalDateEnding": "2006-03-31", "reportedCurrency": "USD", "grossProfit": "208268000", "totalRevenue": "291631000", "costOfRevenue": "83363000", "costofGoodsAndServicesSold": "83363000", "operatingIncome": "23582000", "sellingGeneralAndAdministrative": "12080000", "researchAndDevelopment": "0", "operatingExpenses": "268049000", "investmentIncomeNet": "None", "netInterestIncome": "None", "interestIncome": "None", "interestExpense": "1611000", "nonInterestIncome": "None", "otherNonOperatingIncome": "None", "depreciation": "None", "depreciationAndAmortization": "15537000", "incomeBeforeTax": "21700000", "incomeTaxExpense": "8680000", "interestAndDebtExpense": "None", "netIncomeFromContinuingOperations": "0", "comprehensiveIncomeNetOfTax": "None", "ebit": "23582000", "ebitda": "39119000", "netIncome": "13020000"}, {"fiscalDateEnding": "2005-12-31", "reportedCurrency": "USD", "grossProfit": "270131000", "totalRevenue": "285211000", "costOfRevenue": "15080000", "costofGoodsAndServicesSold": "15080000", "operatingIncome": "26315000", "sellingGeneralAndAdministrative": "632329000", "researchAndDevelopment": "0", "operatingExpenses": "7489000", "investmentIncomeNet": "None", "netInterestIncome": "None", "interestIncome": "None", "interestExpense": "6527000", "nonInterestIncome": "None", "otherNonOperatingIncome": "None", "depreciation": "None", "depreciationAndAmortization": "15183000", "incomeBeforeTax": "24620000", "incomeTaxExpense": "9931000", "interestAndDebtExpense": "None", "netIncomeFromContinuingOperations": "0", "comprehensiveIncomeNetOfTax": "None", "ebit": "261855000", "ebitda": "277038000", "netIncome": "14281000"}]}