{"symbol": "BEN", "annualReports": [{"fiscalDateEnding": "2025-09-30", "reportedCurrency": "USD", "grossProfit": "7046700000", "totalRevenue": "8770700000", "costOfRevenue": "1724000000", "costofGoodsAndServicesSold": "1724000000", "operatingIncome": "604100000", "sellingGeneralAndAdministrative": "2885900000", "researchAndDevelopment": "None", "operatingExpenses": "6442600000", "investmentIncomeNet": "None", "netInterestIncome": "-94900000", "interestIncome": "175900000", "interestExpense": "94900000", "nonInterestIncome": "None", "otherNonOperatingIncome": "None", "depreciation": "None", "depreciationAndAmortization": "531800000", "incomeBeforeTax": "786800000", "incomeTaxExpense": "237900000", "interestAndDebtExpense": "None", "netIncomeFromContinuingOperations": "548900000", "comprehensiveIncomeNetOfTax": "None", "ebit": "881700000", "ebitda": "1413500000", "netIncome": "524900000"}, {"fiscalDateEnding": "2024-09-30", "reportedCurrency": "USD", "grossProfit": "6791400000", "totalRevenue": "8478000000", "costOfRevenue": "1686600000", "costofGoodsAndServicesSold": "1686600000", "operatingIncome": "407600000", "sellingGeneralAndAdministrative": "2812100000", "researchAndDevelopment": "None", "operatingExpenses": "6383800000", "investmentIncomeNet": "None", "netInterestIncome": "-97200000", "interestIncome": "388600000", "interestExpense": "97200000", "nonInterestIncome": "None", "otherNonOperatingIncome": "None", "depreciation": "None", "depreciationAndAmortization": "454700000", "incomeBeforeTax": "823200000", "incomeTaxExpense": "215300000", "interestAndDebtExpense": "None", "netIncomeFromContinuingOperations": "607900000", "comprehensiveIncomeNetOfTax": "None", "ebit": "920400000", "ebitda": "1375100000", "netIncome": "464800000"}, {"fiscalDateEnding": "2023-09-30", "reportedCurrency": "USD", "grossProfit": "6349900000", "totalRevenue": "7849400000", "costOfRevenue": "1499500000", "costofGoodsAndServicesSold": "1499500000", "operatingIncome": "1102300000", "sellingGeneralAndAdministrative": "2453800000", "researchAndDevelopment": "0.18", "operatingExpenses": "5247600000", "investmentIncomeNet": "None", "netInterestIncome": "-123700000", "interestIncome": "195100000", "interestExpense": "123700000", "nonInterestIncome": "None", "otherNonOperatingIncome": "None", "depreciation": "None", "depreciationAndAmortization": "445400000", "incomeBeforeTax": "1338000000", "incomeTaxExpense": "312300000", "interestAndDebtExpense": "None", "netIncomeFromContinuingOperations": "1103400000", "comprehensiveIncomeNetOfTax": "None", "ebit": "1461700000", "ebitda": "1907100000", "netIncome": "882800000"}, {"fiscalDateEnding": "2022-09-30", "reportedCurrency": "USD", "grossProfit": "6848900000", "totalRevenue": "8275300000", "costOfRevenue": "1426400000", "costofGoodsAndServicesSold": "1426400000", "operatingIncome": "1773900000", "sellingGeneralAndAdministrative": "2275800000", "researchAndDevelopment": "0.21", "operatingExpenses": "5075000000", "investmentIncomeNet": "None", "netInterestIncome": "-98200000", "interestIncome": "55700000", "interestExpense": "98200000", "nonInterestIncome": "None", "otherNonOperatingIncome": "91100000", "depreciation": "None", "depreciationAndAmortization": "377800000", "incomeBeforeTax": "1729400000", "incomeTaxExpense": "396200000", "interestAndDebtExpense": "None", "netIncomeFromContinuingOperations": "1333200000", "comprehensiveIncomeNetOfTax": "None", "ebit": "1827600000", "ebitda": "2205400000", "netIncome": "1291900000"}, {"fiscalDateEnding": "2021-09-30", "reportedCurrency": "USD", "grossProfit": "6996900000", "totalRevenue": "8425500000", "costOfRevenue": "1428600000", "costofGoodsAndServicesSold": "1428600000", "operatingIncome": "1875000000", "sellingGeneralAndAdministrative": "2109000000", "researchAndDevelopment": "0.29", "operatingExpenses": "5121900000", "investmentIncomeNet": "None", "netInterestIncome": "-85400000", "interestIncome": "563400000", "interestExpense": "85400000", "nonInterestIncome": "None", "otherNonOperatingIncome": "264700000", "depreciation": "None", "depreciationAndAmortization": "310600000", "incomeBeforeTax": "2444200000", "incomeTaxExpense": "349600000", "interestAndDebtExpense": "None", "netIncomeFromContinuingOperations": "2094600000", "comprehensiveIncomeNetOfTax": "None", "ebit": "2529600000", "ebitda": "2840200000", "netIncome": "1831200000"}, {"fiscalDateEnding": "2020-09-30", "reportedCurrency": "USD", "grossProfit": "4503800000", "totalRevenue": "5566500000", "costOfRevenue": "1062700000", "costofGoodsAndServicesSold": "1062700000", "operatingIncome": "1048900000", "sellingGeneralAndAdministrative": "1213600000", "researchAndDevelopment": "0.18", "operatingExpenses": "3454900000", "investmentIncomeNet": "None", "netInterestIncome": "-19100000", "interestIncome": "37200000", "interestExpense": "33400000", "nonInterestIncome": "None", "otherNonOperatingIncome": "-31000000", "depreciation": "None", "depreciationAndAmortization": "128500000", "incomeBeforeTax": "1017900000", "incomeTaxExpense": "230800000", "interestAndDebtExpense": "None", "netIncomeFromContinuingOperations": "787100000", "comprehensiveIncomeNetOfTax": "None", "ebit": "1051300000", "ebitda": "1179800000", "netIncome": "798900000"}, {"fiscalDateEnding": "2019-09-30", "reportedCurrency": "USD", "grossProfit": "2370200000", "totalRevenue": "5774500000", "costOfRevenue": "3404300000", "costofGoodsAndServicesSold": "3404300000", "operatingIncome": "1557400000", "sellingGeneralAndAdministrative": "812800000", "researchAndDevelopment": "0.29", "operatingExpenses": "812800000", "investmentIncomeNet": "None", "netInterestIncome": "6300000", "interestIncome": "31000000", "interestExpense": "24700000", "nonInterestIncome": "None", "otherNonOperatingIncome": "115100000", "depreciation": "None", "depreciationAndAmortization": "93400000", "incomeBeforeTax": "1647800000", "incomeTaxExpense": "442300000", "interestAndDebtExpense": "None", "netIncomeFromContinuingOperations": "1205500000", "comprehensiveIncomeNetOfTax": "None", "ebit": "1557400000", "ebitda": "1650800000", "netIncome": "1195700000"}, {"fiscalDateEnding": "2018-09-30", "reportedCurrency": "USD", "grossProfit": "2888800000", "totalRevenue": "6319100000", "costOfRevenue": "3430300000", "costofGoodsAndServicesSold": "3430300000", "operatingIncome": "2118600000", "sellingGeneralAndAdministrative": "770200000", "researchAndDevelopment": "0.35", "operatingExpenses": "770200000", "investmentIncomeNet": "None", "netInterestIncome": "27800000", "interestIncome": "76500000", "interestExpense": "48700000", "nonInterestIncome": "None", "otherNonOperatingIncome": "145300000", "depreciation": "None", "depreciationAndAmortization": "76400000", "incomeBeforeTax": "2215200000", "incomeTaxExpense": "1472500000", "interestAndDebtExpense": "None", "netIncomeFromContinuingOperations": "742700000", "comprehensiveIncomeNetOfTax": "None", "ebit": "2118600000", "ebitda": "2195000000", "netIncome": "764400000"}, {"fiscalDateEnding": "2017-09-30", "reportedCurrency": "USD", "grossProfit": "2927600000", "totalRevenue": "6392200000", "costOfRevenue": "3464600000", "costofGoodsAndServicesSold": "3464600000", "operatingIncome": "2264300000", "sellingGeneralAndAdministrative": "663300000", "researchAndDevelopment": "0.39", "operatingExpenses": "663300000", "investmentIncomeNet": "None", "netInterestIncome": "23400000", "interestIncome": "74900000", "interestExpense": "51500000", "nonInterestIncome": "None", "otherNonOperatingIncome": "336300000", "depreciation": "None", "depreciationAndAmortization": "80300000", "incomeBeforeTax": "2549100000", "incomeTaxExpense": "759400000", "interestAndDebtExpense": "None", "netIncomeFromContinuingOperations": "1789700000", "comprehensiveIncomeNetOfTax": "None", "ebit": "2264300000", "ebitda": "2344600000", "netIncome": "1696700000"}, {"fiscalDateEnding": "2016-09-30", "reportedCurrency": "USD", "grossProfit": "3047200000", "totalRevenue": "6618000000", "costOfRevenue": "3570800000", "costofGoodsAndServicesSold": "3570800000", "operatingIncome": "2365700000", "sellingGeneralAndAdministrative": "681500000", "researchAndDevelopment": "0.37", "operatingExpenses": "681500000", "investmentIncomeNet": "None", "netInterestIncome": "-13400000", "interestIncome": "36500000", "interestExpense": "49900000", "nonInterestIncome": "None", "otherNonOperatingIncome": "184000000", "depreciation": "None", "depreciationAndAmortization": "87100000", "incomeBeforeTax": "2499800000", "incomeTaxExpense": "742100000", "interestAndDebtExpense": "None", "netIncomeFromContinuingOperations": "1757700000", "comprehensiveIncomeNetOfTax": "None", "ebit": "2365700000", "ebitda": "2452800000", "netIncome": "1726700000"}, {"fiscalDateEnding": "2015-09-30", "reportedCurrency": "USD", "grossProfit": "3733100000", "totalRevenue": "7948700000", "costOfRevenue": "4215600000", "costofGoodsAndServicesSold": "4215600000", "operatingIncome": "3027600000", "sellingGeneralAndAdministrative": "705500000", "researchAndDevelopment": "0", "operatingExpenses": "705500000", "investmentIncomeNet": "None", "netInterestIncome": "None", "interestIncome": "4900000", "interestExpense": "39600000", "nonInterestIncome": "None", "otherNonOperatingIncome": "40400000", "depreciation": "None", "depreciationAndAmortization": "97400000", "incomeBeforeTax": "3028400000", "incomeTaxExpense": "923700000", "interestAndDebtExpense": "None", "netIncomeFromContinuingOperations": "2104700000", "comprehensiveIncomeNetOfTax": "None", "ebit": "3027600000", "ebitda": "3125000000", "netIncome": "2035300000"}, {"fiscalDateEnding": "2014-09-30", "reportedCurrency": "USD", "grossProfit": "3935300000", "totalRevenue": "8491400000", "costOfRevenue": "4556100000", "costofGoodsAndServicesSold": "4556100000", "operatingIncome": "3221200000", "sellingGeneralAndAdministrative": "714100000", "researchAndDevelopment": "0", "operatingExpenses": "714100000", "investmentIncomeNet": "None", "netInterestIncome": "None", "interestIncome": "None", "interestExpense": "47400000", "nonInterestIncome": "None", "otherNonOperatingIncome": "235800000", "depreciation": "None", "depreciationAndAmortization": "94600000", "incomeBeforeTax": "3409600000", "incomeTaxExpense": "997900000", "interestAndDebtExpense": "None", "netIncomeFromContinuingOperations": "2411700000", "comprehensiveIncomeNetOfTax": "None", "ebit": "3221200000", "ebitda": "3315800000", "netIncome": "2384300000"}, {"fiscalDateEnding": "2013-09-30", "reportedCurrency": "USD", "grossProfit": "3558400000", "totalRevenue": "7985000000", "costOfRevenue": "4426600000", "costofGoodsAndServicesSold": "4426600000", "operatingIncome": "2921300000", "sellingGeneralAndAdministrative": "637100000", "researchAndDevelopment": "0", "operatingExpenses": "637100000", "investmentIncomeNet": "None", "netInterestIncome": "None", "interestIncome": "None", "interestExpense": "46900000", "nonInterestIncome": "None", "otherNonOperatingIncome": "152200000", "depreciation": "None", "depreciationAndAmortization": "93500000", "incomeBeforeTax": "3026600000", "incomeTaxExpense": "855900000", "interestAndDebtExpense": "None", "netIncomeFromContinuingOperations": "2170700000", "comprehensiveIncomeNetOfTax": "None", "ebit": "2921300000", "ebitda": "3014800000", "netIncome": "2150200000"}, {"fiscalDateEnding": "2012-09-30", "reportedCurrency": "USD", "grossProfit": "5845500000", "totalRevenue": "7101000000", "costOfRevenue": "1255500000", "costofGoodsAndServicesSold": "1255500000", "operatingIncome": "2515200000", "sellingGeneralAndAdministrative": "407700000", "researchAndDevelopment": "182900000", "operatingExpenses": "3330300000", "investmentIncomeNet": "None", "netInterestIncome": "None", "interestIncome": "None", "interestExpense": "36700000", "nonInterestIncome": "None", "otherNonOperatingIncome": "199700000", "depreciation": "None", "depreciationAndAmortization": "82100000", "incomeBeforeTax": "2678200000", "incomeTaxExpense": "762700000", "interestAndDebtExpense": "None", "netIncomeFromContinuingOperations": "1915500000", "comprehensiveIncomeNetOfTax": "None", "ebit": "2714900000", "ebitda": "2797000000", "netIncome": "1931400000"}, {"fiscalDateEnding": "2011-09-30", "reportedCurrency": "USD", "grossProfit": "5908800000", "totalRevenue": "7140000000", "costOfRevenue": "1231200000", "costofGoodsAndServicesSold": "1231200000", "operatingIncome": "2659800000", "sellingGeneralAndAdministrative": "363100000", "researchAndDevelopment": "173138000", "operatingExpenses": "3249000000", "investmentIncomeNet": "None", "netInterestIncome": "None", "interestIncome": "None", "interestExpense": "37400000", "nonInterestIncome": "None", "otherNonOperatingIncome": "1809000", "depreciation": "None", "depreciationAndAmortization": "88400000", "incomeBeforeTax": "2624200000", "incomeTaxExpense": "803400000", "interestAndDebtExpense": "None", "netIncomeFromContinuingOperations": "1820776000", "comprehensiveIncomeNetOfTax": "None", "ebit": "2661600000", "ebitda": "2750000000", "netIncome": "1923580000"}, {"fiscalDateEnding": "2010-09-30", "reportedCurrency": "USD", "grossProfit": "3570100000", "totalRevenue": "5853000000", "costOfRevenue": "2282900000", "costofGoodsAndServicesSold": "2282900000", "operatingIncome": "1958700000", "sellingGeneralAndAdministrative": "1315800000", "researchAndDevelopment": "0", "operatingExpenses": "1611400000", "investmentIncomeNet": "None", "netInterestIncome": "None", "interestIncome": "None", "interestExpense": "16500000", "nonInterestIncome": "None", "otherNonOperatingIncome": "127634000", "depreciation": "None", "depreciationAndAmortization": "267400000", "incomeBeforeTax": "2069800000", "incomeTaxExpense": "618300000", "interestAndDebtExpense": "None", "netIncomeFromContinuingOperations": "1451496000", "comprehensiveIncomeNetOfTax": "None", "ebit": "2086300000", "ebitda": "2353700000", "netIncome": "1445689000"}, {"fiscalDateEnding": "2009-09-30", "reportedCurrency": "USD", "grossProfit": "2842065000", "totalRevenue": "4194087000", "costOfRevenue": "1352022000", "costofGoodsAndServicesSold": "1352022000", "operatingIncome": "1202594000", "sellingGeneralAndAdministrative": "2584731000", "researchAndDevelopment": "0", "operatingExpenses": "2991493000", "investmentIncomeNet": "None", "netInterestIncome": "None", "interestIncome": "None", "interestExpense": "3771000", "nonInterestIncome": "None", "otherNonOperatingIncome": "82269000", "depreciation": "None", "depreciationAndAmortization": "181272000", "incomeBeforeTax": "1281092000", "incomeTaxExpense": "384314000", "interestAndDebtExpense": "None", "netIncomeFromContinuingOperations": "896778000", "comprehensiveIncomeNetOfTax": "None", "ebit": "1202594000", "ebitda": "1383866000", "netIncome": "896778000"}, {"fiscalDateEnding": "2008-09-30", "reportedCurrency": "USD", "grossProfit": "4095273000", "totalRevenue": "6032386000", "costOfRevenue": "1937113000", "costofGoodsAndServicesSold": "1937113000", "operatingIncome": "2099002000", "sellingGeneralAndAdministrative": "1441643000", "researchAndDevelopment": "None", "operatingExpenses": "1996271000", "investmentIncomeNet": "None", "netInterestIncome": "None", "interestIncome": "None", "interestExpense": "15758000", "nonInterestIncome": "None", "otherNonOperatingIncome": "None", "depreciation": "None", "depreciationAndAmortization": "215222000", "incomeBeforeTax": "2236589000", "incomeTaxExpense": "648376000", "interestAndDebtExpense": "None", "netIncomeFromContinuingOperations": "None", "comprehensiveIncomeNetOfTax": "None", "ebit": "2252347000", "ebitda": "2467569000", "netIncome": "1588213000"}, {"fiscalDateEnding": "2007-09-30", "reportedCurrency": "USD", "grossProfit": "4045138000", "totalRevenue": "6205769000", "costOfRevenue": "2160631000", "costofGoodsAndServicesSold": "2160631000", "operatingIncome": "2067547000", "sellingGeneralAndAdministrative": "1398572000", "researchAndDevelopment": "317938000", "operatingExpenses": "1977591000", "investmentIncomeNet": "None", "netInterestIncome": "None", "interestIncome": "None", "interestExpense": "23220000", "nonInterestIncome": "None", "otherNonOperatingIncome": "None", "depreciation": "None", "depreciationAndAmortization": "198619000", "incomeBeforeTax": "2465301000", "incomeTaxExpense": "692363000", "interestAndDebtExpense": "None", "netIncomeFromContinuingOperations": "None", "comprehensiveIncomeNetOfTax": "None", "ebit": "2488521000", "ebitda": "2687140000", "netIncome": "1772938000"}, {"fiscalDateEnding": "2006-09-30", "reportedCurrency": "USD", "grossProfit": "5050726000", "totalRevenue": "5050726000", "costOfRevenue": "1641400000", "costofGoodsAndServicesSold": "1641400000", "operatingIncome": "1633381000", "sellingGeneralAndAdministrative": "None", "researchAndDevelopment": "302341000", "operatingExpenses": "3417345000", "investmentIncomeNet": "None", "netInterestIncome": "None", "interestIncome": "None", "interestExpense": "29221000", "nonInterestIncome": "None", "otherNonOperatingIncome": "None", "depreciation": "None", "depreciationAndAmortization": "215271000", "incomeBeforeTax": "1835566000", "incomeTaxExpense": "567998000", "interestAndDebtExpense": "None", "netIncomeFromContinuingOperations": "None", "comprehensiveIncomeNetOfTax": "None", "ebit": "3274782000", "ebitda": "3490053000", "netIncome": "1267568000"}], "quarterlyReports": [{"fiscalDateEnding": "2025-12-31", "reportedCurrency": "USD", "grossProfit": "1898600000", "totalRevenue": "2327100000", "costOfRevenue": "428500000", "costofGoodsAndServicesSold": "428500000", "operatingIncome": "281000000", "sellingGeneralAndAdministrative": "777100000", "researchAndDevelopment": "None", "operatingExpenses": "1617600000", "investmentIncomeNet": "None", "netInterestIncome": "-20400000", "interestIncome": "151600000", "interestExpense": "20400000", "nonInterestIncome": "None", "otherNonOperatingIncome": "None", "depreciation": "None", "depreciationAndAmortization": "83900000", "incomeBeforeTax": "451800000", "incomeTaxExpense": "105000000", "interestAndDebtExpense": "None", "netIncomeFromContinuingOperations": "346800000", "comprehensiveIncomeNetOfTax": "None", "ebit": "472200000", "ebitda": "556100000", "netIncome": "255500000"}, {"fiscalDateEnding": "2025-09-30", "reportedCurrency": "USD", "grossProfit": "1917400000", "totalRevenue": "2343700000", "costOfRevenue": "426300000", "costofGoodsAndServicesSold": "426300000", "operatingIncome": "85400000", "sellingGeneralAndAdministrative": "821300000", "researchAndDevelopment": "None", "operatingExpenses": "1832000000", "investmentIncomeNet": "None", "netInterestIncome": "-25200000", "interestIncome": "172200000", "interestExpense": "25200000", "nonInterestIncome": "None", "otherNonOperatingIncome": "None", "depreciation": "None", "depreciationAndAmortization": "100300000", "incomeBeforeTax": "254300000", "incomeTaxExpense": "65800000", "interestAndDebtExpense": "None", "netIncomeFromContinuingOperations": "188500000", "comprehensiveIncomeNetOfTax": "None", "ebit": "279500000", "ebitda": "379800000", "netIncome": "117600000"}, {"fiscalDateEnding": "2025-06-30", "reportedCurrency": "USD", "grossProfit": "1635800000", "totalRevenue": "2064000000", "costOfRevenue": "428200000", "costofGoodsAndServicesSold": "428200000", "operatingIncome": "154100000", "sellingGeneralAndAdministrative": "676100000", "researchAndDevelopment": "None", "operatingExpenses": "1481700000", "investmentIncomeNet": "None", "netInterestIncome": "-25800000", "interestIncome": "18000000", "interestExpense": "25800000", "nonInterestIncome": "None", "otherNonOperatingIncome": "None", "depreciation": "None", "depreciationAndAmortization": "145700000", "incomeBeforeTax": "176600000", "incomeTaxExpense": "59900000", "interestAndDebtExpense": "None", "netIncomeFromContinuingOperations": "116700000", "comprehensiveIncomeNetOfTax": "None", "ebit": "202400000", "ebitda": "348100000", "netIncome": "92300000"}, {"fiscalDateEnding": "2025-03-31", "reportedCurrency": "USD", "grossProfit": "1665500000", "totalRevenue": "2111400000", "costOfRevenue": "445900000", "costofGoodsAndServicesSold": "445900000", "operatingIncome": "145600000", "sellingGeneralAndAdministrative": "675300000", "researchAndDevelopment": "None", "operatingExpenses": "1519900000", "investmentIncomeNet": "None", "netInterestIncome": "-20800000", "interestIncome": "104800000", "interestExpense": "20800000", "nonInterestIncome": "None", "otherNonOperatingIncome": "None", "depreciation": "None", "depreciationAndAmortization": "143000000", "incomeBeforeTax": "42700000", "incomeTaxExpense": "31100000", "interestAndDebtExpense": "None", "netIncomeFromContinuingOperations": "11600000", "comprehensiveIncomeNetOfTax": "None", "ebit": "63500000", "ebitda": "206500000", "netIncome": "151400000"}, {"fiscalDateEnding": "2024-12-31", "reportedCurrency": "USD", "grossProfit": "1828000000", "totalRevenue": "2251600000", "costOfRevenue": "423600000", "costofGoodsAndServicesSold": "423600000", "operatingIncome": "219000000", "sellingGeneralAndAdministrative": "713200000", "researchAndDevelopment": "None", "operatingExpenses": "1609000000", "investmentIncomeNet": "None", "netInterestIncome": "-23100000", "interestIncome": "90500000", "interestExpense": "23100000", "nonInterestIncome": "None", "otherNonOperatingIncome": "None", "depreciation": "None", "depreciationAndAmortization": "142800000", "incomeBeforeTax": "313200000", "incomeTaxExpense": "81100000", "interestAndDebtExpense": "None", "netIncomeFromContinuingOperations": "232100000", "comprehensiveIncomeNetOfTax": "None", "ebit": "336300000", "ebitda": "479100000", "netIncome": "163600000"}, {"fiscalDateEnding": "2024-09-30", "reportedCurrency": "USD", "grossProfit": "1774300000", "totalRevenue": "2211200000", "costOfRevenue": "436900000", "costofGoodsAndServicesSold": "436900000", "operatingIncome": "-150700000", "sellingGeneralAndAdministrative": "720900000", "researchAndDevelopment": "None", "operatingExpenses": "1925000000", "investmentIncomeNet": "None", "netInterestIncome": "-25000000", "interestIncome": "103900000", "interestExpense": "25000000", "nonInterestIncome": "None", "otherNonOperatingIncome": "None", "depreciation": "None", "depreciationAndAmortization": "113800000", "incomeBeforeTax": "-46200000", "incomeTaxExpense": "9500000", "interestAndDebtExpense": "None", "netIncomeFromContinuingOperations": "-55700000", "comprehensiveIncomeNetOfTax": "None", "ebit": "-21200000", "ebitda": "92600000", "netIncome": "-84700000"}, {"fiscalDateEnding": "2024-06-30", "reportedCurrency": "USD", "grossProfit": "1697900000", "totalRevenue": "2122900000", "costOfRevenue": "425000000", "costofGoodsAndServicesSold": "425000000", "operatingIncome": "222500000", "sellingGeneralAndAdministrative": "710000000", "researchAndDevelopment": "None", "operatingExpenses": "1475400000", "investmentIncomeNet": "None", "netInterestIncome": "-25700000", "interestIncome": "None", "interestExpense": "25700000", "nonInterestIncome": "None", "otherNonOperatingIncome": "None", "depreciation": "None", "depreciationAndAmortization": "113000000", "incomeBeforeTax": "300100000", "incomeTaxExpense": "68100000", "interestAndDebtExpense": "None", "netIncomeFromContinuingOperations": "232000000", "comprehensiveIncomeNetOfTax": "None", "ebit": "325800000", "ebitda": "438800000", "netIncome": "174000000"}, {"fiscalDateEnding": "2024-03-31", "reportedCurrency": "USD", "grossProfit": "1699000000", "totalRevenue": "2152800000", "costOfRevenue": "453800000", "costofGoodsAndServicesSold": "453800000", "operatingIncome": "129300000", "sellingGeneralAndAdministrative": "726800000", "researchAndDevelopment": "None", "operatingExpenses": "1569700000", "investmentIncomeNet": "None", "netInterestIncome": "-27700000", "interestIncome": "None", "interestExpense": "27700000", "nonInterestIncome": "None", "otherNonOperatingIncome": "None", "depreciation": "None", "depreciationAndAmortization": "116400000", "incomeBeforeTax": "238100000", "incomeTaxExpense": "62800000", "interestAndDebtExpense": "None", "netIncomeFromContinuingOperations": "175300000", "comprehensiveIncomeNetOfTax": "None", "ebit": "265800000", "ebitda": "382200000", "netIncome": "124200000"}, {"fiscalDateEnding": "2023-12-31", "reportedCurrency": "USD", "grossProfit": "1620200000", "totalRevenue": "1991100000", "costOfRevenue": "370900000", "costofGoodsAndServicesSold": "370900000", "operatingIncome": "206500000", "sellingGeneralAndAdministrative": "654400000", "researchAndDevelopment": "None", "operatingExpenses": "1413700000", "investmentIncomeNet": "None", "netInterestIncome": "-18800000", "interestIncome": "None", "interestExpense": "18800000", "nonInterestIncome": "None", "otherNonOperatingIncome": "None", "depreciation": "None", "depreciationAndAmortization": "111500000", "incomeBeforeTax": "331200000", "incomeTaxExpense": "74900000", "interestAndDebtExpense": "None", "netIncomeFromContinuingOperations": "256300000", "comprehensiveIncomeNetOfTax": "None", "ebit": "350000000", "ebitda": "461500000", "netIncome": "251300000"}, {"fiscalDateEnding": "2023-09-30", "reportedCurrency": "USD", "grossProfit": "1618200000", "totalRevenue": "1986100000", "costOfRevenue": "367900000", "costofGoodsAndServicesSold": "367900000", "operatingIncome": "338300000", "sellingGeneralAndAdministrative": "591600000", "researchAndDevelopment": "None", "operatingExpenses": "1279900000", "investmentIncomeNet": "None", "netInterestIncome": "-24400000", "interestIncome": "None", "interestExpense": "24400000", "nonInterestIncome": "None", "otherNonOperatingIncome": "None", "depreciation": "None", "depreciationAndAmortization": "112500000", "incomeBeforeTax": "423500000", "incomeTaxExpense": "75000000", "interestAndDebtExpense": "None", "netIncomeFromContinuingOperations": "348500000", "comprehensiveIncomeNetOfTax": "None", "ebit": "447900000", "ebitda": "560400000", "netIncome": "295500000"}, {"fiscalDateEnding": "2023-06-30", "reportedCurrency": "USD", "grossProfit": "1595100000", "totalRevenue": "1969000000", "costOfRevenue": "373900000", "costofGoodsAndServicesSold": "373900000", "operatingIncome": "314900000", "sellingGeneralAndAdministrative": "627800000", "researchAndDevelopment": "None", "operatingExpenses": "1280200000", "investmentIncomeNet": "None", "netInterestIncome": "-34900000", "interestIncome": "3900000", "interestExpense": "34900000", "nonInterestIncome": "None", "otherNonOperatingIncome": "51200000", "depreciation": "None", "depreciationAndAmortization": "110800000", "incomeBeforeTax": "330700000", "incomeTaxExpense": "84100000", "interestAndDebtExpense": "None", "netIncomeFromContinuingOperations": "248000000", "comprehensiveIncomeNetOfTax": "None", "ebit": "365600000", "ebitda": "476400000", "netIncome": "227500000"}, {"fiscalDateEnding": "2023-03-31", "reportedCurrency": "USD", "grossProfit": "1530100000", "totalRevenue": "1927200000", "costOfRevenue": "397100000", "costofGoodsAndServicesSold": "397100000", "operatingIncome": "255100000", "sellingGeneralAndAdministrative": "623200000", "researchAndDevelopment": "None", "operatingExpenses": "1275000000", "investmentIncomeNet": "None", "netInterestIncome": "-33500000", "interestIncome": "168100000", "interestExpense": "33500000", "nonInterestIncome": "None", "otherNonOperatingIncome": "125600000", "depreciation": "None", "depreciationAndAmortization": "113800000", "incomeBeforeTax": "366000000", "incomeTaxExpense": "92900000", "interestAndDebtExpense": "None", "netIncomeFromContinuingOperations": "338100000", "comprehensiveIncomeNetOfTax": "None", "ebit": "399500000", "ebitda": "513300000", "netIncome": "194200000"}, {"fiscalDateEnding": "2022-12-31", "reportedCurrency": "USD", "grossProfit": "1606500000", "totalRevenue": "1967100000", "costOfRevenue": "360600000", "costofGoodsAndServicesSold": "360600000", "operatingIncome": "194000000", "sellingGeneralAndAdministrative": "611200000", "researchAndDevelopment": "None", "operatingExpenses": "1412500000", "investmentIncomeNet": "None", "netInterestIncome": "-30900000", "interestIncome": "43600000", "interestExpense": "30900000", "nonInterestIncome": "None", "otherNonOperatingIncome": "91100000", "depreciation": "None", "depreciationAndAmortization": "108300000", "incomeBeforeTax": "229100000", "incomeTaxExpense": "60300000", "interestAndDebtExpense": "None", "netIncomeFromContinuingOperations": "168800000", "comprehensiveIncomeNetOfTax": "None", "ebit": "260000000", "ebitda": "368300000", "netIncome": "165600000"}, {"fiscalDateEnding": "2022-09-30", "reportedCurrency": "USD", "grossProfit": "1591500000", "totalRevenue": "1939000000", "costOfRevenue": "347500000", "costofGoodsAndServicesSold": "347500000", "operatingIncome": "348500000", "sellingGeneralAndAdministrative": "576300000", "researchAndDevelopment": "None", "operatingExpenses": "1243000000", "investmentIncomeNet": "None", "netInterestIncome": "-27100000", "interestIncome": "93500000", "interestExpense": "27100000", "nonInterestIncome": "None", "otherNonOperatingIncome": "-6600000", "depreciation": "None", "depreciationAndAmortization": "108500000", "incomeBeforeTax": "254200000", "incomeTaxExpense": "48500000", "interestAndDebtExpense": "None", "netIncomeFromContinuingOperations": "205700000", "comprehensiveIncomeNetOfTax": "None", "ebit": "281300000", "ebitda": "389800000", "netIncome": "232700000"}, {"fiscalDateEnding": "2022-06-30", "reportedCurrency": "USD", "grossProfit": "1664800000", "totalRevenue": "2031300000", "costOfRevenue": "366500000", "costofGoodsAndServicesSold": "366500000", "operatingIncome": "404700000", "sellingGeneralAndAdministrative": "567900000", "researchAndDevelopment": "None", "operatingExpenses": "1260100000", "investmentIncomeNet": "None", "netInterestIncome": "-28900000", "interestIncome": "100700000", "interestExpense": "28900000", "nonInterestIncome": "None", "otherNonOperatingIncome": "13000000", "depreciation": "None", "depreciationAndAmortization": "107900000", "incomeBeforeTax": "313100000", "incomeTaxExpense": "89500000", "interestAndDebtExpense": "None", "netIncomeFromContinuingOperations": "223600000", "comprehensiveIncomeNetOfTax": "None", "ebit": "342000000", "ebitda": "449900000", "netIncome": "256400000"}, {"fiscalDateEnding": "2022-03-31", "reportedCurrency": "USD", "grossProfit": "1718400000", "totalRevenue": "2081000000", "costOfRevenue": "362600000", "costofGoodsAndServicesSold": "362600000", "operatingIncome": "463000000", "sellingGeneralAndAdministrative": "551500000", "researchAndDevelopment": "None", "operatingExpenses": "1255400000", "investmentIncomeNet": "None", "netInterestIncome": "-22900000", "interestIncome": "1600000", "interestExpense": "22900000", "nonInterestIncome": "None", "otherNonOperatingIncome": "27700000", "depreciation": "None", "depreciationAndAmortization": "80700000", "incomeBeforeTax": "466200000", "incomeTaxExpense": "107100000", "interestAndDebtExpense": "None", "netIncomeFromContinuingOperations": "359100000", "comprehensiveIncomeNetOfTax": "None", "ebit": "489100000", "ebitda": "569800000", "netIncome": "349600000"}, {"fiscalDateEnding": "2021-12-31", "reportedCurrency": "USD", "grossProfit": "1874200000", "totalRevenue": "2224000000", "costOfRevenue": "349800000", "costofGoodsAndServicesSold": "349800000", "operatingIncome": "557700000", "sellingGeneralAndAdministrative": "583900000", "researchAndDevelopment": "None", "operatingExpenses": "1316500000", "investmentIncomeNet": "None", "netInterestIncome": "-19300000", "interestIncome": "145900000", "interestExpense": "19300000", "nonInterestIncome": "None", "otherNonOperatingIncome": "57000000", "depreciation": "None", "depreciationAndAmortization": "80700000", "incomeBeforeTax": "695900000", "incomeTaxExpense": "151100000", "interestAndDebtExpense": "None", "netIncomeFromContinuingOperations": "544800000", "comprehensiveIncomeNetOfTax": "None", "ebit": "715200000", "ebitda": "795900000", "netIncome": "453200000"}, {"fiscalDateEnding": "2021-09-30", "reportedCurrency": "USD", "grossProfit": "1847600000", "totalRevenue": "2181000000", "costOfRevenue": "333400000", "costofGoodsAndServicesSold": "333400000", "operatingIncome": "531500000", "sellingGeneralAndAdministrative": "566900000", "researchAndDevelopment": "None", "operatingExpenses": "1316100000", "investmentIncomeNet": "None", "netInterestIncome": "-14100000", "interestIncome": "201400000", "interestExpense": "14100000", "nonInterestIncome": "None", "otherNonOperatingIncome": "67500000", "depreciation": "None", "depreciationAndAmortization": "65600000", "incomeBeforeTax": "738000000", "incomeTaxExpense": "-4800000", "interestAndDebtExpense": "None", "netIncomeFromContinuingOperations": "742800000", "comprehensiveIncomeNetOfTax": "None", "ebit": "752100000", "ebitda": "817700000", "netIncome": "665700000"}, {"fiscalDateEnding": "2021-06-30", "reportedCurrency": "USD", "grossProfit": "1806200000", "totalRevenue": "2172900000", "costOfRevenue": "366700000", "costofGoodsAndServicesSold": "366700000", "operatingIncome": "478100000", "sellingGeneralAndAdministrative": "578200000", "researchAndDevelopment": "None", "operatingExpenses": "1328100000", "investmentIncomeNet": "None", "netInterestIncome": "-24200000", "interestIncome": "79100000", "interestExpense": "25700000", "nonInterestIncome": "None", "otherNonOperatingIncome": "52900000", "depreciation": "None", "depreciationAndAmortization": "84100000", "incomeBeforeTax": "555400000", "incomeTaxExpense": "83800000", "interestAndDebtExpense": "None", "netIncomeFromContinuingOperations": "471600000", "comprehensiveIncomeNetOfTax": "None", "ebit": "581100000", "ebitda": "665200000", "netIncome": "438400000"}, {"fiscalDateEnding": "2021-03-31", "reportedCurrency": "USD", "grossProfit": "1715200000", "totalRevenue": "2076500000", "costOfRevenue": "361300000", "costofGoodsAndServicesSold": "361300000", "operatingIncome": "456300000", "sellingGeneralAndAdministrative": "495100000", "researchAndDevelopment": "None", "operatingExpenses": "1258900000", "investmentIncomeNet": "None", "netInterestIncome": "-13300000", "interestIncome": "155700000", "interestExpense": "15900000", "nonInterestIncome": "None", "otherNonOperatingIncome": "67100000", "depreciation": "None", "depreciationAndAmortization": "80900000", "incomeBeforeTax": "613500000", "incomeTaxExpense": "128100000", "interestAndDebtExpense": "None", "netIncomeFromContinuingOperations": "485400000", "comprehensiveIncomeNetOfTax": "None", "ebit": "629400000", "ebitda": "710300000", "netIncome": "381800000"}, {"fiscalDateEnding": "2020-12-31", "reportedCurrency": "USD", "grossProfit": "1637400000", "totalRevenue": "1995100000", "costOfRevenue": "357700000", "costofGoodsAndServicesSold": "357700000", "operatingIncome": "409100000", "sellingGeneralAndAdministrative": "503600000", "researchAndDevelopment": "None", "operatingExpenses": "1228300000", "investmentIncomeNet": "None", "netInterestIncome": "-27100000", "interestIncome": "137200000", "interestExpense": "29700000", "nonInterestIncome": "None", "otherNonOperatingIncome": "77200000", "depreciation": "None", "depreciationAndAmortization": "80000000", "incomeBeforeTax": "537300000", "incomeTaxExpense": "142500000", "interestAndDebtExpense": "None", "netIncomeFromContinuingOperations": "394800000", "comprehensiveIncomeNetOfTax": "None", "ebit": "567000000", "ebitda": "647000000", "netIncome": "345300000"}, {"fiscalDateEnding": "2020-09-30", "reportedCurrency": "USD", "grossProfit": "1696900000", "totalRevenue": "1627400000", "costOfRevenue": "-69500000", "costofGoodsAndServicesSold": "-69500000", "operatingIncome": "46400000", "sellingGeneralAndAdministrative": "832000000", "researchAndDevelopment": "None", "operatingExpenses": "1650500000", "investmentIncomeNet": "None", "netInterestIncome": "-12800000", "interestIncome": "170200000", "interestExpense": "15700000", "nonInterestIncome": "None", "otherNonOperatingIncome": "135500000", "depreciation": "None", "depreciationAndAmortization": "56100000", "incomeBeforeTax": "199600000", "incomeTaxExpense": "73100000", "interestAndDebtExpense": "None", "netIncomeFromContinuingOperations": "126500000", "comprehensiveIncomeNetOfTax": "None", "ebit": "215300000", "ebitda": "271400000", "netIncome": "78900000"}, {"fiscalDateEnding": "2020-06-30", "reportedCurrency": "USD", "grossProfit": "925300000", "totalRevenue": "1161100000", "costOfRevenue": "235800000", "costofGoodsAndServicesSold": "235800000", "operatingIncome": "232500000", "sellingGeneralAndAdministrative": "241900000", "researchAndDevelopment": "None", "operatingExpenses": "692800000", "investmentIncomeNet": "None", "netInterestIncome": "-4500000", "interestIncome": "2300000", "interestExpense": "5200000", "nonInterestIncome": "None", "otherNonOperatingIncome": "22900000", "depreciation": "None", "depreciationAndAmortization": "22200000", "incomeBeforeTax": "269800000", "incomeTaxExpense": "16100000", "interestAndDebtExpense": "None", "netIncomeFromContinuingOperations": "253700000", "comprehensiveIncomeNetOfTax": "None", "ebit": "275000000", "ebitda": "297200000", "netIncome": "290400000"}, {"fiscalDateEnding": "2020-03-31", "reportedCurrency": "USD", "grossProfit": "1060200000", "totalRevenue": "1311200000", "costOfRevenue": "251000000", "costofGoodsAndServicesSold": "251000000", "operatingIncome": "339900000", "sellingGeneralAndAdministrative": "203000000", "researchAndDevelopment": "None", "operatingExpenses": "720300000", "investmentIncomeNet": "None", "netInterestIncome": "-500000", "interestIncome": "3700000", "interestExpense": "3700000", "nonInterestIncome": "None", "otherNonOperatingIncome": "-249000000", "depreciation": "None", "depreciationAndAmortization": "23400000", "incomeBeforeTax": "102900000", "incomeTaxExpense": "44100000", "interestAndDebtExpense": "None", "netIncomeFromContinuingOperations": "58800000", "comprehensiveIncomeNetOfTax": "None", "ebit": "106600000", "ebitda": "130000000", "netIncome": "79100000"}, {"fiscalDateEnding": "2019-12-31", "reportedCurrency": "USD", "grossProfit": "1148500000", "totalRevenue": "1389200000", "costOfRevenue": "240700000", "costofGoodsAndServicesSold": "240700000", "operatingIncome": "372900000", "sellingGeneralAndAdministrative": "243100000", "researchAndDevelopment": "None", "operatingExpenses": "775600000", "investmentIncomeNet": "None", "netInterestIncome": "-1300000", "interestIncome": "5400000", "interestExpense": "6100000", "nonInterestIncome": "None", "otherNonOperatingIncome": "59600000", "depreciation": "None", "depreciationAndAmortization": "26800000", "incomeBeforeTax": "445600000", "incomeTaxExpense": "97500000", "interestAndDebtExpense": "None", "netIncomeFromContinuingOperations": "348100000", "comprehensiveIncomeNetOfTax": "None", "ebit": "451700000", "ebitda": "478500000", "netIncome": "350500000"}, {"fiscalDateEnding": "2019-09-30", "reportedCurrency": "USD", "grossProfit": "1070100000", "totalRevenue": "1452500000", "costOfRevenue": "382400000", "costofGoodsAndServicesSold": "382400000", "operatingIncome": "391500000", "sellingGeneralAndAdministrative": "145500000", "researchAndDevelopment": "None", "operatingExpenses": "678600000", "investmentIncomeNet": "None", "netInterestIncome": "-700000", "interestIncome": "6300000", "interestExpense": "7000000", "nonInterestIncome": "None", "otherNonOperatingIncome": "11300000", "depreciation": "None", "depreciationAndAmortization": "26000000", "incomeBeforeTax": "395800000", "incomeTaxExpense": "86500000", "interestAndDebtExpense": "None", "netIncomeFromContinuingOperations": "309300000", "comprehensiveIncomeNetOfTax": "None", "ebit": "402800000", "ebitda": "428800000", "netIncome": "306400000"}, {"fiscalDateEnding": "2019-06-30", "reportedCurrency": "USD", "grossProfit": "1039000000", "totalRevenue": "1476700000", "costOfRevenue": "437700000", "costofGoodsAndServicesSold": "437700000", "operatingIncome": "374900000", "sellingGeneralAndAdministrative": "136000000", "researchAndDevelopment": "None", "operatingExpenses": "664100000", "investmentIncomeNet": "None", "netInterestIncome": "1600000", "interestIncome": "7200000", "interestExpense": "5600000", "nonInterestIncome": "None", "otherNonOperatingIncome": "44200000", "depreciation": "None", "depreciationAndAmortization": "25600000", "incomeBeforeTax": "413500000", "incomeTaxExpense": "158900000", "interestAndDebtExpense": "None", "netIncomeFromContinuingOperations": "254600000", "comprehensiveIncomeNetOfTax": "None", "ebit": "419100000", "ebitda": "444700000", "netIncome": "245900000"}, {"fiscalDateEnding": "2019-03-31", "reportedCurrency": "USD", "grossProfit": "1024200000", "totalRevenue": "1433800000", "costOfRevenue": "409600000", "costofGoodsAndServicesSold": "409600000", "operatingIncome": "379500000", "sellingGeneralAndAdministrative": "133200000", "researchAndDevelopment": "None", "operatingExpenses": "644700000", "investmentIncomeNet": "None", "netInterestIncome": "2800000", "interestIncome": "8500000", "interestExpense": "5700000", "nonInterestIncome": "None", "otherNonOperatingIncome": "118700000", "depreciation": "None", "depreciationAndAmortization": "21500000", "incomeBeforeTax": "492500000", "incomeTaxExpense": "110900000", "interestAndDebtExpense": "None", "netIncomeFromContinuingOperations": "381600000", "comprehensiveIncomeNetOfTax": "None", "ebit": "498200000", "ebitda": "519700000", "netIncome": "367500000"}, {"fiscalDateEnding": "2018-12-31", "reportedCurrency": "USD", "grossProfit": "1056500000", "totalRevenue": "1411500000", "costOfRevenue": "355000000", "costofGoodsAndServicesSold": "355000000", "operatingIncome": "411500000", "sellingGeneralAndAdministrative": "139600000", "researchAndDevelopment": "0", "operatingExpenses": "645000000", "investmentIncomeNet": "None", "netInterestIncome": "None", "interestIncome": "None", "interestExpense": "6400000", "nonInterestIncome": "None", "otherNonOperatingIncome": "-59100000", "depreciation": "None", "depreciationAndAmortization": "20300000", "incomeBeforeTax": "346000000", "incomeTaxExpense": "86000000", "interestAndDebtExpense": "None", "netIncomeFromContinuingOperations": "260000000", "comprehensiveIncomeNetOfTax": "None", "ebit": "352400000", "ebitda": "372700000", "netIncome": "275900000"}, {"fiscalDateEnding": "2018-09-30", "reportedCurrency": "USD", "grossProfit": "1182100000", "totalRevenue": "1527200000", "costOfRevenue": "345100000", "costofGoodsAndServicesSold": "345100000", "operatingIncome": "478700000", "sellingGeneralAndAdministrative": "145400000", "researchAndDevelopment": "0", "operatingExpenses": "703400000", "investmentIncomeNet": "None", "netInterestIncome": "None", "interestIncome": "None", "interestExpense": "5800000", "nonInterestIncome": "None", "otherNonOperatingIncome": "10400000", "depreciation": "None", "depreciationAndAmortization": "17700000", "incomeBeforeTax": "483300000", "incomeTaxExpense": "7000000", "interestAndDebtExpense": "None", "netIncomeFromContinuingOperations": "476300000", "comprehensiveIncomeNetOfTax": "None", "ebit": "489100000", "ebitda": "506800000", "netIncome": "502500000"}, {"fiscalDateEnding": "2018-06-30", "reportedCurrency": "USD", "grossProfit": "1201100000", "totalRevenue": "1558600000", "costOfRevenue": "357500000", "costofGoodsAndServicesSold": "357500000", "operatingIncome": "503100000", "sellingGeneralAndAdministrative": "135700000", "researchAndDevelopment": "0", "operatingExpenses": "698000000", "investmentIncomeNet": "None", "netInterestIncome": "None", "interestIncome": "None", "interestExpense": "22100000", "nonInterestIncome": "None", "otherNonOperatingIncome": "-33800000", "depreciation": "None", "depreciationAndAmortization": "20400000", "incomeBeforeTax": "447200000", "incomeTaxExpense": "91800000", "interestAndDebtExpense": "None", "netIncomeFromContinuingOperations": "355400000", "comprehensiveIncomeNetOfTax": "None", "ebit": "469300000", "ebitda": "489700000", "netIncome": "402000000"}, {"fiscalDateEnding": "2018-03-31", "reportedCurrency": "USD", "grossProfit": "1262300000", "totalRevenue": "1617800000", "costOfRevenue": "355500000", "costofGoodsAndServicesSold": "355500000", "operatingIncome": "555700000", "sellingGeneralAndAdministrative": "127000000", "researchAndDevelopment": "0", "operatingExpenses": "706600000", "investmentIncomeNet": "None", "netInterestIncome": "None", "interestIncome": "None", "interestExpense": "10000000", "nonInterestIncome": "None", "otherNonOperatingIncome": "87400000", "depreciation": "None", "depreciationAndAmortization": "17400000", "incomeBeforeTax": "633100000", "incomeTaxExpense": "150200000", "interestAndDebtExpense": "None", "netIncomeFromContinuingOperations": "482900000", "comprehensiveIncomeNetOfTax": "None", "ebit": "643100000", "ebitda": "660500000", "netIncome": "443200000"}, {"fiscalDateEnding": "2017-12-31", "reportedCurrency": "USD", "grossProfit": "1283000000", "totalRevenue": "1615500000", "costOfRevenue": "332500000", "costofGoodsAndServicesSold": "332500000", "operatingIncome": "581100000", "sellingGeneralAndAdministrative": "118200000", "researchAndDevelopment": "0", "operatingExpenses": "701900000", "investmentIncomeNet": "None", "netInterestIncome": "None", "interestIncome": "None", "interestExpense": "10800000", "nonInterestIncome": "None", "otherNonOperatingIncome": "81300000", "depreciation": "None", "depreciationAndAmortization": "20900000", "incomeBeforeTax": "651600000", "incomeTaxExpense": "1223500000", "interestAndDebtExpense": "None", "netIncomeFromContinuingOperations": "-571900000", "comprehensiveIncomeNetOfTax": "None", "ebit": "662400000", "ebitda": "683300000", "netIncome": "-583300000"}, {"fiscalDateEnding": "2017-09-30", "reportedCurrency": "USD", "grossProfit": "1280800000", "totalRevenue": "1616900000", "costOfRevenue": "336100000", "costofGoodsAndServicesSold": "336100000", "operatingIncome": "557700000", "sellingGeneralAndAdministrative": "128200000", "researchAndDevelopment": "0", "operatingExpenses": "723100000", "investmentIncomeNet": "None", "netInterestIncome": "None", "interestIncome": "None", "interestExpense": "12700000", "nonInterestIncome": "None", "otherNonOperatingIncome": "113400000", "depreciation": "None", "depreciationAndAmortization": "18000000", "incomeBeforeTax": "658400000", "incomeTaxExpense": "181900000", "interestAndDebtExpense": "None", "netIncomeFromContinuingOperations": "476500000", "comprehensiveIncomeNetOfTax": "None", "ebit": "671100000", "ebitda": "689100000", "netIncome": "425200000"}, {"fiscalDateEnding": "2017-06-30", "reportedCurrency": "USD", "grossProfit": "1271200000", "totalRevenue": "1613900000", "costOfRevenue": "342700000", "costofGoodsAndServicesSold": "342700000", "operatingIncome": "564200000", "sellingGeneralAndAdministrative": "111700000", "researchAndDevelopment": "0", "operatingExpenses": "707000000", "investmentIncomeNet": "None", "netInterestIncome": "None", "interestIncome": "None", "interestExpense": "12900000", "nonInterestIncome": "None", "otherNonOperatingIncome": "92200000", "depreciation": "None", "depreciationAndAmortization": "21800000", "incomeBeforeTax": "643500000", "incomeTaxExpense": "184100000", "interestAndDebtExpense": "None", "netIncomeFromContinuingOperations": "459400000", "comprehensiveIncomeNetOfTax": "None", "ebit": "656400000", "ebitda": "678200000", "netIncome": "410600000"}, {"fiscalDateEnding": "2017-03-31", "reportedCurrency": "USD", "grossProfit": "1257200000", "totalRevenue": "1600600000", "costOfRevenue": "343400000", "costofGoodsAndServicesSold": "343400000", "operatingIncome": "555500000", "sellingGeneralAndAdministrative": "112900000", "researchAndDevelopment": "0", "operatingExpenses": "701700000", "investmentIncomeNet": "None", "netInterestIncome": "None", "interestIncome": "None", "interestExpense": "12600000", "nonInterestIncome": "None", "otherNonOperatingIncome": "84600000", "depreciation": "None", "depreciationAndAmortization": "20600000", "incomeBeforeTax": "627500000", "incomeTaxExpense": "192500000", "interestAndDebtExpense": "None", "netIncomeFromContinuingOperations": "435000000", "comprehensiveIncomeNetOfTax": "None", "ebit": "640100000", "ebitda": "660700000", "netIncome": "420700000"}, {"fiscalDateEnding": "2016-12-31", "reportedCurrency": "USD", "grossProfit": "1249300000", "totalRevenue": "1560800000", "costOfRevenue": "311500000", "costofGoodsAndServicesSold": "311500000", "operatingIncome": "586900000", "sellingGeneralAndAdministrative": "90700000", "researchAndDevelopment": "0", "operatingExpenses": "662400000", "investmentIncomeNet": "None", "netInterestIncome": "None", "interestIncome": "None", "interestExpense": "13300000", "nonInterestIncome": "None", "otherNonOperatingIncome": "46100000", "depreciation": "None", "depreciationAndAmortization": "19900000", "incomeBeforeTax": "619700000", "incomeTaxExpense": "200900000", "interestAndDebtExpense": "None", "netIncomeFromContinuingOperations": "418800000", "comprehensiveIncomeNetOfTax": "None", "ebit": "633000000", "ebitda": "652900000", "netIncome": "440200000"}, {"fiscalDateEnding": "2016-09-30", "reportedCurrency": "USD", "grossProfit": "1294600000", "totalRevenue": "1611800000", "costOfRevenue": "317200000", "costofGoodsAndServicesSold": "317200000", "operatingIncome": "579400000", "sellingGeneralAndAdministrative": "123000000", "researchAndDevelopment": "0", "operatingExpenses": "715200000", "investmentIncomeNet": "None", "netInterestIncome": "None", "interestIncome": "None", "interestExpense": "13400000", "nonInterestIncome": "None", "otherNonOperatingIncome": "70300000", "depreciation": "None", "depreciationAndAmortization": "21300000", "incomeBeforeTax": "636300000", "incomeTaxExpense": "163300000", "interestAndDebtExpense": "None", "netIncomeFromContinuingOperations": "473000000", "comprehensiveIncomeNetOfTax": "None", "ebit": "649700000", "ebitda": "671000000", "netIncome": "472100000"}, {"fiscalDateEnding": "2016-06-30", "reportedCurrency": "USD", "grossProfit": "1307400000", "totalRevenue": "1634300000", "costOfRevenue": "326900000", "costofGoodsAndServicesSold": "326900000", "operatingIncome": "595400000", "sellingGeneralAndAdministrative": "108100000", "researchAndDevelopment": "0", "operatingExpenses": "712000000", "investmentIncomeNet": "None", "netInterestIncome": "None", "interestIncome": "None", "interestExpense": "12300000", "nonInterestIncome": "None", "otherNonOperatingIncome": "65800000", "depreciation": "None", "depreciationAndAmortization": "19400000", "incomeBeforeTax": "648900000", "incomeTaxExpense": "187400000", "interestAndDebtExpense": "None", "netIncomeFromContinuingOperations": "461500000", "comprehensiveIncomeNetOfTax": "None", "ebit": "661200000", "ebitda": "680600000", "netIncome": "446400000"}, {"fiscalDateEnding": "2016-03-31", "reportedCurrency": "USD", "grossProfit": "1239600000", "totalRevenue": "1613900000", "costOfRevenue": "374300000", "costofGoodsAndServicesSold": "374300000", "operatingIncome": "537300000", "sellingGeneralAndAdministrative": "121000000", "researchAndDevelopment": "0", "operatingExpenses": "702300000", "investmentIncomeNet": "None", "netInterestIncome": "None", "interestIncome": "None", "interestExpense": "12200000", "nonInterestIncome": "None", "otherNonOperatingIncome": "17400000", "depreciation": "None", "depreciationAndAmortization": "23800000", "incomeBeforeTax": "542500000", "incomeTaxExpense": "181700000", "interestAndDebtExpense": "None", "netIncomeFromContinuingOperations": "360800000", "comprehensiveIncomeNetOfTax": "None", "ebit": "554700000", "ebitda": "578500000", "netIncome": "360400000"}, {"fiscalDateEnding": "2015-12-31", "reportedCurrency": "USD", "grossProfit": "1415500000", "totalRevenue": "1758000000", "costOfRevenue": "342500000", "costofGoodsAndServicesSold": "342500000", "operatingIncome": "653600000", "sellingGeneralAndAdministrative": "122100000", "researchAndDevelopment": "0", "operatingExpenses": "761900000", "investmentIncomeNet": "None", "netInterestIncome": "None", "interestIncome": "None", "interestExpense": "12000000", "nonInterestIncome": "None", "otherNonOperatingIncome": "30500000", "depreciation": "None", "depreciationAndAmortization": "22600000", "incomeBeforeTax": "672100000", "incomeTaxExpense": "209700000", "interestAndDebtExpense": "None", "netIncomeFromContinuingOperations": "462400000", "comprehensiveIncomeNetOfTax": "None", "ebit": "684100000", "ebitda": "706700000", "netIncome": "447800000"}, {"fiscalDateEnding": "2015-09-30", "reportedCurrency": "USD", "grossProfit": "1537000000", "totalRevenue": "1873800000", "costOfRevenue": "336800000", "costofGoodsAndServicesSold": "336800000", "operatingIncome": "718100000", "sellingGeneralAndAdministrative": "127700000", "researchAndDevelopment": "0", "operatingExpenses": "818900000", "investmentIncomeNet": "None", "netInterestIncome": "None", "interestIncome": "None", "interestExpense": "12900000", "nonInterestIncome": "None", "otherNonOperatingIncome": "-109500000", "depreciation": "None", "depreciationAndAmortization": "24800000", "incomeBeforeTax": "595700000", "incomeTaxExpense": "214200000", "interestAndDebtExpense": "None", "netIncomeFromContinuingOperations": "381500000", "comprehensiveIncomeNetOfTax": "None", "ebit": "608600000", "ebitda": "633400000", "netIncome": "358200000"}, {"fiscalDateEnding": "2015-06-30", "reportedCurrency": "USD", "grossProfit": "1637300000", "totalRevenue": "2000800000", "costOfRevenue": "363500000", "costofGoodsAndServicesSold": "363500000", "operatingIncome": "769800000", "sellingGeneralAndAdministrative": "115200000", "researchAndDevelopment": "0", "operatingExpenses": "867500000", "investmentIncomeNet": "None", "netInterestIncome": "None", "interestIncome": "None", "interestExpense": "13700000", "nonInterestIncome": "None", "otherNonOperatingIncome": "-4700000", "depreciation": "None", "depreciationAndAmortization": "23200000", "incomeBeforeTax": "751400000", "incomeTaxExpense": "217400000", "interestAndDebtExpense": "None", "netIncomeFromContinuingOperations": "534000000", "comprehensiveIncomeNetOfTax": "None", "ebit": "765100000", "ebitda": "788300000", "netIncome": "504200000"}, {"fiscalDateEnding": "2015-03-31", "reportedCurrency": "USD", "grossProfit": "1632300000", "totalRevenue": "2009800000", "costOfRevenue": "377500000", "costofGoodsAndServicesSold": "377500000", "operatingIncome": "757700000", "sellingGeneralAndAdministrative": "114200000", "researchAndDevelopment": "0", "operatingExpenses": "874600000", "investmentIncomeNet": "None", "netInterestIncome": "None", "interestIncome": "None", "interestExpense": "1700000", "nonInterestIncome": "None", "otherNonOperatingIncome": "102900000", "depreciation": "None", "depreciationAndAmortization": "24500000", "incomeBeforeTax": "858900000", "incomeTaxExpense": "236000000", "interestAndDebtExpense": "None", "netIncomeFromContinuingOperations": "622900000", "comprehensiveIncomeNetOfTax": "None", "ebit": "860600000", "ebitda": "885100000", "netIncome": "606500000"}, {"fiscalDateEnding": "2014-12-31", "reportedCurrency": "USD", "grossProfit": "1688800000", "totalRevenue": "2064300000", "costOfRevenue": "375500000", "costofGoodsAndServicesSold": "375500000", "operatingIncome": "782000000", "sellingGeneralAndAdministrative": "124100000", "researchAndDevelopment": "0", "operatingExpenses": "906800000", "investmentIncomeNet": "None", "netInterestIncome": "None", "interestIncome": "None", "interestExpense": "11300000", "nonInterestIncome": "None", "otherNonOperatingIncome": "51700000", "depreciation": "None", "depreciationAndAmortization": "24900000", "incomeBeforeTax": "822400000", "incomeTaxExpense": "256100000", "interestAndDebtExpense": "None", "netIncomeFromContinuingOperations": "566300000", "comprehensiveIncomeNetOfTax": "None", "ebit": "833700000", "ebitda": "858600000", "netIncome": "566400000"}, {"fiscalDateEnding": "2014-09-30", "reportedCurrency": "USD", "grossProfit": "1789600000", "totalRevenue": "2155500000", "costOfRevenue": "365900000", "costofGoodsAndServicesSold": "365900000", "operatingIncome": "835300000", "sellingGeneralAndAdministrative": "137600000", "researchAndDevelopment": "0", "operatingExpenses": "954300000", "investmentIncomeNet": "None", "netInterestIncome": "None", "interestIncome": "None", "interestExpense": "12500000", "nonInterestIncome": "None", "otherNonOperatingIncome": "63000000", "depreciation": "None", "depreciationAndAmortization": "21700000", "incomeBeforeTax": "885800000", "incomeTaxExpense": "255000000", "interestAndDebtExpense": "None", "netIncomeFromContinuingOperations": "630800000", "comprehensiveIncomeNetOfTax": "None", "ebit": "898300000", "ebitda": "920000000", "netIncome": "640600000"}, {"fiscalDateEnding": "2014-06-30", "reportedCurrency": "USD", "grossProfit": "1749800000", "totalRevenue": "2130500000", "costOfRevenue": "380700000", "costofGoodsAndServicesSold": "380700000", "operatingIncome": "786800000", "sellingGeneralAndAdministrative": "119400000", "researchAndDevelopment": "0", "operatingExpenses": "963000000", "investmentIncomeNet": "None", "netInterestIncome": "None", "interestIncome": "None", "interestExpense": "10900000", "nonInterestIncome": "None", "otherNonOperatingIncome": "107600000", "depreciation": "None", "depreciationAndAmortization": "22100000", "incomeBeforeTax": "883500000", "incomeTaxExpense": "251400000", "interestAndDebtExpense": "None", "netIncomeFromContinuingOperations": "632100000", "comprehensiveIncomeNetOfTax": "None", "ebit": "894400000", "ebitda": "916500000", "netIncome": "578900000"}, {"fiscalDateEnding": "2014-03-31", "reportedCurrency": "USD", "grossProfit": "1723600000", "totalRevenue": "2095900000", "costOfRevenue": "372300000", "costofGoodsAndServicesSold": "372300000", "operatingIncome": "786000000", "sellingGeneralAndAdministrative": "120300000", "researchAndDevelopment": "0", "operatingExpenses": "937600000", "investmentIncomeNet": "None", "netInterestIncome": "None", "interestIncome": "None", "interestExpense": "11400000", "nonInterestIncome": "None", "otherNonOperatingIncome": "17000000", "depreciation": "None", "depreciationAndAmortization": "25700000", "incomeBeforeTax": "791600000", "incomeTaxExpense": "238800000", "interestAndDebtExpense": "None", "netIncomeFromContinuingOperations": "552800000", "comprehensiveIncomeNetOfTax": "None", "ebit": "803000000", "ebitda": "828700000", "netIncome": "561000000"}, {"fiscalDateEnding": "2013-12-31", "reportedCurrency": "USD", "grossProfit": "1760500000", "totalRevenue": "2109500000", "costOfRevenue": "349000000", "costofGoodsAndServicesSold": "349000000", "operatingIncome": "813100000", "sellingGeneralAndAdministrative": "120500000", "researchAndDevelopment": "0", "operatingExpenses": "947400000", "investmentIncomeNet": "None", "netInterestIncome": "None", "interestIncome": "None", "interestExpense": "12600000", "nonInterestIncome": "None", "otherNonOperatingIncome": "48200000", "depreciation": "None", "depreciationAndAmortization": "25100000", "incomeBeforeTax": "848700000", "incomeTaxExpense": "252700000", "interestAndDebtExpense": "None", "netIncomeFromContinuingOperations": "596000000", "comprehensiveIncomeNetOfTax": "None", "ebit": "861300000", "ebitda": "886400000", "netIncome": "603800000"}, {"fiscalDateEnding": "2013-09-30", "reportedCurrency": "USD", "grossProfit": "1636000000", "totalRevenue": "1984800000", "costOfRevenue": "348800000", "costofGoodsAndServicesSold": "348800000", "operatingIncome": "735100000", "sellingGeneralAndAdministrative": "125000000", "researchAndDevelopment": "0", "operatingExpenses": "900900000", "investmentIncomeNet": "None", "netInterestIncome": "None", "interestIncome": "None", "interestExpense": "11500000", "nonInterestIncome": "None", "otherNonOperatingIncome": "-100000", "depreciation": "None", "depreciationAndAmortization": "23000000", "incomeBeforeTax": "723500000", "incomeTaxExpense": "213000000", "interestAndDebtExpense": "None", "netIncomeFromContinuingOperations": "510500000", "comprehensiveIncomeNetOfTax": "None", "ebit": "735000000", "ebitda": "758000000", "netIncome": "509000000"}, {"fiscalDateEnding": "2013-06-30", "reportedCurrency": "USD", "grossProfit": "1739300000", "totalRevenue": "2084800000", "costOfRevenue": "345500000", "costofGoodsAndServicesSold": "345500000", "operatingIncome": "771700000", "sellingGeneralAndAdministrative": "110400000", "researchAndDevelopment": "0", "operatingExpenses": "967600000", "investmentIncomeNet": "None", "netInterestIncome": "None", "interestIncome": "None", "interestExpense": "10000000", "nonInterestIncome": "None", "otherNonOperatingIncome": "10300000", "depreciation": "None", "depreciationAndAmortization": "23700000", "incomeBeforeTax": "772000000", "incomeTaxExpense": "209900000", "interestAndDebtExpense": "None", "netIncomeFromContinuingOperations": "562100000", "comprehensiveIncomeNetOfTax": "None", "ebit": "782000000", "ebitda": "805700000", "netIncome": "552300000"}, {"fiscalDateEnding": "2013-03-31", "reportedCurrency": "USD", "grossProfit": "1658500000", "totalRevenue": "2013600000", "costOfRevenue": "355100000", "costofGoodsAndServicesSold": "355100000", "operatingIncome": "729400000", "sellingGeneralAndAdministrative": "103500000", "researchAndDevelopment": "0", "operatingExpenses": "929100000", "investmentIncomeNet": "None", "netInterestIncome": "None", "interestIncome": "None", "interestExpense": "10900000", "nonInterestIncome": "None", "otherNonOperatingIncome": "96500000", "depreciation": "None", "depreciationAndAmortization": "25800000", "incomeBeforeTax": "815000000", "incomeTaxExpense": "221600000", "interestAndDebtExpense": "None", "netIncomeFromContinuingOperations": "593400000", "comprehensiveIncomeNetOfTax": "None", "ebit": "825900000", "ebitda": "851700000", "netIncome": "572800000"}, {"fiscalDateEnding": "2012-12-31", "reportedCurrency": "USD", "grossProfit": "1566700000", "totalRevenue": "1901800000", "costOfRevenue": "335100000", "costofGoodsAndServicesSold": "335100000", "operatingIncome": "685100000", "sellingGeneralAndAdministrative": "107100000", "researchAndDevelopment": "0", "operatingExpenses": "881600000", "investmentIncomeNet": "None", "netInterestIncome": "None", "interestIncome": "None", "interestExpense": "14500000", "nonInterestIncome": "None", "otherNonOperatingIncome": "45500000", "depreciation": "None", "depreciationAndAmortization": "21000000", "incomeBeforeTax": "716100000", "incomeTaxExpense": "211400000", "interestAndDebtExpense": "None", "netIncomeFromContinuingOperations": "504700000", "comprehensiveIncomeNetOfTax": "None", "ebit": "730600000", "ebitda": "751600000", "netIncome": "516100000"}, {"fiscalDateEnding": "2012-09-30", "reportedCurrency": "USD", "grossProfit": "1114590000", "totalRevenue": "1816191000", "costOfRevenue": "701601000", "costofGoodsAndServicesSold": "701601000", "operatingIncome": "622741000", "sellingGeneralAndAdministrative": "403034000", "researchAndDevelopment": "54100000", "operatingExpenses": "491849000", "investmentIncomeNet": "None", "netInterestIncome": "None", "interestIncome": "None", "interestExpense": "8413000", "nonInterestIncome": "None", "otherNonOperatingIncome": "64088000", "depreciation": "None", "depreciationAndAmortization": "49520000", "incomeBeforeTax": "678416000", "incomeTaxExpense": "174378000", "interestAndDebtExpense": "None", "netIncomeFromContinuingOperations": "504038000", "comprehensiveIncomeNetOfTax": "None", "ebit": "686829000", "ebitda": "736349000", "netIncome": "492100000"}, {"fiscalDateEnding": "2012-06-30", "reportedCurrency": "USD", "grossProfit": "1469000000", "totalRevenue": "1783600000", "costOfRevenue": "314600000", "costofGoodsAndServicesSold": "314600000", "operatingIncome": "643000000", "sellingGeneralAndAdministrative": "89900000", "researchAndDevelopment": "44079000", "operatingExpenses": "826000000", "investmentIncomeNet": "None", "netInterestIncome": "None", "interestIncome": "None", "interestExpense": "10100000", "nonInterestIncome": "None", "otherNonOperatingIncome": "-17975000", "depreciation": "None", "depreciationAndAmortization": "-45000000", "incomeBeforeTax": "614900000", "incomeTaxExpense": "184900000", "interestAndDebtExpense": "None", "netIncomeFromContinuingOperations": "429952000", "comprehensiveIncomeNetOfTax": "None", "ebit": "670000000", "ebitda": "625000000", "netIncome": "455267000"}, {"fiscalDateEnding": "2012-03-31", "reportedCurrency": "USD", "grossProfit": "1476300000", "totalRevenue": "1799300000", "costOfRevenue": "323000000", "costofGoodsAndServicesSold": "323000000", "operatingIncome": "617100000", "sellingGeneralAndAdministrative": "100400000", "researchAndDevelopment": "43292000", "operatingExpenses": "859200000", "investmentIncomeNet": "None", "netInterestIncome": "None", "interestIncome": "None", "interestExpense": "9600000", "nonInterestIncome": "None", "otherNonOperatingIncome": "82411000", "depreciation": "None", "depreciationAndAmortization": "55800000", "incomeBeforeTax": "689900000", "incomeTaxExpense": "202100000", "interestAndDebtExpense": "None", "netIncomeFromContinuingOperations": "487784000", "comprehensiveIncomeNetOfTax": "None", "ebit": "699500000", "ebitda": "755300000", "netIncome": "503219000"}, {"fiscalDateEnding": "2011-12-31", "reportedCurrency": "USD", "grossProfit": "1401500000", "totalRevenue": "1701900000", "costOfRevenue": "300400000", "costofGoodsAndServicesSold": "300400000", "operatingIncome": "632400000", "sellingGeneralAndAdministrative": "97100000", "researchAndDevelopment": "41434000", "operatingExpenses": "769100000", "investmentIncomeNet": "None", "netInterestIncome": "None", "interestIncome": "None", "interestExpense": "8600000", "nonInterestIncome": "None", "otherNonOperatingIncome": "71176000", "depreciation": "None", "depreciationAndAmortization": "52600000", "incomeBeforeTax": "695000000", "incomeTaxExpense": "201300000", "interestAndDebtExpense": "None", "netIncomeFromContinuingOperations": "493726000", "comprehensiveIncomeNetOfTax": "None", "ebit": "703600000", "ebitda": "756200000", "netIncome": "480785000"}, {"fiscalDateEnding": "2011-09-30", "reportedCurrency": "USD", "grossProfit": "1167715000", "totalRevenue": "1837130000", "costOfRevenue": "669415000", "costofGoodsAndServicesSold": "669415000", "operatingIncome": "688414000", "sellingGeneralAndAdministrative": "524956000", "researchAndDevelopment": "50028000", "operatingExpenses": "479301000", "investmentIncomeNet": "None", "netInterestIncome": "None", "interestIncome": "None", "interestExpense": "15194000", "nonInterestIncome": "None", "otherNonOperatingIncome": "-116473000", "depreciation": "None", "depreciationAndAmortization": "61809000", "incomeBeforeTax": "560820000", "incomeTaxExpense": "203926000", "interestAndDebtExpense": "None", "netIncomeFromContinuingOperations": "356894000", "comprehensiveIncomeNetOfTax": "None", "ebit": "545626000", "ebitda": "607435000", "netIncome": "415976000"}, {"fiscalDateEnding": "2011-06-30", "reportedCurrency": "USD", "grossProfit": "1133722000", "totalRevenue": "1853033000", "costOfRevenue": "719311000", "costofGoodsAndServicesSold": "719311000", "operatingIncome": "682697000", "sellingGeneralAndAdministrative": "377647000", "researchAndDevelopment": "41266000", "operatingExpenses": "451025000", "investmentIncomeNet": "None", "netInterestIncome": "None", "interestIncome": "None", "interestExpense": "10056000", "nonInterestIncome": "None", "otherNonOperatingIncome": "14503000", "depreciation": "None", "depreciationAndAmortization": "58138000", "incomeBeforeTax": "687144000", "incomeTaxExpense": "208944000", "interestAndDebtExpense": "None", "netIncomeFromContinuingOperations": "478200000", "comprehensiveIncomeNetOfTax": "None", "ebit": "697200000", "ebitda": "755338000", "netIncome": "503347000"}, {"fiscalDateEnding": "2011-03-31", "reportedCurrency": "USD", "grossProfit": "1072628000", "totalRevenue": "1749563000", "costOfRevenue": "676935000", "costofGoodsAndServicesSold": "676935000", "operatingIncome": "629482000", "sellingGeneralAndAdministrative": "401669000", "researchAndDevelopment": "41477000", "operatingExpenses": "443146000", "investmentIncomeNet": "None", "netInterestIncome": "None", "interestIncome": "None", "interestExpense": "8364000", "nonInterestIncome": "None", "otherNonOperatingIncome": "57451000", "depreciation": "None", "depreciationAndAmortization": "61149000", "incomeBeforeTax": "678569000", "incomeTaxExpense": "183004000", "interestAndDebtExpense": "None", "netIncomeFromContinuingOperations": "495565000", "comprehensiveIncomeNetOfTax": "None", "ebit": "686933000", "ebitda": "748082000", "netIncome": "503100000"}, {"fiscalDateEnding": "2010-12-31", "reportedCurrency": "USD", "grossProfit": "1053160000", "totalRevenue": "1700313000", "costOfRevenue": "647153000", "costofGoodsAndServicesSold": "647153000", "operatingIncome": "659234000", "sellingGeneralAndAdministrative": "353559000", "researchAndDevelopment": "40367000", "operatingExpenses": "393926000", "investmentIncomeNet": "None", "netInterestIncome": "None", "interestIncome": "None", "interestExpense": "7895000", "nonInterestIncome": "None", "otherNonOperatingIncome": "46328000", "depreciation": "None", "depreciationAndAmortization": "62478000", "incomeBeforeTax": "697667000", "incomeTaxExpense": "207550000", "interestAndDebtExpense": "None", "netIncomeFromContinuingOperations": "490117000", "comprehensiveIncomeNetOfTax": "None", "ebit": "705562000", "ebitda": "768040000", "netIncome": "501157000"}, {"fiscalDateEnding": "2010-09-30", "reportedCurrency": "USD", "grossProfit": "998596000", "totalRevenue": "1528404000", "costOfRevenue": "529808000", "costofGoodsAndServicesSold": "529808000", "operatingIncome": "509004000", "sellingGeneralAndAdministrative": "356628000", "researchAndDevelopment": "0", "operatingExpenses": "489592000", "investmentIncomeNet": "None", "netInterestIncome": "None", "interestIncome": "None", "interestExpense": "9992000", "nonInterestIncome": "None", "otherNonOperatingIncome": "53359000", "depreciation": "None", "depreciationAndAmortization": "66641000", "incomeBeforeTax": "552371000", "incomeTaxExpense": "176517000", "interestAndDebtExpense": "None", "netIncomeFromContinuingOperations": "375854000", "comprehensiveIncomeNetOfTax": "None", "ebit": "562363000", "ebitda": "629004000", "netIncome": "372906000"}, {"fiscalDateEnding": "2010-06-30", "reportedCurrency": "USD", "grossProfit": "943195000", "totalRevenue": "1534071000", "costOfRevenue": "590876000", "costofGoodsAndServicesSold": "590876000", "operatingIncome": "521564000", "sellingGeneralAndAdministrative": "345613000", "researchAndDevelopment": "0", "operatingExpenses": "421631000", "investmentIncomeNet": "None", "netInterestIncome": "None", "interestIncome": "None", "interestExpense": "9672000", "nonInterestIncome": "None", "otherNonOperatingIncome": "-21932000", "depreciation": "None", "depreciationAndAmortization": "69610000", "incomeBeforeTax": "494796000", "incomeTaxExpense": "135113000", "interestAndDebtExpense": "None", "netIncomeFromContinuingOperations": "359683000", "comprehensiveIncomeNetOfTax": "None", "ebit": "504468000", "ebitda": "574078000", "netIncome": "360495000"}, {"fiscalDateEnding": "2010-03-31", "reportedCurrency": "USD", "grossProfit": "855715000", "totalRevenue": "1413113000", "costOfRevenue": "557398000", "costofGoodsAndServicesSold": "557398000", "operatingIncome": "461135000", "sellingGeneralAndAdministrative": "324972000", "researchAndDevelopment": "0", "operatingExpenses": "394580000", "investmentIncomeNet": "None", "netInterestIncome": "None", "interestIncome": "None", "interestExpense": "936000", "nonInterestIncome": "None", "otherNonOperatingIncome": "48157000", "depreciation": "None", "depreciationAndAmortization": "65193000", "incomeBeforeTax": "508356000", "incomeTaxExpense": "149946000", "interestAndDebtExpense": "None", "netIncomeFromContinuingOperations": "358410000", "comprehensiveIncomeNetOfTax": "None", "ebit": "509292000", "ebitda": "574485000", "netIncome": "356685000"}, {"fiscalDateEnding": "2009-12-31", "reportedCurrency": "USD", "grossProfit": "841818000", "totalRevenue": "1377411000", "costOfRevenue": "535593000", "costofGoodsAndServicesSold": "535593000", "operatingIncome": "466977000", "sellingGeneralAndAdministrative": "374841000", "researchAndDevelopment": "0", "operatingExpenses": "374841000", "investmentIncomeNet": "None", "netInterestIncome": "None", "interestIncome": "None", "interestExpense": "742000", "nonInterestIncome": "None", "otherNonOperatingIncome": "48050000", "depreciation": "None", "depreciationAndAmortization": "66001000", "incomeBeforeTax": "514285000", "incomeTaxExpense": "156736000", "interestAndDebtExpense": "None", "netIncomeFromContinuingOperations": "357549000", "comprehensiveIncomeNetOfTax": "None", "ebit": "515027000", "ebitda": "581028000", "netIncome": "355603000"}, {"fiscalDateEnding": "2009-09-30", "reportedCurrency": "USD", "grossProfit": "820643000", "totalRevenue": "1238927000", "costOfRevenue": "418284000", "costofGoodsAndServicesSold": "418284000", "operatingIncome": "384722000", "sellingGeneralAndAdministrative": "318772000", "researchAndDevelopment": "0", "operatingExpenses": "435921000", "investmentIncomeNet": "None", "netInterestIncome": "None", "interestIncome": "None", "interestExpense": "268000", "nonInterestIncome": "None", "otherNonOperatingIncome": "None", "depreciation": "None", "depreciationAndAmortization": "51275000", "incomeBeforeTax": "503536000", "incomeTaxExpense": "136180000", "interestAndDebtExpense": "None", "netIncomeFromContinuingOperations": "0", "comprehensiveIncomeNetOfTax": "None", "ebit": "503804000", "ebitda": "555079000", "netIncome": "367356000"}, {"fiscalDateEnding": "2009-06-30", "reportedCurrency": "USD", "grossProfit": "722883000", "totalRevenue": "1073558000", "costOfRevenue": "350675000", "costofGoodsAndServicesSold": "350675000", "operatingIncome": "326186000", "sellingGeneralAndAdministrative": "299146000", "researchAndDevelopment": "0", "operatingExpenses": "396697000", "investmentIncomeNet": "None", "netInterestIncome": "None", "interestIncome": "None", "interestExpense": "211000", "nonInterestIncome": "None", "otherNonOperatingIncome": "87945000", "depreciation": "None", "depreciationAndAmortization": "40854000", "incomeBeforeTax": "423052000", "incomeTaxExpense": "116204000", "interestAndDebtExpense": "None", "netIncomeFromContinuingOperations": "297716000", "comprehensiveIncomeNetOfTax": "None", "ebit": "423263000", "ebitda": "464117000", "netIncome": "297716000"}, {"fiscalDateEnding": "2009-03-31", "reportedCurrency": "USD", "grossProfit": "618738000", "totalRevenue": "912272000", "costOfRevenue": "293534000", "costofGoodsAndServicesSold": "293534000", "operatingIncome": "223322000", "sellingGeneralAndAdministrative": "302130000", "researchAndDevelopment": "0", "operatingExpenses": "395416000", "investmentIncomeNet": "None", "netInterestIncome": "None", "interestIncome": "None", "interestExpense": "2092000", "nonInterestIncome": "None", "otherNonOperatingIncome": "None", "depreciation": "None", "depreciationAndAmortization": "42463000", "incomeBeforeTax": "176231000", "incomeTaxExpense": "67159000", "interestAndDebtExpense": "None", "netIncomeFromContinuingOperations": "0", "comprehensiveIncomeNetOfTax": "None", "ebit": "178323000", "ebitda": "220786000", "netIncome": "110806000"}, {"fiscalDateEnding": "2008-12-31", "reportedCurrency": "USD", "grossProfit": "679801000", "totalRevenue": "969330000", "costOfRevenue": "289529000", "costofGoodsAndServicesSold": "289529000", "operatingIncome": "268364000", "sellingGeneralAndAdministrative": "312661000", "researchAndDevelopment": "0", "operatingExpenses": "411437000", "investmentIncomeNet": "None", "netInterestIncome": "None", "interestIncome": "None", "interestExpense": "1200000", "nonInterestIncome": "None", "otherNonOperatingIncome": "None", "depreciation": "None", "depreciationAndAmortization": "46680000", "incomeBeforeTax": "174700000", "incomeTaxExpense": "64771000", "interestAndDebtExpense": "None", "netIncomeFromContinuingOperations": "0", "comprehensiveIncomeNetOfTax": "None", "ebit": "175900000", "ebitda": "222580000", "netIncome": "120900000"}, {"fiscalDateEnding": "2008-09-30", "reportedCurrency": "USD", "grossProfit": "914928000", "totalRevenue": "1321454000", "costOfRevenue": "406526000", "costofGoodsAndServicesSold": "406526000", "operatingIncome": "411971000", "sellingGeneralAndAdministrative": "357129000", "researchAndDevelopment": "0", "operatingExpenses": "502957000", "investmentIncomeNet": "None", "netInterestIncome": "None", "interestIncome": "None", "interestExpense": "478000", "nonInterestIncome": "None", "otherNonOperatingIncome": "None", "depreciation": "None", "depreciationAndAmortization": "58405000", "incomeBeforeTax": "453749000", "incomeTaxExpense": "153260000", "interestAndDebtExpense": "None", "netIncomeFromContinuingOperations": "0", "comprehensiveIncomeNetOfTax": "None", "ebit": "454227000", "ebitda": "512632000", "netIncome": "300489000"}, {"fiscalDateEnding": "2008-06-30", "reportedCurrency": "USD", "grossProfit": "1029264000", "totalRevenue": "1521649000", "costOfRevenue": "492385000", "costofGoodsAndServicesSold": "492385000", "operatingIncome": "532215000", "sellingGeneralAndAdministrative": "364128000", "researchAndDevelopment": "0", "operatingExpenses": "497049000", "investmentIncomeNet": "None", "netInterestIncome": "None", "interestIncome": "None", "interestExpense": "3287000", "nonInterestIncome": "None", "otherNonOperatingIncome": "None", "depreciation": "None", "depreciationAndAmortization": "51709000", "incomeBeforeTax": "553892000", "incomeTaxExpense": "150580000", "interestAndDebtExpense": "None", "netIncomeFromContinuingOperations": "0", "comprehensiveIncomeNetOfTax": "None", "ebit": "557179000", "ebitda": "608888000", "netIncome": "403312000"}, {"fiscalDateEnding": "2008-03-31", "reportedCurrency": "USD", "grossProfit": "1018080000", "totalRevenue": "1503692000", "costOfRevenue": "485612000", "costofGoodsAndServicesSold": "485612000", "operatingIncome": "519087000", "sellingGeneralAndAdministrative": "360479000", "researchAndDevelopment": "0", "operatingExpenses": "498993000", "investmentIncomeNet": "None", "netInterestIncome": "None", "interestIncome": "None", "interestExpense": "5948000", "nonInterestIncome": "None", "otherNonOperatingIncome": "None", "depreciation": "None", "depreciationAndAmortization": "52824000", "incomeBeforeTax": "519468000", "incomeTaxExpense": "153372000", "interestAndDebtExpense": "None", "netIncomeFromContinuingOperations": "0", "comprehensiveIncomeNetOfTax": "None", "ebit": "525416000", "ebitda": "578240000", "netIncome": "366096000"}, {"fiscalDateEnding": "2007-12-31", "reportedCurrency": "USD", "grossProfit": "1133001000", "totalRevenue": "1685591000", "costOfRevenue": "552590000", "costofGoodsAndServicesSold": "552590000", "operatingIncome": "635729000", "sellingGeneralAndAdministrative": "359907000", "researchAndDevelopment": "79617000", "operatingExpenses": "497272000", "investmentIncomeNet": "None", "netInterestIncome": "None", "interestIncome": "None", "interestExpense": "6045000", "nonInterestIncome": "None", "otherNonOperatingIncome": "None", "depreciation": "None", "depreciationAndAmortization": "52284000", "incomeBeforeTax": "709480000", "incomeTaxExpense": "191164000", "interestAndDebtExpense": "None", "netIncomeFromContinuingOperations": "0", "comprehensiveIncomeNetOfTax": "None", "ebit": "715525000", "ebitda": "767809000", "netIncome": "518316000"}, {"fiscalDateEnding": "2007-09-30", "reportedCurrency": "USD", "grossProfit": "1629137000", "totalRevenue": "1629137000", "costOfRevenue": "1092181000", "costofGoodsAndServicesSold": "1092181000", "operatingIncome": "541388000", "sellingGeneralAndAdministrative": "0", "researchAndDevelopment": "89187000", "operatingExpenses": "1087749000", "investmentIncomeNet": "None", "netInterestIncome": "None", "interestIncome": "None", "interestExpense": "10004000", "nonInterestIncome": "None", "otherNonOperatingIncome": "None", "depreciation": "None", "depreciationAndAmortization": "31261000", "incomeBeforeTax": "619732000", "incomeTaxExpense": "182824000", "interestAndDebtExpense": "None", "netIncomeFromContinuingOperations": "0", "comprehensiveIncomeNetOfTax": "None", "ebit": "1099772000", "ebitda": "1131033000", "netIncome": "436908000"}, {"fiscalDateEnding": "2007-06-30", "reportedCurrency": "USD", "grossProfit": "1043906000", "totalRevenue": "1639811000", "costOfRevenue": "595905000", "costofGoodsAndServicesSold": "595905000", "operatingIncome": "519006000", "sellingGeneralAndAdministrative": "355251000", "researchAndDevelopment": "79735000", "operatingExpenses": "524900000", "investmentIncomeNet": "None", "netInterestIncome": "None", "interestIncome": "None", "interestExpense": "6137000", "nonInterestIncome": "None", "otherNonOperatingIncome": "None", "depreciation": "None", "depreciationAndAmortization": "58559000", "incomeBeforeTax": "634521000", "incomeTaxExpense": "166157000", "interestAndDebtExpense": "None", "netIncomeFromContinuingOperations": "0", "comprehensiveIncomeNetOfTax": "None", "ebit": "640658000", "ebitda": "699217000", "netIncome": "468364000"}, {"fiscalDateEnding": "2007-03-31", "reportedCurrency": "USD", "grossProfit": "1509006000", "totalRevenue": "1509006000", "costOfRevenue": "1013755000", "costofGoodsAndServicesSold": "1013755000", "operatingIncome": "499083000", "sellingGeneralAndAdministrative": "0", "researchAndDevelopment": "73953000", "operatingExpenses": "1009923000", "investmentIncomeNet": "None", "netInterestIncome": "None", "interestIncome": "None", "interestExpense": "5990000", "nonInterestIncome": "None", "otherNonOperatingIncome": "None", "depreciation": "None", "depreciationAndAmortization": "56260000", "incomeBeforeTax": "607705000", "incomeTaxExpense": "166839000", "interestAndDebtExpense": "None", "netIncomeFromContinuingOperations": "0", "comprehensiveIncomeNetOfTax": "None", "ebit": "613695000", "ebitda": "669955000", "netIncome": "440866000"}, {"fiscalDateEnding": "2006-12-31", "reportedCurrency": "USD", "grossProfit": "1427815000", "totalRevenue": "1427815000", "costOfRevenue": "924643000", "costofGoodsAndServicesSold": "924643000", "operatingIncome": "508070000", "sellingGeneralAndAdministrative": "0", "researchAndDevelopment": "75063000", "operatingExpenses": "919745000", "investmentIncomeNet": "None", "netInterestIncome": "None", "interestIncome": "None", "interestExpense": "7347000", "nonInterestIncome": "None", "otherNonOperatingIncome": "None", "depreciation": "None", "depreciationAndAmortization": "52539000", "incomeBeforeTax": "603343000", "incomeTaxExpense": "176543000", "interestAndDebtExpense": "None", "netIncomeFromContinuingOperations": "0", "comprehensiveIncomeNetOfTax": "None", "ebit": "986121000", "ebitda": "1038660000", "netIncome": "426800000"}, {"fiscalDateEnding": "2006-09-30", "reportedCurrency": "USD", "grossProfit": "1297229000", "totalRevenue": "1297229000", "costOfRevenue": "854701000", "costofGoodsAndServicesSold": "854701000", "operatingIncome": "427052000", "sellingGeneralAndAdministrative": "0", "researchAndDevelopment": "80464000", "operatingExpenses": "870177000", "investmentIncomeNet": "None", "netInterestIncome": "None", "interestIncome": "None", "interestExpense": "9650000", "nonInterestIncome": "None", "otherNonOperatingIncome": "None", "depreciation": "None", "depreciationAndAmortization": "54427000", "incomeBeforeTax": "492753000", "incomeTaxExpense": "111084000", "interestAndDebtExpense": "None", "netIncomeFromContinuingOperations": "0", "comprehensiveIncomeNetOfTax": "None", "ebit": "844413000", "ebitda": "898840000", "netIncome": "381669000"}, {"fiscalDateEnding": "2006-06-30", "reportedCurrency": "USD", "grossProfit": "1317275000", "totalRevenue": "1317275000", "costOfRevenue": "847810000", "costofGoodsAndServicesSold": "847810000", "operatingIncome": "451986000", "sellingGeneralAndAdministrative": "0", "researchAndDevelopment": "74082000", "operatingExpenses": "865289000", "investmentIncomeNet": "None", "netInterestIncome": "None", "interestIncome": "None", "interestExpense": "9664000", "nonInterestIncome": "None", "otherNonOperatingIncome": "None", "depreciation": "None", "depreciationAndAmortization": "52903000", "incomeBeforeTax": "489223000", "incomeTaxExpense": "117809000", "interestAndDebtExpense": "None", "netIncomeFromContinuingOperations": "0", "comprehensiveIncomeNetOfTax": "None", "ebit": "882713000", "ebitda": "935616000", "netIncome": "371414000"}, {"fiscalDateEnding": "2006-03-31", "reportedCurrency": "USD", "grossProfit": "1254770000", "totalRevenue": "1254770000", "costOfRevenue": "817897000", "costofGoodsAndServicesSold": "817897000", "operatingIncome": "349757000", "sellingGeneralAndAdministrative": "0", "researchAndDevelopment": "73900000", "operatingExpenses": "905013000", "investmentIncomeNet": "None", "netInterestIncome": "None", "interestIncome": "None", "interestExpense": "8298000", "nonInterestIncome": "None", "otherNonOperatingIncome": "None", "depreciation": "None", "depreciationAndAmortization": "54174000", "incomeBeforeTax": "415012000", "incomeTaxExpense": "218496000", "interestAndDebtExpense": "None", "netIncomeFromContinuingOperations": "0", "comprehensiveIncomeNetOfTax": "None", "ebit": "762993000", "ebitda": "817167000", "netIncome": "196516000"}, {"fiscalDateEnding": "2005-12-31", "reportedCurrency": "USD", "grossProfit": "1181452000", "totalRevenue": "1181452000", "costOfRevenue": "760084000", "costofGoodsAndServicesSold": "760084000", "operatingIncome": "404586000", "sellingGeneralAndAdministrative": "0", "researchAndDevelopment": "73895000", "operatingExpenses": "776866000", "investmentIncomeNet": "None", "netInterestIncome": "None", "interestIncome": "None", "interestExpense": "12345000", "nonInterestIncome": "None", "otherNonOperatingIncome": "None", "depreciation": "None", "depreciationAndAmortization": "53767000", "incomeBeforeTax": "438578000", "incomeTaxExpense": "120609000", "interestAndDebtExpense": "None", "netIncomeFromContinuingOperations": "0", "comprehensiveIncomeNetOfTax": "None", "ebit": "784663000", "ebitda": "838430000", "netIncome": "317969000"}]}