{"symbol": "CME", "annualReports": [{"fiscalDateEnding": "2025-12-31", "reportedCurrency": "None", "grossProfit": "5613600000", "totalRevenue": "6520600000", "costOfRevenue": "907000000", "costofGoodsAndServicesSold": "907000000", "operatingIncome": "4229500000", "sellingGeneralAndAdministrative": "150500000", "researchAndDevelopment": "None", "operatingExpenses": "1384100000", "investmentIncomeNet": "None", "netInterestIncome": "None", "interestIncome": "None", "interestExpense": "129700000", "nonInterestIncome": "None", "otherNonOperatingIncome": "None", "depreciation": "None", "depreciationAndAmortization": "275000000", "incomeBeforeTax": "5330500000", "incomeTaxExpense": "1273200000", "interestAndDebtExpense": "None", "netIncomeFromContinuingOperations": "None", "comprehensiveIncomeNetOfTax": "None", "ebit": "5445300000", "ebitda": "5720300000", "netIncome": "4044400000"}, {"fiscalDateEnding": "2024-12-31", "reportedCurrency": "USD", "grossProfit": "5279800000", "totalRevenue": "6130100000", "costOfRevenue": "850300000", "costofGoodsAndServicesSold": "850300000", "operatingIncome": "3931500000", "sellingGeneralAndAdministrative": "132700000", "researchAndDevelopment": "None", "operatingExpenses": "1348300000", "investmentIncomeNet": "None", "netInterestIncome": "-160900000", "interestIncome": "None", "interestExpense": "160900000", "nonInterestIncome": "None", "otherNonOperatingIncome": "None", "depreciation": "None", "depreciationAndAmortization": "336800000", "incomeBeforeTax": "4541400000", "incomeTaxExpense": "1015600000", "interestAndDebtExpense": "None", "netIncomeFromContinuingOperations": "3525800000", "comprehensiveIncomeNetOfTax": "None", "ebit": "4702300000", "ebitda": "5039100000", "netIncome": "3525800000"}, {"fiscalDateEnding": "2023-12-31", "reportedCurrency": "USD", "grossProfit": "4750300000", "totalRevenue": "5578900000", "costOfRevenue": "828600000", "costofGoodsAndServicesSold": "828600000", "operatingIncome": "3435700000", "sellingGeneralAndAdministrative": "144400000", "researchAndDevelopment": "218700000", "operatingExpenses": "1314600000", "investmentIncomeNet": "None", "netInterestIncome": "-159600000", "interestIncome": "None", "interestExpense": "159400000", "nonInterestIncome": "None", "otherNonOperatingIncome": "None", "depreciation": "None", "depreciationAndAmortization": "352600000", "incomeBeforeTax": "4153600000", "incomeTaxExpense": "927400000", "interestAndDebtExpense": "None", "netIncomeFromContinuingOperations": "3049500000", "comprehensiveIncomeNetOfTax": "None", "ebit": "4313000000", "ebitda": "4665600000", "netIncome": "3226200000"}, {"fiscalDateEnding": "2022-12-31", "reportedCurrency": "USD", "grossProfit": "4266300000", "totalRevenue": "5019400000", "costOfRevenue": "753100000", "costofGoodsAndServicesSold": "753100000", "operatingIncome": "3015900000", "sellingGeneralAndAdministrative": "137400000", "researchAndDevelopment": "188600000", "operatingExpenses": "1250400000", "investmentIncomeNet": "None", "netInterestIncome": "-162700000", "interestIncome": "None", "interestExpense": "162700000", "nonInterestIncome": "None", "otherNonOperatingIncome": "None", "depreciation": "None", "depreciationAndAmortization": "362600000", "incomeBeforeTax": "3490300000", "incomeTaxExpense": "799300000", "interestAndDebtExpense": "None", "netIncomeFromContinuingOperations": "2691000000", "comprehensiveIncomeNetOfTax": "None", "ebit": "3653000000", "ebitda": "4015600000", "netIncome": "2691000000"}, {"fiscalDateEnding": "2021-12-31", "reportedCurrency": "USD", "grossProfit": "3852700000", "totalRevenue": "4689700000", "costOfRevenue": "837000000", "costofGoodsAndServicesSold": "837000000", "operatingIncome": "2645200000", "sellingGeneralAndAdministrative": "151700000", "researchAndDevelopment": "192600000", "operatingExpenses": "1207500000", "investmentIncomeNet": "None", "netInterestIncome": "-166900000", "interestIncome": "None", "interestExpense": "166900000", "nonInterestIncome": "None", "otherNonOperatingIncome": "895300000", "depreciation": "None", "depreciationAndAmortization": "385400000", "incomeBeforeTax": "3373600000", "incomeTaxExpense": "736700000", "interestAndDebtExpense": "None", "netIncomeFromContinuingOperations": "2636900000", "comprehensiveIncomeNetOfTax": "None", "ebit": "3540500000", "ebitda": "3925900000", "netIncome": "2636400000"}, {"fiscalDateEnding": "2020-12-31", "reportedCurrency": "USD", "grossProfit": "4027100000", "totalRevenue": "4883600000", "costOfRevenue": "856500000", "costofGoodsAndServicesSold": "856500000", "operatingIncome": "2637400000", "sellingGeneralAndAdministrative": "191300000", "researchAndDevelopment": "198500000", "operatingExpenses": "1389700000", "investmentIncomeNet": "None", "netInterestIncome": "-166200000", "interestIncome": "None", "interestExpense": "166200000", "nonInterestIncome": "None", "otherNonOperatingIncome": "250900000", "depreciation": "None", "depreciationAndAmortization": "464400000", "incomeBeforeTax": "2722100000", "incomeTaxExpense": "615700000", "interestAndDebtExpense": "None", "netIncomeFromContinuingOperations": "2106400000", "comprehensiveIncomeNetOfTax": "None", "ebit": "2888300000", "ebitda": "3352700000", "netIncome": "2105200000"}, {"fiscalDateEnding": "2019-12-31", "reportedCurrency": "USD", "grossProfit": "3969300000", "totalRevenue": "4868000000", "costOfRevenue": "898700000", "costofGoodsAndServicesSold": "898700000", "operatingIncome": "2587800000", "sellingGeneralAndAdministrative": "174100000", "researchAndDevelopment": "201500000", "operatingExpenses": "1381500000", "investmentIncomeNet": "None", "netInterestIncome": "-178000000", "interestIncome": "636700000", "interestExpense": "178000000", "nonInterestIncome": "None", "otherNonOperatingIncome": "279800000", "depreciation": "None", "depreciationAndAmortization": "2280200000", "incomeBeforeTax": "2689600000", "incomeTaxExpense": "573800000", "interestAndDebtExpense": "None", "netIncomeFromContinuingOperations": "3263400000", "comprehensiveIncomeNetOfTax": "None", "ebit": "1060700000", "ebitda": "3340900000", "netIncome": "2116500000"}, {"fiscalDateEnding": "2018-12-31", "reportedCurrency": "USD", "grossProfit": "3637200000", "totalRevenue": "4309400000", "costOfRevenue": "672200000", "costofGoodsAndServicesSold": "672200000", "operatingIncome": "2607600000", "sellingGeneralAndAdministrative": "166100000", "researchAndDevelopment": "117200000", "operatingExpenses": "1029600000", "investmentIncomeNet": "None", "netInterestIncome": "-157700000", "interestIncome": "740200000", "interestExpense": "157700000", "nonInterestIncome": "None", "otherNonOperatingIncome": "327900000", "depreciation": "None", "depreciationAndAmortization": "1764100000", "incomeBeforeTax": "2777800000", "incomeTaxExpense": "814100000", "interestAndDebtExpense": "None", "netIncomeFromContinuingOperations": "3591900000", "comprehensiveIncomeNetOfTax": "None", "ebit": "1420100000", "ebitda": "3184200000", "netIncome": "1962200000"}, {"fiscalDateEnding": "2017-12-31", "reportedCurrency": "USD", "grossProfit": "3080800000", "totalRevenue": "3644700000", "costOfRevenue": "563900000", "costofGoodsAndServicesSold": "563900000", "operatingIncome": "2310600000", "sellingGeneralAndAdministrative": "117600000", "researchAndDevelopment": "101600000", "operatingExpenses": "745900000", "investmentIncomeNet": "None", "netInterestIncome": "-117000000", "interestIncome": "543900000", "interestExpense": "117000000", "nonInterestIncome": "None", "otherNonOperatingIncome": "331300000", "depreciation": "None", "depreciationAndAmortization": "1334100000", "incomeBeforeTax": "2526300000", "incomeTaxExpense": "-1537100000", "interestAndDebtExpense": "None", "netIncomeFromContinuingOperations": "4063400000", "comprehensiveIncomeNetOfTax": "None", "ebit": "1517700000", "ebitda": "2851800000", "netIncome": "4063400000"}, {"fiscalDateEnding": "2016-12-31", "reportedCurrency": "USD", "grossProfit": "3052000000", "totalRevenue": "3595200000", "costOfRevenue": "543200000", "costofGoodsAndServicesSold": "543200000", "operatingIncome": "2200500000", "sellingGeneralAndAdministrative": "144400000", "researchAndDevelopment": "97600000", "operatingExpenses": "824700000", "investmentIncomeNet": "None", "netInterestIncome": "-123500000", "interestIncome": "128500000", "interestExpense": "123500000", "nonInterestIncome": "None", "otherNonOperatingIncome": "208400000", "depreciation": "None", "depreciationAndAmortization": "1490400000", "incomeBeforeTax": "2287600000", "incomeTaxExpense": "753500000", "interestAndDebtExpense": "None", "netIncomeFromContinuingOperations": "1534100000", "comprehensiveIncomeNetOfTax": "None", "ebit": "1146000000", "ebitda": "2636400000", "netIncome": "1534100000"}, {"fiscalDateEnding": "2015-12-31", "reportedCurrency": "USD", "grossProfit": "2745300000", "totalRevenue": "3326800000", "costOfRevenue": "581500000", "costofGoodsAndServicesSold": "581500000", "operatingIncome": "1988700000", "sellingGeneralAndAdministrative": "215300000", "researchAndDevelopment": "0", "operatingExpenses": "756600000", "investmentIncomeNet": "None", "netInterestIncome": "None", "interestIncome": "10900000", "interestExpense": "117400000", "nonInterestIncome": "None", "otherNonOperatingIncome": "85500000", "depreciation": "None", "depreciationAndAmortization": "129200000", "incomeBeforeTax": "1956800000", "incomeTaxExpense": "709800000", "interestAndDebtExpense": "None", "netIncomeFromContinuingOperations": "1247000000", "comprehensiveIncomeNetOfTax": "None", "ebit": "2173600000", "ebitda": "2302800000", "netIncome": "1247000000"}, {"fiscalDateEnding": "2014-12-31", "reportedCurrency": "USD", "grossProfit": "2528400000", "totalRevenue": "3112500000", "costOfRevenue": "584100000", "costofGoodsAndServicesSold": "584100000", "operatingIncome": "1768400000", "sellingGeneralAndAdministrative": "225800000", "researchAndDevelopment": "0", "operatingExpenses": "760000000", "investmentIncomeNet": "None", "netInterestIncome": "None", "interestIncome": "None", "interestExpense": "119400000", "nonInterestIncome": "None", "otherNonOperatingIncome": "122400000", "depreciation": "None", "depreciationAndAmortization": "132600000", "incomeBeforeTax": "1771400000", "incomeTaxExpense": "644500000", "interestAndDebtExpense": "None", "netIncomeFromContinuingOperations": "1126900000", "comprehensiveIncomeNetOfTax": "None", "ebit": "1991400000", "ebitda": "2124000000", "netIncome": "1127100000"}, {"fiscalDateEnding": "2013-12-31", "reportedCurrency": "USD", "grossProfit": "2382100000", "totalRevenue": "2936300000", "costOfRevenue": "554200000", "costofGoodsAndServicesSold": "554200000", "operatingIncome": "1637000000", "sellingGeneralAndAdministrative": "208600000", "researchAndDevelopment": "0", "operatingExpenses": "745100000", "investmentIncomeNet": "None", "netInterestIncome": "None", "interestIncome": "None", "interestExpense": "151400000", "nonInterestIncome": "None", "otherNonOperatingIncome": "115400000", "depreciation": "None", "depreciationAndAmortization": "135100000", "incomeBeforeTax": "1601000000", "incomeTaxExpense": "622900000", "interestAndDebtExpense": "None", "netIncomeFromContinuingOperations": "978100000", "comprehensiveIncomeNetOfTax": "None", "ebit": "1855400000", "ebitda": "1990500000", "netIncome": "976800000"}, {"fiscalDateEnding": "2012-12-31", "reportedCurrency": "USD", "grossProfit": "2377800000", "totalRevenue": "2914600000", "costOfRevenue": "536800000", "costofGoodsAndServicesSold": "536800000", "operatingIncome": "1692000000", "sellingGeneralAndAdministrative": "203800000", "researchAndDevelopment": "0", "operatingExpenses": "685800000", "investmentIncomeNet": "None", "netInterestIncome": "None", "interestIncome": "None", "interestExpense": "132200000", "nonInterestIncome": "None", "otherNonOperatingIncome": "133600000", "depreciation": "None", "depreciationAndAmortization": "136900000", "incomeBeforeTax": "1693400000", "incomeTaxExpense": "786700000", "interestAndDebtExpense": "None", "netIncomeFromContinuingOperations": "906700000", "comprehensiveIncomeNetOfTax": "None", "ebit": "1941800000", "ebitda": "2078700000", "netIncome": "896300000"}, {"fiscalDateEnding": "2011-12-31", "reportedCurrency": "USD", "grossProfit": "2762600000", "totalRevenue": "3280600000", "costOfRevenue": "518000000", "costofGoodsAndServicesSold": "518000000", "operatingIncome": "2021100000", "sellingGeneralAndAdministrative": "203600000", "researchAndDevelopment": "0", "operatingExpenses": "422900000", "investmentIncomeNet": "None", "netInterestIncome": "None", "interestIncome": "None", "interestExpense": "116900000", "nonInterestIncome": "None", "otherNonOperatingIncome": "32300000", "depreciation": "None", "depreciationAndAmortization": "128500000", "incomeBeforeTax": "1936500000", "incomeTaxExpense": "122100000", "interestAndDebtExpense": "None", "netIncomeFromContinuingOperations": "1814400000", "comprehensiveIncomeNetOfTax": "None", "ebit": "2185400000", "ebitda": "2313900000", "netIncome": "1812300000"}, {"fiscalDateEnding": "2010-12-31", "reportedCurrency": "USD", "grossProfit": "2531000000", "totalRevenue": "3003700000", "costOfRevenue": "472700000", "costofGoodsAndServicesSold": "472700000", "operatingIncome": "1831100000", "sellingGeneralAndAdministrative": "192400000", "researchAndDevelopment": "0", "operatingExpenses": "532500000", "investmentIncomeNet": "None", "netInterestIncome": "None", "interestIncome": "None", "interestExpense": "140300000", "nonInterestIncome": "None", "otherNonOperatingIncome": "43900000", "depreciation": "None", "depreciationAndAmortization": "129900000", "incomeBeforeTax": "1721900000", "incomeTaxExpense": "769800000", "interestAndDebtExpense": "None", "netIncomeFromContinuingOperations": "964900000", "comprehensiveIncomeNetOfTax": "None", "ebit": "1990300000", "ebitda": "2120200000", "netIncome": "951400000"}, {"fiscalDateEnding": "2009-12-31", "reportedCurrency": "USD", "grossProfit": "2083500000", "totalRevenue": "2612800000", "costOfRevenue": "529300000", "costofGoodsAndServicesSold": "529300000", "operatingIncome": "1589100000", "sellingGeneralAndAdministrative": "165500000", "researchAndDevelopment": "0", "operatingExpenses": "489100000", "investmentIncomeNet": "None", "netInterestIncome": "None", "interestIncome": "None", "interestExpense": "134000000", "nonInterestIncome": "None", "otherNonOperatingIncome": "None", "depreciation": "None", "depreciationAndAmortization": "126300000", "incomeBeforeTax": "1437500000", "incomeTaxExpense": "611700000", "interestAndDebtExpense": "None", "netIncomeFromContinuingOperations": "None", "comprehensiveIncomeNetOfTax": "None", "ebit": "1696600000", "ebitda": "1822900000", "netIncome": "825800000"}, {"fiscalDateEnding": "2008-12-31", "reportedCurrency": "USD", "grossProfit": "2059600000", "totalRevenue": "2561000000", "costOfRevenue": "501400000", "costofGoodsAndServicesSold": "501400000", "operatingIncome": "1582200000", "sellingGeneralAndAdministrative": "71944000", "researchAndDevelopment": "None", "operatingExpenses": "544481000", "investmentIncomeNet": "None", "netInterestIncome": "None", "interestIncome": "None", "interestExpense": "108200000", "nonInterestIncome": "None", "otherNonOperatingIncome": "None", "depreciation": "None", "depreciationAndAmortization": "137341000", "incomeBeforeTax": "1247964000", "incomeTaxExpense": "532478000", "interestAndDebtExpense": "None", "netIncomeFromContinuingOperations": "None", "comprehensiveIncomeNetOfTax": "None", "ebit": "1454859000", "ebitda": "1592200000", "netIncome": "715486000"}, {"fiscalDateEnding": "2007-12-31", "reportedCurrency": "USD", "grossProfit": "1398803000", "totalRevenue": "1756101000", "costOfRevenue": "357298000", "costofGoodsAndServicesSold": "357298000", "operatingIncome": "1050493000", "sellingGeneralAndAdministrative": "136995000", "researchAndDevelopment": "None", "operatingExpenses": "322251000", "investmentIncomeNet": "None", "netInterestIncome": "None", "interestIncome": "None", "interestExpense": "114453000", "nonInterestIncome": "None", "otherNonOperatingIncome": "None", "depreciation": "None", "depreciationAndAmortization": "105653000", "incomeBeforeTax": "1095802000", "incomeTaxExpense": "437269000", "interestAndDebtExpense": "None", "netIncomeFromContinuingOperations": "None", "comprehensiveIncomeNetOfTax": "None", "ebit": "1113594000", "ebitda": "1219247000", "netIncome": "658533000"}, {"fiscalDateEnding": "2006-12-31", "reportedCurrency": "USD", "grossProfit": "789885000", "totalRevenue": "1089947000", "costOfRevenue": "300062000", "costofGoodsAndServicesSold": "300062000", "operatingIncome": "620855000", "sellingGeneralAndAdministrative": "79507000", "researchAndDevelopment": "None", "operatingExpenses": "169030000", "investmentIncomeNet": "None", "netInterestIncome": "None", "interestIncome": "None", "interestExpense": "92103000", "nonInterestIncome": "None", "otherNonOperatingIncome": "None", "depreciation": "None", "depreciationAndAmortization": "72783000", "incomeBeforeTax": "671657000", "incomeTaxExpense": "264309000", "interestAndDebtExpense": "None", "netIncomeFromContinuingOperations": "None", "comprehensiveIncomeNetOfTax": "None", "ebit": "623395000", "ebitda": "696178000", "netIncome": "407348000"}], "quarterlyReports": [{"fiscalDateEnding": "2025-12-31", "reportedCurrency": "None", "grossProfit": "1407600000", "totalRevenue": "1648700000", "costOfRevenue": "241100000", "costofGoodsAndServicesSold": "241100000", "operatingIncome": "1019600000", "sellingGeneralAndAdministrative": "47900000", "researchAndDevelopment": "None", "operatingExpenses": "388000000", "investmentIncomeNet": "None", "netInterestIncome": "None", "interestIncome": "None", "interestExpense": "None", "nonInterestIncome": "None", "otherNonOperatingIncome": "None", "depreciation": "None", "depreciationAndAmortization": "26500000", "incomeBeforeTax": "1578400000", "incomeTaxExpense": "410400000", "interestAndDebtExpense": "None", "netIncomeFromContinuingOperations": "None", "comprehensiveIncomeNetOfTax": "None", "ebit": "1563500000", "ebitda": "1590000000", "netIncome": "1168000000"}, {"fiscalDateEnding": "2025-09-30", "reportedCurrency": "USD", "grossProfit": "1300000000", "totalRevenue": "1537600000", "costOfRevenue": "237600000", "costofGoodsAndServicesSold": "237600000", "operatingIncome": "972600000", "sellingGeneralAndAdministrative": "36700000", "researchAndDevelopment": "None", "operatingExpenses": "327400000", "investmentIncomeNet": "None", "netInterestIncome": "-44000000", "interestIncome": "None", "interestExpense": "44000000", "nonInterestIncome": "None", "otherNonOperatingIncome": "None", "depreciation": "None", "depreciationAndAmortization": "82600000", "incomeBeforeTax": "1177000000", "incomeTaxExpense": "269000000", "interestAndDebtExpense": "None", "netIncomeFromContinuingOperations": "908000000", "comprehensiveIncomeNetOfTax": "None", "ebit": "1221000000", "ebitda": "1303600000", "netIncome": "908000000"}, {"fiscalDateEnding": "2025-06-30", "reportedCurrency": "USD", "grossProfit": "1470400000", "totalRevenue": "1692000000", "costOfRevenue": "221600000", "costofGoodsAndServicesSold": "221600000", "operatingIncome": "1129300000", "sellingGeneralAndAdministrative": "37400000", "researchAndDevelopment": "None", "operatingExpenses": "341100000", "investmentIncomeNet": "None", "netInterestIncome": "-44000000", "interestIncome": "None", "interestExpense": "44000000", "nonInterestIncome": "None", "otherNonOperatingIncome": "None", "depreciation": "None", "depreciationAndAmortization": "83400000", "incomeBeforeTax": "1330300000", "incomeTaxExpense": "305200000", "interestAndDebtExpense": "None", "netIncomeFromContinuingOperations": "1025100000", "comprehensiveIncomeNetOfTax": "None", "ebit": "1374300000", "ebitda": "1457700000", "netIncome": "1012200000"}, {"fiscalDateEnding": "2025-03-31", "reportedCurrency": "USD", "grossProfit": "1435600000", "totalRevenue": "1642300000", "costOfRevenue": "206700000", "costofGoodsAndServicesSold": "206700000", "operatingIncome": "1108000000", "sellingGeneralAndAdministrative": "28500000", "researchAndDevelopment": "None", "operatingExpenses": "327600000", "investmentIncomeNet": "None", "netInterestIncome": "-41700000", "interestIncome": "None", "interestExpense": "41700000", "nonInterestIncome": "None", "otherNonOperatingIncome": "None", "depreciation": "None", "depreciationAndAmortization": "82500000", "incomeBeforeTax": "1244800000", "incomeTaxExpense": "288600000", "interestAndDebtExpense": "None", "netIncomeFromContinuingOperations": "956200000", "comprehensiveIncomeNetOfTax": "None", "ebit": "1286500000", "ebitda": "1369000000", "netIncome": "956200000"}, {"fiscalDateEnding": "2024-12-31", "reportedCurrency": "USD", "grossProfit": "1304500000", "totalRevenue": "1525300000", "costOfRevenue": "220800000", "costofGoodsAndServicesSold": "220800000", "operatingIncome": "947100000", "sellingGeneralAndAdministrative": "33900000", "researchAndDevelopment": "None", "operatingExpenses": "357400000", "investmentIncomeNet": "None", "netInterestIncome": "-40700000", "interestIncome": "None", "interestExpense": "40700000", "nonInterestIncome": "None", "otherNonOperatingIncome": "None", "depreciation": "None", "depreciationAndAmortization": "83400000", "incomeBeforeTax": "1096600000", "incomeTaxExpense": "222000000", "interestAndDebtExpense": "None", "netIncomeFromContinuingOperations": "874600000", "comprehensiveIncomeNetOfTax": "None", "ebit": "1137300000", "ebitda": "1220700000", "netIncome": "874600000"}, {"fiscalDateEnding": "2024-09-30", "reportedCurrency": "USD", "grossProfit": "1365600000", "totalRevenue": "1584400000", "costOfRevenue": "218800000", "costofGoodsAndServicesSold": "218800000", "operatingIncome": "1024200000", "sellingGeneralAndAdministrative": "31000000", "researchAndDevelopment": "66600000", "operatingExpenses": "341400000", "investmentIncomeNet": "None", "netInterestIncome": "-40200000", "interestIncome": "None", "interestExpense": "40200000", "nonInterestIncome": "None", "otherNonOperatingIncome": "None", "depreciation": "None", "depreciationAndAmortization": "83900000", "incomeBeforeTax": "1176900000", "incomeTaxExpense": "264100000", "interestAndDebtExpense": "None", "netIncomeFromContinuingOperations": "912800000", "comprehensiveIncomeNetOfTax": "None", "ebit": "1217100000", "ebitda": "1301000000", "netIncome": "912800000"}, {"fiscalDateEnding": "2024-06-30", "reportedCurrency": "USD", "grossProfit": "1327800000", "totalRevenue": "1532500000", "costOfRevenue": "204700000", "costofGoodsAndServicesSold": "204700000", "operatingIncome": "1000600000", "sellingGeneralAndAdministrative": "34700000", "researchAndDevelopment": "64100000", "operatingExpenses": "327200000", "investmentIncomeNet": "None", "netInterestIncome": "-40100000", "interestIncome": "None", "interestExpense": "40100000", "nonInterestIncome": "None", "otherNonOperatingIncome": "None", "depreciation": "None", "depreciationAndAmortization": "84200000", "incomeBeforeTax": "1154500000", "incomeTaxExpense": "271300000", "interestAndDebtExpense": "None", "netIncomeFromContinuingOperations": "883200000", "comprehensiveIncomeNetOfTax": "None", "ebit": "1194600000", "ebitda": "1278800000", "netIncome": "883200000"}, {"fiscalDateEnding": "2024-03-31", "reportedCurrency": "USD", "grossProfit": "1281900000", "totalRevenue": "1487900000", "costOfRevenue": "206000000", "costofGoodsAndServicesSold": "206000000", "operatingIncome": "959600000", "sellingGeneralAndAdministrative": "33100000", "researchAndDevelopment": "59400000", "operatingExpenses": "322300000", "investmentIncomeNet": "None", "netInterestIncome": "-39900000", "interestIncome": "None", "interestExpense": "39900000", "nonInterestIncome": "None", "otherNonOperatingIncome": "None", "depreciation": "None", "depreciationAndAmortization": "85300000", "incomeBeforeTax": "1113400000", "incomeTaxExpense": "258200000", "interestAndDebtExpense": "None", "netIncomeFromContinuingOperations": "855200000", "comprehensiveIncomeNetOfTax": "None", "ebit": "1153300000", "ebitda": "1238600000", "netIncome": "855200000"}, {"fiscalDateEnding": "2023-12-31", "reportedCurrency": "USD", "grossProfit": "1226400000", "totalRevenue": "1439300000", "costOfRevenue": "212900000", "costofGoodsAndServicesSold": "212900000", "operatingIncome": "863200000", "sellingGeneralAndAdministrative": "36100000", "researchAndDevelopment": "58500000", "operatingExpenses": "363200000", "investmentIncomeNet": "None", "netInterestIncome": "-39700000", "interestIncome": "None", "interestExpense": "39700000", "nonInterestIncome": "None", "otherNonOperatingIncome": "None", "depreciation": "None", "depreciationAndAmortization": "86300000", "incomeBeforeTax": "1006000000", "incomeTaxExpense": "191400000", "interestAndDebtExpense": "None", "netIncomeFromContinuingOperations": "814600000", "comprehensiveIncomeNetOfTax": "None", "ebit": "1045700000", "ebitda": "1132000000", "netIncome": "814600000"}, {"fiscalDateEnding": "2023-09-30", "reportedCurrency": "USD", "grossProfit": "1132300000", "totalRevenue": "1337800000", "costOfRevenue": "205500000", "costofGoodsAndServicesSold": "205500000", "operatingIncome": "820200000", "sellingGeneralAndAdministrative": "32200000", "researchAndDevelopment": "55600000", "operatingExpenses": "312100000", "investmentIncomeNet": "None", "netInterestIncome": "-39600000", "interestIncome": "None", "interestExpense": "39600000", "nonInterestIncome": "None", "otherNonOperatingIncome": "None", "depreciation": "None", "depreciationAndAmortization": "88300000", "incomeBeforeTax": "974300000", "incomeTaxExpense": "224100000", "interestAndDebtExpense": "None", "netIncomeFromContinuingOperations": "750200000", "comprehensiveIncomeNetOfTax": "None", "ebit": "1013900000", "ebitda": "1102200000", "netIncome": "750200000"}, {"fiscalDateEnding": "2023-06-30", "reportedCurrency": "USD", "grossProfit": "1154500000", "totalRevenue": "1360200000", "costOfRevenue": "205700000", "costofGoodsAndServicesSold": "205700000", "operatingIncome": "838600000", "sellingGeneralAndAdministrative": "37800000", "researchAndDevelopment": "53300000", "operatingExpenses": "315900000", "investmentIncomeNet": "None", "netInterestIncome": "-40200000", "interestIncome": "None", "interestExpense": "40200000", "nonInterestIncome": "None", "otherNonOperatingIncome": "218000000", "depreciation": "None", "depreciationAndAmortization": "89300000", "incomeBeforeTax": "1016400000", "incomeTaxExpense": "238800000", "interestAndDebtExpense": "None", "netIncomeFromContinuingOperations": "777600000", "comprehensiveIncomeNetOfTax": "None", "ebit": "1056600000", "ebitda": "1145900000", "netIncome": "777600000"}, {"fiscalDateEnding": "2023-03-31", "reportedCurrency": "USD", "grossProfit": "1237100000", "totalRevenue": "1441600000", "costOfRevenue": "204500000", "costofGoodsAndServicesSold": "204500000", "operatingIncome": "913700000", "sellingGeneralAndAdministrative": "38300000", "researchAndDevelopment": "51300000", "operatingExpenses": "323400000", "investmentIncomeNet": "None", "netInterestIncome": "-39900000", "interestIncome": "None", "interestExpense": "39900000", "nonInterestIncome": "None", "otherNonOperatingIncome": "283100000", "depreciation": "None", "depreciationAndAmortization": "88700000", "incomeBeforeTax": "1156900000", "incomeTaxExpense": "273100000", "interestAndDebtExpense": "None", "netIncomeFromContinuingOperations": "883800000", "comprehensiveIncomeNetOfTax": "None", "ebit": "1196800000", "ebitda": "1285500000", "netIncome": "883800000"}, {"fiscalDateEnding": "2022-12-31", "reportedCurrency": "USD", "grossProfit": "1014800000", "totalRevenue": "1207800000", "costOfRevenue": "193000000", "costofGoodsAndServicesSold": "193000000", "operatingIncome": "668300000", "sellingGeneralAndAdministrative": "38500000", "researchAndDevelopment": "50000000", "operatingExpenses": "346500000", "investmentIncomeNet": "None", "netInterestIncome": "-39900000", "interestIncome": "None", "interestExpense": "39900000", "nonInterestIncome": "None", "otherNonOperatingIncome": "None", "depreciation": "None", "depreciationAndAmortization": "90600000", "incomeBeforeTax": "827300000", "incomeTaxExpense": "189400000", "interestAndDebtExpense": "None", "netIncomeFromContinuingOperations": "637900000", "comprehensiveIncomeNetOfTax": "None", "ebit": "867200000", "ebitda": "957800000", "netIncome": "637900000"}, {"fiscalDateEnding": "2022-09-30", "reportedCurrency": "USD", "grossProfit": "1038200000", "totalRevenue": "1227800000", "costOfRevenue": "189600000", "costofGoodsAndServicesSold": "189600000", "operatingIncome": "738800000", "sellingGeneralAndAdministrative": "35100000", "researchAndDevelopment": "46800000", "operatingExpenses": "299400000", "investmentIncomeNet": "None", "netInterestIncome": "-40400000", "interestIncome": "None", "interestExpense": "40400000", "nonInterestIncome": "None", "otherNonOperatingIncome": "181600000", "depreciation": "None", "depreciationAndAmortization": "90000000", "incomeBeforeTax": "880000000", "incomeTaxExpense": "200400000", "interestAndDebtExpense": "None", "netIncomeFromContinuingOperations": "679600000", "comprehensiveIncomeNetOfTax": "None", "ebit": "920400000", "ebitda": "1010400000", "netIncome": "679600000"}, {"fiscalDateEnding": "2022-06-30", "reportedCurrency": "USD", "grossProfit": "1051900000", "totalRevenue": "1237200000", "costOfRevenue": "185300000", "costofGoodsAndServicesSold": "185300000", "operatingIncome": "749700000", "sellingGeneralAndAdministrative": "32000000", "researchAndDevelopment": "45900000", "operatingExpenses": "302200000", "investmentIncomeNet": "None", "netInterestIncome": "-39900000", "interestIncome": "None", "interestExpense": "39900000", "nonInterestIncome": "None", "otherNonOperatingIncome": "156900000", "depreciation": "None", "depreciationAndAmortization": "90100000", "incomeBeforeTax": "866700000", "incomeTaxExpense": "204200000", "interestAndDebtExpense": "None", "netIncomeFromContinuingOperations": "662500000", "comprehensiveIncomeNetOfTax": "None", "ebit": "906600000", "ebitda": "996700000", "netIncome": "662500000"}, {"fiscalDateEnding": "2022-03-31", "reportedCurrency": "USD", "grossProfit": "1161400000", "totalRevenue": "1346600000", "costOfRevenue": "185200000", "costofGoodsAndServicesSold": "185200000", "operatingIncome": "859100000", "sellingGeneralAndAdministrative": "31800000", "researchAndDevelopment": "45900000", "operatingExpenses": "302300000", "investmentIncomeNet": "None", "netInterestIncome": "-42500000", "interestIncome": "None", "interestExpense": "42500000", "nonInterestIncome": "None", "otherNonOperatingIncome": "99700000", "depreciation": "None", "depreciationAndAmortization": "91900000", "incomeBeforeTax": "916300000", "incomeTaxExpense": "205300000", "interestAndDebtExpense": "None", "netIncomeFromContinuingOperations": "711000000", "comprehensiveIncomeNetOfTax": "None", "ebit": "958800000", "ebitda": "1050700000", "netIncome": "711000000"}, {"fiscalDateEnding": "2021-12-31", "reportedCurrency": "USD", "grossProfit": "945600000", "totalRevenue": "1147300000", "costOfRevenue": "201700000", "costofGoodsAndServicesSold": "201700000", "operatingIncome": "631700000", "sellingGeneralAndAdministrative": "32300000", "researchAndDevelopment": "45800000", "operatingExpenses": "313900000", "investmentIncomeNet": "None", "netInterestIncome": "-41900000", "interestIncome": "None", "interestExpense": "41900000", "nonInterestIncome": "None", "otherNonOperatingIncome": "209500000", "depreciation": "None", "depreciationAndAmortization": "94500000", "incomeBeforeTax": "799300000", "incomeTaxExpense": "174100000", "interestAndDebtExpense": "None", "netIncomeFromContinuingOperations": "625200000", "comprehensiveIncomeNetOfTax": "None", "ebit": "841200000", "ebitda": "935700000", "netIncome": "625200000"}, {"fiscalDateEnding": "2021-09-30", "reportedCurrency": "USD", "grossProfit": "911300000", "totalRevenue": "1109900000", "costOfRevenue": "198600000", "costofGoodsAndServicesSold": "198600000", "operatingIncome": "613700000", "sellingGeneralAndAdministrative": "45200000", "researchAndDevelopment": "49300000", "operatingExpenses": "297600000", "investmentIncomeNet": "None", "netInterestIncome": "-41800000", "interestIncome": "None", "interestExpense": "41800000", "nonInterestIncome": "None", "otherNonOperatingIncome": "524000000", "depreciation": "None", "depreciationAndAmortization": "96200000", "incomeBeforeTax": "1095900000", "incomeTaxExpense": "169600000", "interestAndDebtExpense": "None", "netIncomeFromContinuingOperations": "926300000", "comprehensiveIncomeNetOfTax": "None", "ebit": "1137700000", "ebitda": "1233900000", "netIncome": "926500000"}, {"fiscalDateEnding": "2021-06-30", "reportedCurrency": "USD", "grossProfit": "967500000", "totalRevenue": "1179200000", "costOfRevenue": "211700000", "costofGoodsAndServicesSold": "211700000", "operatingIncome": "674700000", "sellingGeneralAndAdministrative": "36800000", "researchAndDevelopment": "49300000", "operatingExpenses": "292800000", "investmentIncomeNet": "None", "netInterestIncome": "-41700000", "interestIncome": "None", "interestExpense": "41700000", "nonInterestIncome": "None", "otherNonOperatingIncome": "93100000", "depreciation": "None", "depreciationAndAmortization": "96500000", "incomeBeforeTax": "726100000", "incomeTaxExpense": "215500000", "interestAndDebtExpense": "None", "netIncomeFromContinuingOperations": "510600000", "comprehensiveIncomeNetOfTax": "None", "ebit": "767800000", "ebitda": "864300000", "netIncome": "510300000"}, {"fiscalDateEnding": "2021-03-31", "reportedCurrency": "USD", "grossProfit": "1028300000", "totalRevenue": "1253300000", "costOfRevenue": "225000000", "costofGoodsAndServicesSold": "225000000", "operatingIncome": "725100000", "sellingGeneralAndAdministrative": "37400000", "researchAndDevelopment": "48200000", "operatingExpenses": "303200000", "investmentIncomeNet": "None", "netInterestIncome": "-41500000", "interestIncome": "None", "interestExpense": "41500000", "nonInterestIncome": "None", "otherNonOperatingIncome": "68700000", "depreciation": "None", "depreciationAndAmortization": "98200000", "incomeBeforeTax": "752300000", "incomeTaxExpense": "177500000", "interestAndDebtExpense": "None", "netIncomeFromContinuingOperations": "574800000", "comprehensiveIncomeNetOfTax": "None", "ebit": "793800000", "ebitda": "892000000", "netIncome": "574400000"}, {"fiscalDateEnding": "2020-12-31", "reportedCurrency": "USD", "grossProfit": "882900000", "totalRevenue": "1098500000", "costOfRevenue": "215600000", "costofGoodsAndServicesSold": "215600000", "operatingIncome": "515000000", "sellingGeneralAndAdministrative": "50000000", "researchAndDevelopment": "53600000", "operatingExpenses": "367900000", "investmentIncomeNet": "None", "netInterestIncome": "-41700000", "interestIncome": "None", "interestExpense": "41700000", "nonInterestIncome": "None", "otherNonOperatingIncome": "None", "depreciation": "None", "depreciationAndAmortization": "120500000", "incomeBeforeTax": "535000000", "incomeTaxExpense": "110200000", "interestAndDebtExpense": "None", "netIncomeFromContinuingOperations": "424800000", "comprehensiveIncomeNetOfTax": "None", "ebit": "576700000", "ebitda": "697200000", "netIncome": "424000000"}, {"fiscalDateEnding": "2020-09-30", "reportedCurrency": "USD", "grossProfit": "864300000", "totalRevenue": "1080700000", "costOfRevenue": "216400000", "costofGoodsAndServicesSold": "216400000", "operatingIncome": "525000000", "sellingGeneralAndAdministrative": "48400000", "researchAndDevelopment": "48100000", "operatingExpenses": "339300000", "investmentIncomeNet": "None", "netInterestIncome": "-41700000", "interestIncome": "None", "interestExpense": "41700000", "nonInterestIncome": "None", "otherNonOperatingIncome": "53200000", "depreciation": "None", "depreciationAndAmortization": "118000000", "incomeBeforeTax": "536500000", "incomeTaxExpense": "125000000", "interestAndDebtExpense": "None", "netIncomeFromContinuingOperations": "661500000", "comprehensiveIncomeNetOfTax": "None", "ebit": "578200000", "ebitda": "696200000", "netIncome": "411700000"}, {"fiscalDateEnding": "2020-06-30", "reportedCurrency": "USD", "grossProfit": "965300000", "totalRevenue": "1182300000", "costOfRevenue": "217000000", "costofGoodsAndServicesSold": "217000000", "operatingIncome": "637500000", "sellingGeneralAndAdministrative": "51200000", "researchAndDevelopment": "49100000", "operatingExpenses": "327800000", "investmentIncomeNet": "None", "netInterestIncome": "-41900000", "interestIncome": "None", "interestExpense": "41900000", "nonInterestIncome": "None", "otherNonOperatingIncome": "65700000", "depreciation": "None", "depreciationAndAmortization": "113300000", "incomeBeforeTax": "661300000", "incomeTaxExpense": "158000000", "interestAndDebtExpense": "None", "netIncomeFromContinuingOperations": "819300000", "comprehensiveIncomeNetOfTax": "None", "ebit": "703200000", "ebitda": "816500000", "netIncome": "503300000"}, {"fiscalDateEnding": "2020-03-31", "reportedCurrency": "USD", "grossProfit": "1314600000", "totalRevenue": "1522100000", "costOfRevenue": "207500000", "costofGoodsAndServicesSold": "207500000", "operatingIncome": "959900000", "sellingGeneralAndAdministrative": "163300000", "researchAndDevelopment": "47700000", "operatingExpenses": "354700000", "investmentIncomeNet": "None", "netInterestIncome": "-40900000", "interestIncome": "106200000", "interestExpense": "40900000", "nonInterestIncome": "None", "otherNonOperatingIncome": "70300000", "depreciation": "None", "depreciationAndAmortization": "112600000", "incomeBeforeTax": "989300000", "incomeTaxExpense": "222500000", "interestAndDebtExpense": "None", "netIncomeFromContinuingOperations": "1211800000", "comprehensiveIncomeNetOfTax": "None", "ebit": "1030200000", "ebitda": "1142800000", "netIncome": "766200000"}, {"fiscalDateEnding": "2019-12-31", "reportedCurrency": "USD", "grossProfit": "920800000", "totalRevenue": "1138400000", "costOfRevenue": "217600000", "costofGoodsAndServicesSold": "217600000", "operatingIncome": "573000000", "sellingGeneralAndAdministrative": "144200000", "researchAndDevelopment": "53100000", "operatingExpenses": "347800000", "investmentIncomeNet": "None", "netInterestIncome": "-42000000", "interestIncome": "150100000", "interestExpense": "42000000", "nonInterestIncome": "None", "otherNonOperatingIncome": "93100000", "depreciation": "None", "depreciationAndAmortization": "116100000", "incomeBeforeTax": "624100000", "incomeTaxExpense": "155100000", "interestAndDebtExpense": "None", "netIncomeFromContinuingOperations": "1442800000", "comprehensiveIncomeNetOfTax": "None", "ebit": "666100000", "ebitda": "782200000", "netIncome": "469500000"}, {"fiscalDateEnding": "2019-09-30", "reportedCurrency": "USD", "grossProfit": "1053800000", "totalRevenue": "1277300000", "costOfRevenue": "223500000", "costofGoodsAndServicesSold": "223500000", "operatingIncome": "685200000", "sellingGeneralAndAdministrative": "43200000", "researchAndDevelopment": "52700000", "operatingExpenses": "368600000", "investmentIncomeNet": "None", "netInterestIncome": "-42800000", "interestIncome": "177500000", "interestExpense": "42800000", "nonInterestIncome": "None", "otherNonOperatingIncome": "80800000", "depreciation": "None", "depreciationAndAmortization": "121200000", "incomeBeforeTax": "723200000", "incomeTaxExpense": "86900000", "interestAndDebtExpense": "None", "netIncomeFromContinuingOperations": "810100000", "comprehensiveIncomeNetOfTax": "None", "ebit": "766000000", "ebitda": "887200000", "netIncome": "636300000"}, {"fiscalDateEnding": "2019-06-30", "reportedCurrency": "USD", "grossProfit": "1045400000", "totalRevenue": "1272700000", "costOfRevenue": "227300000", "costofGoodsAndServicesSold": "227300000", "operatingIncome": "698600000", "sellingGeneralAndAdministrative": "41700000", "researchAndDevelopment": "48600000", "operatingExpenses": "346800000", "investmentIncomeNet": "None", "netInterestIncome": "-45100000", "interestIncome": "138000000", "interestExpense": "45100000", "nonInterestIncome": "None", "otherNonOperatingIncome": "48600000", "depreciation": "None", "depreciationAndAmortization": "122400000", "incomeBeforeTax": "702100000", "incomeTaxExpense": "187500000", "interestAndDebtExpense": "None", "netIncomeFromContinuingOperations": "514600000", "comprehensiveIncomeNetOfTax": "None", "ebit": "747200000", "ebitda": "869600000", "netIncome": "513800000"}, {"fiscalDateEnding": "2019-03-31", "reportedCurrency": "USD", "grossProfit": "949300000", "totalRevenue": "1179600000", "costOfRevenue": "230300000", "costofGoodsAndServicesSold": "230300000", "operatingIncome": "631000000", "sellingGeneralAndAdministrative": "39400000", "researchAndDevelopment": "47100000", "operatingExpenses": "318300000", "investmentIncomeNet": "None", "netInterestIncome": "-48100000", "interestIncome": "None", "interestExpense": "48100000", "nonInterestIncome": "None", "otherNonOperatingIncome": "57300000", "depreciation": "None", "depreciationAndAmortization": "113600000", "incomeBeforeTax": "640200000", "incomeTaxExpense": "144300000", "interestAndDebtExpense": "None", "netIncomeFromContinuingOperations": "495900000", "comprehensiveIncomeNetOfTax": "None", "ebit": "688300000", "ebitda": "801900000", "netIncome": "496900000"}, {"fiscalDateEnding": "2018-12-31", "reportedCurrency": "USD", "grossProfit": "1031100000", "totalRevenue": "1236600000", "costOfRevenue": "205500000", "costofGoodsAndServicesSold": "205500000", "operatingIncome": "649900000", "sellingGeneralAndAdministrative": "900000", "researchAndDevelopment": "41800000", "operatingExpenses": "381200000", "investmentIncomeNet": "None", "netInterestIncome": "None", "interestIncome": "None", "interestExpense": "49500000", "nonInterestIncome": "None", "otherNonOperatingIncome": "70100000", "depreciation": "None", "depreciationAndAmortization": "32900000", "incomeBeforeTax": "670500000", "incomeTaxExpense": "283500000", "interestAndDebtExpense": "None", "netIncomeFromContinuingOperations": "2015200000", "comprehensiveIncomeNetOfTax": "None", "ebit": "779000000", "ebitda": "811900000", "netIncome": "385500000"}, {"fiscalDateEnding": "2018-09-30", "reportedCurrency": "USD", "grossProfit": "759300000", "totalRevenue": "904200000", "costOfRevenue": "144900000", "costofGoodsAndServicesSold": "144900000", "operatingIncome": "549900000", "sellingGeneralAndAdministrative": "31300000", "researchAndDevelopment": "24700000", "operatingExpenses": "202900000", "investmentIncomeNet": "None", "netInterestIncome": "None", "interestIncome": "None", "interestExpense": "45000000", "nonInterestIncome": "None", "otherNonOperatingIncome": "56900000", "depreciation": "None", "depreciationAndAmortization": "30200000", "incomeBeforeTax": "561800000", "incomeTaxExpense": "150000000", "interestAndDebtExpense": "None", "netIncomeFromContinuingOperations": "411800000", "comprehensiveIncomeNetOfTax": "None", "ebit": "630500000", "ebitda": "660700000", "netIncome": "411800000"}, {"fiscalDateEnding": "2018-06-30", "reportedCurrency": "USD", "grossProfit": "908800000", "totalRevenue": "1059600000", "costOfRevenue": "150800000", "costofGoodsAndServicesSold": "150800000", "operatingIncome": "666900000", "sellingGeneralAndAdministrative": "31900000", "researchAndDevelopment": "25200000", "operatingExpenses": "236000000", "investmentIncomeNet": "None", "netInterestIncome": "None", "interestIncome": "None", "interestExpense": "33100000", "nonInterestIncome": "None", "otherNonOperatingIncome": "123000000", "depreciation": "None", "depreciationAndAmortization": "27500000", "incomeBeforeTax": "756800000", "incomeTaxExpense": "190700000", "interestAndDebtExpense": "None", "netIncomeFromContinuingOperations": "566100000", "comprehensiveIncomeNetOfTax": "None", "ebit": "813500000", "ebitda": "841000000", "netIncome": "566100000"}, {"fiscalDateEnding": "2018-03-31", "reportedCurrency": "USD", "grossProfit": "956300000", "totalRevenue": "1109000000", "costOfRevenue": "152700000", "costofGoodsAndServicesSold": "152700000", "operatingIncome": "740900000", "sellingGeneralAndAdministrative": "42600000", "researchAndDevelopment": "0", "operatingExpenses": "209500000", "investmentIncomeNet": "None", "netInterestIncome": "None", "interestIncome": "None", "interestExpense": "30100000", "nonInterestIncome": "None", "otherNonOperatingIncome": "77900000", "depreciation": "None", "depreciationAndAmortization": "28100000", "incomeBeforeTax": "788700000", "incomeTaxExpense": "189900000", "interestAndDebtExpense": "None", "netIncomeFromContinuingOperations": "598800000", "comprehensiveIncomeNetOfTax": "None", "ebit": "842500000", "ebitda": "870600000", "netIncome": "598800000"}, {"fiscalDateEnding": "2017-12-31", "reportedCurrency": "USD", "grossProfit": "754600000", "totalRevenue": "900000000", "costOfRevenue": "145400000", "costofGoodsAndServicesSold": "145400000", "operatingIncome": "537300000", "sellingGeneralAndAdministrative": "55700000", "researchAndDevelopment": "101600000", "operatingExpenses": "217300000", "investmentIncomeNet": "None", "netInterestIncome": "None", "interestIncome": "None", "interestExpense": "29100000", "nonInterestIncome": "None", "otherNonOperatingIncome": "66500000", "depreciation": "None", "depreciationAndAmortization": "27900000", "incomeBeforeTax": "574700000", "incomeTaxExpense": "-2364500000", "interestAndDebtExpense": "None", "netIncomeFromContinuingOperations": "2939200000", "comprehensiveIncomeNetOfTax": "None", "ebit": "627500000", "ebitda": "655400000", "netIncome": "2939200000"}, {"fiscalDateEnding": "2017-09-30", "reportedCurrency": "USD", "grossProfit": "743000000", "totalRevenue": "890800000", "costOfRevenue": "147800000", "costofGoodsAndServicesSold": "147800000", "operatingIncome": "567600000", "sellingGeneralAndAdministrative": "45600000", "researchAndDevelopment": "0", "operatingExpenses": "175400000", "investmentIncomeNet": "None", "netInterestIncome": "None", "interestIncome": "None", "interestExpense": "29100000", "nonInterestIncome": "None", "otherNonOperatingIncome": "68500000", "depreciation": "None", "depreciationAndAmortization": "26900000", "incomeBeforeTax": "607300000", "incomeTaxExpense": "298700000", "interestAndDebtExpense": "None", "netIncomeFromContinuingOperations": "308600000", "comprehensiveIncomeNetOfTax": "None", "ebit": "660200000", "ebitda": "687100000", "netIncome": "308600000"}, {"fiscalDateEnding": "2017-06-30", "reportedCurrency": "USD", "grossProfit": "778900000", "totalRevenue": "924600000", "costOfRevenue": "145700000", "costofGoodsAndServicesSold": "145700000", "operatingIncome": "605200000", "sellingGeneralAndAdministrative": "47800000", "researchAndDevelopment": "0", "operatingExpenses": "173700000", "investmentIncomeNet": "None", "netInterestIncome": "None", "interestIncome": "None", "interestExpense": "29000000", "nonInterestIncome": "None", "otherNonOperatingIncome": "60700000", "depreciation": "None", "depreciationAndAmortization": "28800000", "incomeBeforeTax": "637300000", "incomeTaxExpense": "221500000", "interestAndDebtExpense": "None", "netIncomeFromContinuingOperations": "415800000", "comprehensiveIncomeNetOfTax": "None", "ebit": "690300000", "ebitda": "719100000", "netIncome": "415800000"}, {"fiscalDateEnding": "2017-03-31", "reportedCurrency": "USD", "grossProfit": "780400000", "totalRevenue": "929300000", "costOfRevenue": "148900000", "costofGoodsAndServicesSold": "148900000", "operatingIncome": "600900000", "sellingGeneralAndAdministrative": "48700000", "researchAndDevelopment": "0", "operatingExpenses": "179500000", "investmentIncomeNet": "None", "netInterestIncome": "None", "interestIncome": "None", "interestExpense": "29800000", "nonInterestIncome": "None", "otherNonOperatingIncome": "135600000", "depreciation": "None", "depreciationAndAmortization": "29400000", "incomeBeforeTax": "707000000", "incomeTaxExpense": "307200000", "interestAndDebtExpense": "None", "netIncomeFromContinuingOperations": "399800000", "comprehensiveIncomeNetOfTax": "None", "ebit": "760800000", "ebitda": "790200000", "netIncome": "399800000"}, {"fiscalDateEnding": "2016-12-31", "reportedCurrency": "USD", "grossProfit": "759200000", "totalRevenue": "912900000", "costOfRevenue": "153700000", "costofGoodsAndServicesSold": "153700000", "operatingIncome": "540200000", "sellingGeneralAndAdministrative": "61600000", "researchAndDevelopment": "0", "operatingExpenses": "219000000", "investmentIncomeNet": "None", "netInterestIncome": "None", "interestIncome": "None", "interestExpense": "31600000", "nonInterestIncome": "None", "otherNonOperatingIncome": "85600000", "depreciation": "None", "depreciationAndAmortization": "33700000", "incomeBeforeTax": "594200000", "incomeTaxExpense": "220800000", "interestAndDebtExpense": "None", "netIncomeFromContinuingOperations": "373400000", "comprehensiveIncomeNetOfTax": "None", "ebit": "649900000", "ebitda": "683600000", "netIncome": "373400000"}, {"fiscalDateEnding": "2016-09-30", "reportedCurrency": "USD", "grossProfit": "704200000", "totalRevenue": "841700000", "costOfRevenue": "137500000", "costofGoodsAndServicesSold": "137500000", "operatingIncome": "525300000", "sellingGeneralAndAdministrative": "53100000", "researchAndDevelopment": "0", "operatingExpenses": "178900000", "investmentIncomeNet": "None", "netInterestIncome": "None", "interestIncome": "None", "interestExpense": "31100000", "nonInterestIncome": "None", "otherNonOperatingIncome": "54600000", "depreciation": "None", "depreciationAndAmortization": "31200000", "incomeBeforeTax": "548800000", "incomeTaxExpense": "76000000", "interestAndDebtExpense": "None", "netIncomeFromContinuingOperations": "472800000", "comprehensiveIncomeNetOfTax": "None", "ebit": "603900000", "ebitda": "635100000", "netIncome": "472800000"}, {"fiscalDateEnding": "2016-06-30", "reportedCurrency": "USD", "grossProfit": "768400000", "totalRevenue": "906400000", "costOfRevenue": "138000000", "costofGoodsAndServicesSold": "138000000", "operatingIncome": "563300000", "sellingGeneralAndAdministrative": "63400000", "researchAndDevelopment": "0", "operatingExpenses": "205100000", "investmentIncomeNet": "None", "netInterestIncome": "None", "interestIncome": "None", "interestExpense": "31000000", "nonInterestIncome": "None", "otherNonOperatingIncome": "33800000", "depreciation": "None", "depreciationAndAmortization": "30400000", "incomeBeforeTax": "566100000", "incomeTaxExpense": "246000000", "interestAndDebtExpense": "None", "netIncomeFromContinuingOperations": "320100000", "comprehensiveIncomeNetOfTax": "None", "ebit": "621100000", "ebitda": "651500000", "netIncome": "320100000"}, {"fiscalDateEnding": "2016-03-31", "reportedCurrency": "USD", "grossProfit": "795600000", "totalRevenue": "934200000", "costOfRevenue": "138600000", "costofGoodsAndServicesSold": "138600000", "operatingIncome": "573900000", "sellingGeneralAndAdministrative": "53000000", "researchAndDevelopment": "0", "operatingExpenses": "221700000", "investmentIncomeNet": "None", "netInterestIncome": "None", "interestIncome": "None", "interestExpense": "29800000", "nonInterestIncome": "None", "otherNonOperatingIncome": "34400000", "depreciation": "None", "depreciationAndAmortization": "33900000", "incomeBeforeTax": "578500000", "incomeTaxExpense": "210700000", "interestAndDebtExpense": "None", "netIncomeFromContinuingOperations": "367800000", "comprehensiveIncomeNetOfTax": "None", "ebit": "632300000", "ebitda": "666200000", "netIncome": "367800000"}, {"fiscalDateEnding": "2015-12-31", "reportedCurrency": "USD", "grossProfit": "672800000", "totalRevenue": "813800000", "costOfRevenue": "141000000", "costofGoodsAndServicesSold": "141000000", "operatingIncome": "469900000", "sellingGeneralAndAdministrative": "55300000", "researchAndDevelopment": "0", "operatingExpenses": "202900000", "investmentIncomeNet": "None", "netInterestIncome": "None", "interestIncome": "None", "interestExpense": "28900000", "nonInterestIncome": "None", "otherNonOperatingIncome": "27500000", "depreciation": "None", "depreciationAndAmortization": "31700000", "incomeBeforeTax": "468500000", "incomeTaxExpense": "176800000", "interestAndDebtExpense": "None", "netIncomeFromContinuingOperations": "291700000", "comprehensiveIncomeNetOfTax": "None", "ebit": "522000000", "ebitda": "553700000", "netIncome": "291700000"}, {"fiscalDateEnding": "2015-09-30", "reportedCurrency": "USD", "grossProfit": "706800000", "totalRevenue": "850300000", "costOfRevenue": "143500000", "costofGoodsAndServicesSold": "143500000", "operatingIncome": "516400000", "sellingGeneralAndAdministrative": "56900000", "researchAndDevelopment": "0", "operatingExpenses": "190400000", "investmentIncomeNet": "None", "netInterestIncome": "None", "interestIncome": "None", "interestExpense": "28300000", "nonInterestIncome": "None", "otherNonOperatingIncome": "28300000", "depreciation": "None", "depreciationAndAmortization": "32400000", "incomeBeforeTax": "516400000", "incomeTaxExpense": "156500000", "interestAndDebtExpense": "None", "netIncomeFromContinuingOperations": "359900000", "comprehensiveIncomeNetOfTax": "None", "ebit": "569600000", "ebitda": "602000000", "netIncome": "359900000"}, {"fiscalDateEnding": "2015-06-30", "reportedCurrency": "USD", "grossProfit": "671900000", "totalRevenue": "820000000", "costOfRevenue": "148100000", "costofGoodsAndServicesSold": "148100000", "operatingIncome": "495100000", "sellingGeneralAndAdministrative": "51200000", "researchAndDevelopment": "0", "operatingExpenses": "176800000", "investmentIncomeNet": "None", "netInterestIncome": "None", "interestIncome": "None", "interestExpense": "28600000", "nonInterestIncome": "None", "otherNonOperatingIncome": "-18400000", "depreciation": "None", "depreciationAndAmortization": "33300000", "incomeBeforeTax": "448100000", "incomeTaxExpense": "183100000", "interestAndDebtExpense": "None", "netIncomeFromContinuingOperations": "265000000", "comprehensiveIncomeNetOfTax": "None", "ebit": "501700000", "ebitda": "535000000", "netIncome": "265000000"}, {"fiscalDateEnding": "2015-03-31", "reportedCurrency": "USD", "grossProfit": "693800000", "totalRevenue": "842700000", "costOfRevenue": "148900000", "costofGoodsAndServicesSold": "148900000", "operatingIncome": "507300000", "sellingGeneralAndAdministrative": "51900000", "researchAndDevelopment": "0", "operatingExpenses": "186500000", "investmentIncomeNet": "None", "netInterestIncome": "None", "interestIncome": "None", "interestExpense": "31600000", "nonInterestIncome": "None", "otherNonOperatingIncome": "48100000", "depreciation": "None", "depreciationAndAmortization": "31800000", "incomeBeforeTax": "523800000", "incomeTaxExpense": "193400000", "interestAndDebtExpense": "None", "netIncomeFromContinuingOperations": "330400000", "comprehensiveIncomeNetOfTax": "None", "ebit": "580300000", "ebitda": "612100000", "netIncome": "330400000"}, {"fiscalDateEnding": "2014-12-31", "reportedCurrency": "USD", "grossProfit": "688600000", "totalRevenue": "841100000", "costOfRevenue": "152500000", "costofGoodsAndServicesSold": "152500000", "operatingIncome": "471500000", "sellingGeneralAndAdministrative": "55400000", "researchAndDevelopment": "0", "operatingExpenses": "217100000", "investmentIncomeNet": "None", "netInterestIncome": "None", "interestIncome": "None", "interestExpense": "28700000", "nonInterestIncome": "None", "otherNonOperatingIncome": "31000000", "depreciation": "None", "depreciationAndAmortization": "31500000", "incomeBeforeTax": "473800000", "incomeTaxExpense": "167300000", "interestAndDebtExpense": "None", "netIncomeFromContinuingOperations": "306500000", "comprehensiveIncomeNetOfTax": "None", "ebit": "527400000", "ebitda": "558900000", "netIncome": "306500000"}, {"fiscalDateEnding": "2014-09-30", "reportedCurrency": "USD", "grossProfit": "622500000", "totalRevenue": "762400000", "costOfRevenue": "139900000", "costofGoodsAndServicesSold": "139900000", "operatingIncome": "430400000", "sellingGeneralAndAdministrative": "56900000", "researchAndDevelopment": "0", "operatingExpenses": "192100000", "investmentIncomeNet": "None", "netInterestIncome": "None", "interestIncome": "None", "interestExpense": "28700000", "nonInterestIncome": "None", "otherNonOperatingIncome": "27400000", "depreciation": "None", "depreciationAndAmortization": "32700000", "incomeBeforeTax": "429100000", "incomeTaxExpense": "139100000", "interestAndDebtExpense": "None", "netIncomeFromContinuingOperations": "290000000", "comprehensiveIncomeNetOfTax": "None", "ebit": "483100000", "ebitda": "515800000", "netIncome": "290000000"}, {"fiscalDateEnding": "2014-06-30", "reportedCurrency": "USD", "grossProfit": "583600000", "totalRevenue": "731600000", "costOfRevenue": "148000000", "costofGoodsAndServicesSold": "148000000", "operatingIncome": "412000000", "sellingGeneralAndAdministrative": "60700000", "researchAndDevelopment": "0", "operatingExpenses": "171600000", "investmentIncomeNet": "None", "netInterestIncome": "None", "interestIncome": "None", "interestExpense": "28300000", "nonInterestIncome": "None", "otherNonOperatingIncome": "38400000", "depreciation": "None", "depreciationAndAmortization": "34300000", "incomeBeforeTax": "422100000", "incomeTaxExpense": "158300000", "interestAndDebtExpense": "None", "netIncomeFromContinuingOperations": "263800000", "comprehensiveIncomeNetOfTax": "None", "ebit": "475600000", "ebitda": "509900000", "netIncome": "263800000"}, {"fiscalDateEnding": "2014-03-31", "reportedCurrency": "USD", "grossProfit": "633700000", "totalRevenue": "777400000", "costOfRevenue": "143700000", "costofGoodsAndServicesSold": "143700000", "operatingIncome": "454500000", "sellingGeneralAndAdministrative": "52800000", "researchAndDevelopment": "0", "operatingExpenses": "179200000", "investmentIncomeNet": "None", "netInterestIncome": "None", "interestIncome": "None", "interestExpense": "33700000", "nonInterestIncome": "None", "otherNonOperatingIncome": "25600000", "depreciation": "None", "depreciationAndAmortization": "34100000", "incomeBeforeTax": "446400000", "incomeTaxExpense": "179800000", "interestAndDebtExpense": "None", "netIncomeFromContinuingOperations": "266600000", "comprehensiveIncomeNetOfTax": "None", "ebit": "505300000", "ebitda": "539400000", "netIncome": "266800000"}, {"fiscalDateEnding": "2013-12-31", "reportedCurrency": "USD", "grossProfit": "551800000", "totalRevenue": "687000000", "costOfRevenue": "135200000", "costofGoodsAndServicesSold": "135200000", "operatingIncome": "323200000", "sellingGeneralAndAdministrative": "66500000", "researchAndDevelopment": "0", "operatingExpenses": "228600000", "investmentIncomeNet": "None", "netInterestIncome": "None", "interestIncome": "None", "interestExpense": "38600000", "nonInterestIncome": "None", "otherNonOperatingIncome": "22400000", "depreciation": "None", "depreciationAndAmortization": "34300000", "incomeBeforeTax": "307000000", "incomeTaxExpense": "113900000", "interestAndDebtExpense": "None", "netIncomeFromContinuingOperations": "193100000", "comprehensiveIncomeNetOfTax": "None", "ebit": "371200000", "ebitda": "405500000", "netIncome": "193100000"}, {"fiscalDateEnding": "2013-09-30", "reportedCurrency": "USD", "grossProfit": "571400000", "totalRevenue": "714600000", "costOfRevenue": "143200000", "costofGoodsAndServicesSold": "143200000", "operatingIncome": "400500000", "sellingGeneralAndAdministrative": "54800000", "researchAndDevelopment": "0", "operatingExpenses": "170900000", "investmentIncomeNet": "None", "netInterestIncome": "None", "interestIncome": "None", "interestExpense": "34600000", "nonInterestIncome": "None", "otherNonOperatingIncome": "33000000", "depreciation": "None", "depreciationAndAmortization": "35000000", "incomeBeforeTax": "398900000", "incomeTaxExpense": "162600000", "interestAndDebtExpense": "None", "netIncomeFromContinuingOperations": "236300000", "comprehensiveIncomeNetOfTax": "None", "ebit": "459100000", "ebitda": "494100000", "netIncome": "236700000"}, {"fiscalDateEnding": "2013-06-30", "reportedCurrency": "USD", "grossProfit": "678600000", "totalRevenue": "816100000", "costOfRevenue": "137500000", "costofGoodsAndServicesSold": "137500000", "operatingIncome": "507800000", "sellingGeneralAndAdministrative": "46900000", "researchAndDevelopment": "0", "operatingExpenses": "170800000", "investmentIncomeNet": "None", "netInterestIncome": "None", "interestIncome": "None", "interestExpense": "39200000", "nonInterestIncome": "None", "otherNonOperatingIncome": "38900000", "depreciation": "None", "depreciationAndAmortization": "33200000", "incomeBeforeTax": "507500000", "incomeTaxExpense": "196200000", "interestAndDebtExpense": "None", "netIncomeFromContinuingOperations": "311300000", "comprehensiveIncomeNetOfTax": "None", "ebit": "572600000", "ebitda": "605800000", "netIncome": "311200000"}, {"fiscalDateEnding": "2013-03-31", "reportedCurrency": "USD", "grossProfit": "580300000", "totalRevenue": "718600000", "costOfRevenue": "138300000", "costofGoodsAndServicesSold": "138300000", "operatingIncome": "405500000", "sellingGeneralAndAdministrative": "40400000", "researchAndDevelopment": "0", "operatingExpenses": "174800000", "investmentIncomeNet": "None", "netInterestIncome": "None", "interestIncome": "None", "interestExpense": "39000000", "nonInterestIncome": "None", "otherNonOperatingIncome": "21100000", "depreciation": "None", "depreciationAndAmortization": "32600000", "incomeBeforeTax": "387600000", "incomeTaxExpense": "150200000", "interestAndDebtExpense": "None", "netIncomeFromContinuingOperations": "237400000", "comprehensiveIncomeNetOfTax": "None", "ebit": "452500000", "ebitda": "485100000", "netIncome": "235800000"}, {"fiscalDateEnding": "2012-12-31", "reportedCurrency": "USD", "grossProfit": "674500000", "totalRevenue": "660900000", "costOfRevenue": "-13600000", "costofGoodsAndServicesSold": "-13600000", "operatingIncome": "375600000", "sellingGeneralAndAdministrative": "216100000", "researchAndDevelopment": "0", "operatingExpenses": "298900000", "investmentIncomeNet": "None", "netInterestIncome": "None", "interestIncome": "None", "interestExpense": "44000000", "nonInterestIncome": "None", "otherNonOperatingIncome": "21900000", "depreciation": "None", "depreciationAndAmortization": "33900000", "incomeBeforeTax": "353500000", "incomeTaxExpense": "185400000", "interestAndDebtExpense": "None", "netIncomeFromContinuingOperations": "169000000", "comprehensiveIncomeNetOfTax": "None", "ebit": "423400000", "ebitda": "457300000", "netIncome": "166800000"}, {"fiscalDateEnding": "2012-09-30", "reportedCurrency": "USD", "grossProfit": "555900000", "totalRevenue": "683200000", "costOfRevenue": "127300000", "costofGoodsAndServicesSold": "127300000", "operatingIncome": "396000000", "sellingGeneralAndAdministrative": "45500000", "researchAndDevelopment": "0", "operatingExpenses": "121400000", "investmentIncomeNet": "None", "netInterestIncome": "None", "interestIncome": "None", "interestExpense": "30200000", "nonInterestIncome": "None", "otherNonOperatingIncome": "30000000", "depreciation": "None", "depreciationAndAmortization": "34500000", "incomeBeforeTax": "395800000", "incomeTaxExpense": "176900000", "interestAndDebtExpense": "None", "netIncomeFromContinuingOperations": "218000000", "comprehensiveIncomeNetOfTax": "None", "ebit": "452200000", "ebitda": "486700000", "netIncome": "218000000"}, {"fiscalDateEnding": "2012-06-30", "reportedCurrency": "USD", "grossProfit": "654100000", "totalRevenue": "795900000", "costOfRevenue": "141800000", "costofGoodsAndServicesSold": "141800000", "operatingIncome": "469200000", "sellingGeneralAndAdministrative": "59000000", "researchAndDevelopment": "0", "operatingExpenses": "132500000", "investmentIncomeNet": "None", "netInterestIncome": "None", "interestIncome": "None", "interestExpense": "28900000", "nonInterestIncome": "None", "otherNonOperatingIncome": "70400000", "depreciation": "None", "depreciationAndAmortization": "33600000", "incomeBeforeTax": "510700000", "incomeTaxExpense": "257300000", "interestAndDebtExpense": "None", "netIncomeFromContinuingOperations": "253400000", "comprehensiveIncomeNetOfTax": "None", "ebit": "570900000", "ebitda": "604500000", "netIncome": "244900000"}, {"fiscalDateEnding": "2012-03-31", "reportedCurrency": "USD", "grossProfit": "629200000", "totalRevenue": "774600000", "costOfRevenue": "145400000", "costofGoodsAndServicesSold": "145400000", "operatingIncome": "451200000", "sellingGeneralAndAdministrative": "52500000", "researchAndDevelopment": "0", "operatingExpenses": "133000000", "investmentIncomeNet": "None", "netInterestIncome": "None", "interestIncome": "None", "interestExpense": "29100000", "nonInterestIncome": "None", "otherNonOperatingIncome": "11300000", "depreciation": "None", "depreciationAndAmortization": "34900000", "incomeBeforeTax": "433400000", "incomeTaxExpense": "167100000", "interestAndDebtExpense": "None", "netIncomeFromContinuingOperations": "266300000", "comprehensiveIncomeNetOfTax": "None", "ebit": "495300000", "ebitda": "530200000", "netIncome": "266600000"}, {"fiscalDateEnding": "2011-12-31", "reportedCurrency": "USD", "grossProfit": "560800000", "totalRevenue": "736500000", "costOfRevenue": "175700000", "costofGoodsAndServicesSold": "175700000", "operatingIncome": "390400000", "sellingGeneralAndAdministrative": "40800000", "researchAndDevelopment": "0", "operatingExpenses": "30000000", "investmentIncomeNet": "None", "netInterestIncome": "None", "interestIncome": "None", "interestExpense": "29100000", "nonInterestIncome": "None", "otherNonOperatingIncome": "8400000", "depreciation": "None", "depreciationAndAmortization": "33400000", "incomeBeforeTax": "369700000", "incomeTaxExpense": "-377000000", "interestAndDebtExpense": "None", "netIncomeFromContinuingOperations": "746700000", "comprehensiveIncomeNetOfTax": "None", "ebit": "431600000", "ebitda": "465000000", "netIncome": "745900000"}, {"fiscalDateEnding": "2011-09-30", "reportedCurrency": "USD", "grossProfit": "701000000", "totalRevenue": "874200000", "costOfRevenue": "173200000", "costofGoodsAndServicesSold": "173200000", "operatingIncome": "572100000", "sellingGeneralAndAdministrative": "41100000", "researchAndDevelopment": "0", "operatingExpenses": "128900000", "investmentIncomeNet": "None", "netInterestIncome": "None", "interestIncome": "None", "interestExpense": "29000000", "nonInterestIncome": "None", "otherNonOperatingIncome": "2800000", "depreciation": "None", "depreciationAndAmortization": "32400000", "incomeBeforeTax": "545900000", "incomeTaxExpense": "230900000", "interestAndDebtExpense": "None", "netIncomeFromContinuingOperations": "315000000", "comprehensiveIncomeNetOfTax": "None", "ebit": "607900000", "ebitda": "640300000", "netIncome": "316100000"}, {"fiscalDateEnding": "2011-06-30", "reportedCurrency": "USD", "grossProfit": "665900000", "totalRevenue": "838300000", "costOfRevenue": "172400000", "costofGoodsAndServicesSold": "172400000", "operatingIncome": "534500000", "sellingGeneralAndAdministrative": "37600000", "researchAndDevelopment": "0", "operatingExpenses": "131400000", "investmentIncomeNet": "None", "netInterestIncome": "None", "interestIncome": "None", "interestExpense": "28700000", "nonInterestIncome": "None", "otherNonOperatingIncome": "3500000", "depreciation": "None", "depreciationAndAmortization": "31700000", "incomeBeforeTax": "509300000", "incomeTaxExpense": "213700000", "interestAndDebtExpense": "None", "netIncomeFromContinuingOperations": "295600000", "comprehensiveIncomeNetOfTax": "None", "ebit": "571000000", "ebitda": "602700000", "netIncome": "293700000"}, {"fiscalDateEnding": "2011-03-31", "reportedCurrency": "USD", "grossProfit": "656700000", "totalRevenue": "831600000", "costOfRevenue": "174900000", "costofGoodsAndServicesSold": "174900000", "operatingIncome": "524100000", "sellingGeneralAndAdministrative": "42900000", "researchAndDevelopment": "0", "operatingExpenses": "132600000", "investmentIncomeNet": "None", "netInterestIncome": "None", "interestIncome": "None", "interestExpense": "30100000", "nonInterestIncome": "None", "otherNonOperatingIncome": "17600000", "depreciation": "None", "depreciationAndAmortization": "31000000", "incomeBeforeTax": "511600000", "incomeTaxExpense": "54500000", "interestAndDebtExpense": "None", "netIncomeFromContinuingOperations": "457100000", "comprehensiveIncomeNetOfTax": "None", "ebit": "574900000", "ebitda": "605900000", "netIncome": "456600000"}, {"fiscalDateEnding": "2010-12-31", "reportedCurrency": "USD", "grossProfit": "585500000", "totalRevenue": "763200000", "costOfRevenue": "177700000", "costofGoodsAndServicesSold": "177700000", "operatingIncome": "458400000", "sellingGeneralAndAdministrative": "37000000", "researchAndDevelopment": "0", "operatingExpenses": "127200000", "investmentIncomeNet": "None", "netInterestIncome": "None", "interestIncome": "None", "interestExpense": "35100000", "nonInterestIncome": "None", "otherNonOperatingIncome": "8900000", "depreciation": "None", "depreciationAndAmortization": "31800000", "incomeBeforeTax": "427200000", "incomeTaxExpense": "230800000", "interestAndDebtExpense": "None", "netIncomeFromContinuingOperations": "201400000", "comprehensiveIncomeNetOfTax": "None", "ebit": "494900000", "ebitda": "526700000", "netIncome": "196200000"}, {"fiscalDateEnding": "2010-09-30", "reportedCurrency": "USD", "grossProfit": "574600000", "totalRevenue": "733400000", "costOfRevenue": "158800000", "costofGoodsAndServicesSold": "158800000", "operatingIncome": "442900000", "sellingGeneralAndAdministrative": "37500000", "researchAndDevelopment": "0", "operatingExpenses": "131700000", "investmentIncomeNet": "None", "netInterestIncome": "None", "interestIncome": "None", "interestExpense": "35900000", "nonInterestIncome": "None", "otherNonOperatingIncome": "16500000", "depreciation": "None", "depreciationAndAmortization": "33100000", "incomeBeforeTax": "415700000", "incomeTaxExpense": "171400000", "interestAndDebtExpense": "None", "netIncomeFromContinuingOperations": "252100000", "comprehensiveIncomeNetOfTax": "None", "ebit": "484000000", "ebitda": "517100000", "netIncome": "244300000"}, {"fiscalDateEnding": "2010-06-30", "reportedCurrency": "USD", "grossProfit": "662000000", "totalRevenue": "813900000", "costOfRevenue": "151900000", "costofGoodsAndServicesSold": "151900000", "operatingIncome": "515100000", "sellingGeneralAndAdministrative": "41400000", "researchAndDevelopment": "0", "operatingExpenses": "147100000", "investmentIncomeNet": "None", "netInterestIncome": "None", "interestIncome": "None", "interestExpense": "37900000", "nonInterestIncome": "None", "otherNonOperatingIncome": "2900000", "depreciation": "None", "depreciationAndAmortization": "32800000", "incomeBeforeTax": "480100000", "incomeTaxExpense": "208900000", "interestAndDebtExpense": "None", "netIncomeFromContinuingOperations": "271200000", "comprehensiveIncomeNetOfTax": "None", "ebit": "550300000", "ebitda": "583100000", "netIncome": "270700000"}, {"fiscalDateEnding": "2010-03-31", "reportedCurrency": "USD", "grossProfit": "540900000", "totalRevenue": "693200000", "costOfRevenue": "152300000", "costofGoodsAndServicesSold": "152300000", "operatingIncome": "414700000", "sellingGeneralAndAdministrative": "41600000", "researchAndDevelopment": "0", "operatingExpenses": "126500000", "investmentIncomeNet": "None", "netInterestIncome": "None", "interestIncome": "None", "interestExpense": "31400000", "nonInterestIncome": "None", "otherNonOperatingIncome": "15600000", "depreciation": "None", "depreciationAndAmortization": "32200000", "incomeBeforeTax": "398900000", "incomeTaxExpense": "158700000", "interestAndDebtExpense": "None", "netIncomeFromContinuingOperations": "240200000", "comprehensiveIncomeNetOfTax": "None", "ebit": "461100000", "ebitda": "493300000", "netIncome": "240200000"}, {"fiscalDateEnding": "2009-12-31", "reportedCurrency": "USD", "grossProfit": "532300000", "totalRevenue": "667500000", "costOfRevenue": "135200000", "costofGoodsAndServicesSold": "135200000", "operatingIncome": "402500000", "sellingGeneralAndAdministrative": "40700000", "researchAndDevelopment": "11800000", "operatingExpenses": "129700000", "investmentIncomeNet": "None", "netInterestIncome": "None", "interestIncome": "None", "interestExpense": "30700000", "nonInterestIncome": "None", "otherNonOperatingIncome": "None", "depreciation": "None", "depreciationAndAmortization": "32900000", "incomeBeforeTax": "356300000", "incomeTaxExpense": "153700000", "interestAndDebtExpense": "None", "netIncomeFromContinuingOperations": "0", "comprehensiveIncomeNetOfTax": "None", "ebit": "420200000", "ebitda": "453100000", "netIncome": "202600000"}, {"fiscalDateEnding": "2009-09-30", "reportedCurrency": "USD", "grossProfit": "522400000", "totalRevenue": "650400000", "costOfRevenue": "128000000", "costofGoodsAndServicesSold": "128000000", "operatingIncome": "401400000", "sellingGeneralAndAdministrative": "40300000", "researchAndDevelopment": "0", "operatingExpenses": "120400000", "investmentIncomeNet": "None", "netInterestIncome": "None", "interestIncome": "None", "interestExpense": "32100000", "nonInterestIncome": "None", "otherNonOperatingIncome": "-13500000", "depreciation": "None", "depreciationAndAmortization": "32300000", "incomeBeforeTax": "355800000", "incomeTaxExpense": "153500000", "interestAndDebtExpense": "None", "netIncomeFromContinuingOperations": "202300000", "comprehensiveIncomeNetOfTax": "None", "ebit": "418600000", "ebitda": "450900000", "netIncome": "202300000"}, {"fiscalDateEnding": "2009-06-30", "reportedCurrency": "USD", "grossProfit": "514200000", "totalRevenue": "647800000", "costOfRevenue": "133600000", "costofGoodsAndServicesSold": "133600000", "operatingIncome": "398800000", "sellingGeneralAndAdministrative": "39800000", "researchAndDevelopment": "0", "operatingExpenses": "114000000", "investmentIncomeNet": "None", "netInterestIncome": "None", "interestIncome": "None", "interestExpense": "32900000", "nonInterestIncome": "None", "otherNonOperatingIncome": "None", "depreciation": "None", "depreciationAndAmortization": "30100000", "incomeBeforeTax": "374900000", "incomeTaxExpense": "153100000", "interestAndDebtExpense": "None", "netIncomeFromContinuingOperations": "0", "comprehensiveIncomeNetOfTax": "None", "ebit": "438300000", "ebitda": "468400000", "netIncome": "221800000"}, {"fiscalDateEnding": "2009-03-31", "reportedCurrency": "USD", "grossProfit": "513900000", "totalRevenue": "647100000", "costOfRevenue": "133200000", "costofGoodsAndServicesSold": "133200000", "operatingIncome": "386400000", "sellingGeneralAndAdministrative": "41700000", "researchAndDevelopment": "11800000", "operatingExpenses": "158400000", "investmentIncomeNet": "None", "netInterestIncome": "None", "interestIncome": "None", "interestExpense": "38900000", "nonInterestIncome": "None", "otherNonOperatingIncome": "None", "depreciation": "None", "depreciationAndAmortization": "31000000", "incomeBeforeTax": "350500000", "incomeTaxExpense": "151400000", "interestAndDebtExpense": "None", "netIncomeFromContinuingOperations": "0", "comprehensiveIncomeNetOfTax": "None", "ebit": "422700000", "ebitda": "453700000", "netIncome": "199100000"}, {"fiscalDateEnding": "2008-12-31", "reportedCurrency": "USD", "grossProfit": "579882000", "totalRevenue": "691769000", "costOfRevenue": "111887000", "costofGoodsAndServicesSold": "111887000", "operatingIncome": "417855000", "sellingGeneralAndAdministrative": "71944000", "researchAndDevelopment": "0", "operatingExpenses": "159253000", "investmentIncomeNet": "None", "netInterestIncome": "None", "interestIncome": "None", "interestExpense": "34911000", "nonInterestIncome": "None", "otherNonOperatingIncome": "None", "depreciation": "None", "depreciationAndAmortization": "-28686000", "incomeBeforeTax": "111163000", "incomeTaxExpense": "49098000", "interestAndDebtExpense": "None", "netIncomeFromContinuingOperations": "0", "comprehensiveIncomeNetOfTax": "None", "ebit": "521659000", "ebitda": "492973000", "netIncome": "62065000"}, {"fiscalDateEnding": "2008-09-30", "reportedCurrency": "USD", "grossProfit": "556000000", "totalRevenue": "680900000", "costOfRevenue": "124900000", "costofGoodsAndServicesSold": "124900000", "operatingIncome": "420700000", "sellingGeneralAndAdministrative": "16958000", "researchAndDevelopment": "0", "operatingExpenses": "152126000", "investmentIncomeNet": "None", "netInterestIncome": "None", "interestIncome": "None", "interestExpense": "46800000", "nonInterestIncome": "None", "otherNonOperatingIncome": "None", "depreciation": "None", "depreciationAndAmortization": "34087000", "incomeBeforeTax": "396000000", "incomeTaxExpense": "227309000", "interestAndDebtExpense": "None", "netIncomeFromContinuingOperations": "0", "comprehensiveIncomeNetOfTax": "None", "ebit": "471913000", "ebitda": "506000000", "netIncome": "168691000"}, {"fiscalDateEnding": "2008-06-30", "reportedCurrency": "USD", "grossProfit": "458632000", "totalRevenue": "563188000", "costOfRevenue": "104556000", "costofGoodsAndServicesSold": "104556000", "operatingIncome": "343460000", "sellingGeneralAndAdministrative": "16074000", "researchAndDevelopment": "0", "operatingExpenses": "114936000", "investmentIncomeNet": "None", "netInterestIncome": "None", "interestIncome": "None", "interestExpense": "1240000", "nonInterestIncome": "None", "otherNonOperatingIncome": "None", "depreciation": "None", "depreciationAndAmortization": "34467000", "incomeBeforeTax": "333564000", "incomeTaxExpense": "132382000", "interestAndDebtExpense": "None", "netIncomeFromContinuingOperations": "0", "comprehensiveIncomeNetOfTax": "None", "ebit": "362321000", "ebitda": "396788000", "netIncome": "201182000"}, {"fiscalDateEnding": "2008-03-31", "reportedCurrency": "USD", "grossProfit": "505304000", "totalRevenue": "625110000", "costOfRevenue": "119806000", "costofGoodsAndServicesSold": "119806000", "operatingIncome": "398661000", "sellingGeneralAndAdministrative": "14751000", "researchAndDevelopment": "0", "operatingExpenses": "104863000", "investmentIncomeNet": "None", "netInterestIncome": "None", "interestIncome": "None", "interestExpense": "18219000", "nonInterestIncome": "None", "otherNonOperatingIncome": "None", "depreciation": "None", "depreciationAndAmortization": "34315000", "incomeBeforeTax": "407237000", "incomeTaxExpense": "123689000", "interestAndDebtExpense": "None", "netIncomeFromContinuingOperations": "0", "comprehensiveIncomeNetOfTax": "None", "ebit": "417054000", "ebitda": "451369000", "netIncome": "283548000"}, {"fiscalDateEnding": "2007-12-31", "reportedCurrency": "USD", "grossProfit": "427089000", "totalRevenue": "529539000", "costOfRevenue": "102450000", "costofGoodsAndServicesSold": "102450000", "operatingIncome": "312626000", "sellingGeneralAndAdministrative": "42532000", "researchAndDevelopment": "0", "operatingExpenses": "92916000", "investmentIncomeNet": "None", "netInterestIncome": "None", "interestIncome": "None", "interestExpense": "114453000", "nonInterestIncome": "None", "otherNonOperatingIncome": "None", "depreciation": "None", "depreciationAndAmortization": "15787000", "incomeBeforeTax": "336692000", "incomeTaxExpense": "135634000", "interestAndDebtExpense": "None", "netIncomeFromContinuingOperations": "0", "comprehensiveIncomeNetOfTax": "None", "ebit": "371215000", "ebitda": "387002000", "netIncome": "201058000"}, {"fiscalDateEnding": "2007-09-30", "reportedCurrency": "USD", "grossProfit": "458969000", "totalRevenue": "565222000", "costOfRevenue": "106253000", "costofGoodsAndServicesSold": "106253000", "operatingIncome": "345015000", "sellingGeneralAndAdministrative": "41164000", "researchAndDevelopment": "0", "operatingExpenses": "109442000", "investmentIncomeNet": "None", "netInterestIncome": "None", "interestIncome": "None", "interestExpense": "21350000", "nonInterestIncome": "None", "otherNonOperatingIncome": "None", "depreciation": "None", "depreciationAndAmortization": "32872000", "incomeBeforeTax": "334320000", "incomeTaxExpense": "132748000", "interestAndDebtExpense": "None", "netIncomeFromContinuingOperations": "0", "comprehensiveIncomeNetOfTax": "None", "ebit": "365490000", "ebitda": "398362000", "netIncome": "201572000"}, {"fiscalDateEnding": "2007-06-30", "reportedCurrency": "USD", "grossProfit": "254785000", "totalRevenue": "329009000", "costOfRevenue": "74224000", "costofGoodsAndServicesSold": "74224000", "operatingIncome": "198976000", "sellingGeneralAndAdministrative": "28265000", "researchAndDevelopment": "0", "operatingExpenses": "55809000", "investmentIncomeNet": "None", "netInterestIncome": "None", "interestIncome": "None", "interestExpense": "34331000", "nonInterestIncome": "None", "otherNonOperatingIncome": "None", "depreciation": "None", "depreciationAndAmortization": "20428000", "incomeBeforeTax": "209433000", "incomeTaxExpense": "83558000", "interestAndDebtExpense": "None", "netIncomeFromContinuingOperations": "0", "comprehensiveIncomeNetOfTax": "None", "ebit": "199524000", "ebitda": "219952000", "netIncome": "125875000"}, {"fiscalDateEnding": "2007-03-31", "reportedCurrency": "USD", "grossProfit": "248788000", "totalRevenue": "332331000", "costOfRevenue": "83543000", "costofGoodsAndServicesSold": "83543000", "operatingIncome": "200607000", "sellingGeneralAndAdministrative": "78245000", "researchAndDevelopment": "0", "operatingExpenses": "98234000", "investmentIncomeNet": "None", "netInterestIncome": "None", "interestIncome": "None", "interestExpense": "32425000", "nonInterestIncome": "None", "otherNonOperatingIncome": "None", "depreciation": "None", "depreciationAndAmortization": "19989000", "incomeBeforeTax": "215357000", "incomeTaxExpense": "85329000", "interestAndDebtExpense": "None", "netIncomeFromContinuingOperations": "0", "comprehensiveIncomeNetOfTax": "None", "ebit": "201200000", "ebitda": "221189000", "netIncome": "130028000"}, {"fiscalDateEnding": "2006-12-31", "reportedCurrency": "USD", "grossProfit": "177166000", "totalRevenue": "281316000", "costOfRevenue": "104150000", "costofGoodsAndServicesSold": "104150000", "operatingIncome": "158255000", "sellingGeneralAndAdministrative": "12824000", "researchAndDevelopment": "0", "operatingExpenses": "18911000", "investmentIncomeNet": "None", "netInterestIncome": "None", "interestIncome": "None", "interestExpense": "92103000", "nonInterestIncome": "None", "otherNonOperatingIncome": "None", "depreciation": "None", "depreciationAndAmortization": "17480000", "incomeBeforeTax": "170748000", "incomeTaxExpense": "68146000", "interestAndDebtExpense": "None", "netIncomeFromContinuingOperations": "0", "comprehensiveIncomeNetOfTax": "None", "ebit": "160795000", "ebitda": "178275000", "netIncome": "102602000"}, {"fiscalDateEnding": "2006-09-30", "reportedCurrency": "USD", "grossProfit": "207396000", "totalRevenue": "274705000", "costOfRevenue": "67309000", "costofGoodsAndServicesSold": "67309000", "operatingIncome": "156962000", "sellingGeneralAndAdministrative": "21598000", "researchAndDevelopment": "0", "operatingExpenses": "50434000", "investmentIncomeNet": "None", "netInterestIncome": "None", "interestIncome": "None", "interestExpense": "18943000", "nonInterestIncome": "None", "otherNonOperatingIncome": "None", "depreciation": "None", "depreciationAndAmortization": "18609000", "incomeBeforeTax": "170514000", "incomeTaxExpense": "66714000", "interestAndDebtExpense": "None", "netIncomeFromContinuingOperations": "0", "comprehensiveIncomeNetOfTax": "None", "ebit": "157517000", "ebitda": "176126000", "netIncome": "103800000"}, {"fiscalDateEnding": "2006-06-30", "reportedCurrency": "USD", "grossProfit": "208931000", "totalRevenue": "282209000", "costOfRevenue": "73278000", "costofGoodsAndServicesSold": "73278000", "operatingIncome": "173196000", "sellingGeneralAndAdministrative": "14152000", "researchAndDevelopment": "0", "operatingExpenses": "45357000", "investmentIncomeNet": "None", "netInterestIncome": "None", "interestIncome": "None", "interestExpense": "22769000", "nonInterestIncome": "None", "otherNonOperatingIncome": "None", "depreciation": "None", "depreciationAndAmortization": "17596000", "incomeBeforeTax": "179894000", "incomeTaxExpense": "70361000", "interestAndDebtExpense": "None", "netIncomeFromContinuingOperations": "0", "comprehensiveIncomeNetOfTax": "None", "ebit": "173784000", "ebitda": "191380000", "netIncome": "109533000"}, {"fiscalDateEnding": "2006-03-31", "reportedCurrency": "USD", "grossProfit": "194243000", "totalRevenue": "251717000", "costOfRevenue": "57085000", "costofGoodsAndServicesSold": "57085000", "operatingIncome": "138842000", "sellingGeneralAndAdministrative": "95488000", "researchAndDevelopment": "0", "operatingExpenses": "112875000", "investmentIncomeNet": "None", "netInterestIncome": "None", "interestIncome": "None", "interestExpense": "27097000", "nonInterestIncome": "None", "otherNonOperatingIncome": "None", "depreciation": "None", "depreciationAndAmortization": "17387000", "incomeBeforeTax": "150501000", "incomeTaxExpense": "59088000", "interestAndDebtExpense": "None", "netIncomeFromContinuingOperations": "0", "comprehensiveIncomeNetOfTax": "None", "ebit": "139410000", "ebitda": "156797000", "netIncome": "91413000"}, {"fiscalDateEnding": "2005-12-31", "reportedCurrency": "USD", "grossProfit": "233396000", "totalRevenue": "251562000", "costOfRevenue": "18166000", "costofGoodsAndServicesSold": "18166000", "operatingIncome": "144408000", "sellingGeneralAndAdministrative": "72189000", "researchAndDevelopment": "0", "operatingExpenses": "88988000", "investmentIncomeNet": "None", "netInterestIncome": "None", "interestIncome": "None", "interestExpense": "56778000", "nonInterestIncome": "None", "otherNonOperatingIncome": "None", "depreciation": "None", "depreciationAndAmortization": "-50492000", "incomeBeforeTax": "125742000", "incomeTaxExpense": "49462000", "interestAndDebtExpense": "None", "netIncomeFromContinuingOperations": "0", "comprehensiveIncomeNetOfTax": "None", "ebit": "212629000", "ebitda": "162137000", "netIncome": "76280000"}]}