{"symbol": "PFE", "annualReports": [{"fiscalDateEnding": "2025-12-31", "reportedCurrency": "USD", "grossProfit": "44014000000", "totalRevenue": "62579000000", "costOfRevenue": "18565000000", "costofGoodsAndServicesSold": "18565000000", "operatingIncome": "15437000000", "sellingGeneralAndAdministrative": "13642000000", "researchAndDevelopment": "11976000000", "operatingExpenses": "28577000000", "investmentIncomeNet": "None", "netInterestIncome": "None", "interestIncome": "2135000000", "interestExpense": "2671000000", "nonInterestIncome": "None", "otherNonOperatingIncome": "None", "depreciation": "None", "depreciationAndAmortization": "4905000000", "incomeBeforeTax": "7520000000", "incomeTaxExpense": "-266000000", "interestAndDebtExpense": "None", "netIncomeFromContinuingOperations": "None", "comprehensiveIncomeNetOfTax": "None", "ebit": "10192000000", "ebitda": "15097000000", "netIncome": "7770000000"}, {"fiscalDateEnding": "2024-12-31", "reportedCurrency": "USD", "grossProfit": "41846000000", "totalRevenue": "63627000000", "costOfRevenue": "21781000000", "costofGoodsAndServicesSold": "21781000000", "operatingIncome": "16483000000", "sellingGeneralAndAdministrative": "11471000000", "researchAndDevelopment": "10738000000", "operatingExpenses": "25363000000", "investmentIncomeNet": "None", "netInterestIncome": "-2546000000", "interestIncome": "545000000", "interestExpense": "3091000000", "nonInterestIncome": "None", "otherNonOperatingIncome": "None", "depreciation": "None", "depreciationAndAmortization": "7013000000", "incomeBeforeTax": "8023000000", "incomeTaxExpense": "-28000000", "interestAndDebtExpense": "None", "netIncomeFromContinuingOperations": "8051000000", "comprehensiveIncomeNetOfTax": "None", "ebit": "11114000000", "ebitda": "18127000000", "netIncome": "8020000000"}, {"fiscalDateEnding": "2023-12-31", "reportedCurrency": "USD", "grossProfit": "30340000000", "totalRevenue": "59553000000", "costOfRevenue": "29213000000", "costofGoodsAndServicesSold": "29213000000", "operatingIncome": "5292000000", "sellingGeneralAndAdministrative": "11071000000", "researchAndDevelopment": "10578000000", "operatingExpenses": "25048000000", "investmentIncomeNet": "None", "netInterestIncome": "-585000000", "interestIncome": "1624000000", "interestExpense": "2209000000", "nonInterestIncome": "None", "otherNonOperatingIncome": "None", "depreciation": "None", "depreciationAndAmortization": "6290000000", "incomeBeforeTax": "1058000000", "incomeTaxExpense": "-1114000000", "interestAndDebtExpense": "None", "netIncomeFromContinuingOperations": "2172000000", "comprehensiveIncomeNetOfTax": "None", "ebit": "3267000000", "ebitda": "9557000000", "netIncome": "2133000000"}, {"fiscalDateEnding": "2022-12-31", "reportedCurrency": "USD", "grossProfit": "62090000000", "totalRevenue": "100330000000", "costOfRevenue": "38240000000", "costofGoodsAndServicesSold": "38240000000", "operatingIncome": "37549000000", "sellingGeneralAndAdministrative": "10877000000", "researchAndDevelopment": "11426000000", "operatingExpenses": "24541000000", "investmentIncomeNet": "None", "netInterestIncome": "-987000000", "interestIncome": "1824000000", "interestExpense": "1238000000", "nonInterestIncome": "None", "otherNonOperatingIncome": "-217000000", "depreciation": "None", "depreciationAndAmortization": "5064000000", "incomeBeforeTax": "34729000000", "incomeTaxExpense": "3328000000", "interestAndDebtExpense": "None", "netIncomeFromContinuingOperations": "31401000000", "comprehensiveIncomeNetOfTax": "None", "ebit": "35967000000", "ebitda": "41031000000", "netIncome": "31365000000"}, {"fiscalDateEnding": "2021-12-31", "reportedCurrency": "USD", "grossProfit": "46875000000", "totalRevenue": "81288000000", "costOfRevenue": "34413000000", "costofGoodsAndServicesSold": "34413000000", "operatingIncome": "20793000000", "sellingGeneralAndAdministrative": "10703000000", "researchAndDevelopment": "13828000000", "operatingExpenses": "26082000000", "investmentIncomeNet": "None", "netInterestIncome": "-1255000000", "interestIncome": "560000000", "interestExpense": "1291000000", "nonInterestIncome": "None", "otherNonOperatingIncome": "4878000000", "depreciation": "None", "depreciationAndAmortization": "5191000000", "incomeBeforeTax": "24311000000", "incomeTaxExpense": "1852000000", "interestAndDebtExpense": "None", "netIncomeFromContinuingOperations": "22459000000", "comprehensiveIncomeNetOfTax": "None", "ebit": "25602000000", "ebitda": "30793000000", "netIncome": "22147000000"}, {"fiscalDateEnding": "2020-12-31", "reportedCurrency": "USD", "grossProfit": "29880000000", "totalRevenue": "41651000000", "costOfRevenue": "11771000000", "costofGoodsAndServicesSold": "11771000000", "operatingIncome": "9085000000", "sellingGeneralAndAdministrative": "9815000000", "researchAndDevelopment": "9395000000", "operatingExpenses": "20795000000", "investmentIncomeNet": "None", "netInterestIncome": "-1376000000", "interestIncome": "538000000", "interestExpense": "1449000000", "nonInterestIncome": "None", "otherNonOperatingIncome": "-663000000", "depreciation": "None", "depreciationAndAmortization": "4681000000", "incomeBeforeTax": "7036000000", "incomeTaxExpense": "370000000", "interestAndDebtExpense": "None", "netIncomeFromContinuingOperations": "7021000000", "comprehensiveIncomeNetOfTax": "None", "ebit": "8487000000", "ebitda": "13168000000", "netIncome": "9159000000"}, {"fiscalDateEnding": "2019-12-31", "reportedCurrency": "USD", "grossProfit": "28549000000", "totalRevenue": "41172000000", "costOfRevenue": "12623000000", "costofGoodsAndServicesSold": "12623000000", "operatingIncome": "7511000000", "sellingGeneralAndAdministrative": "12050000000", "researchAndDevelopment": "8364000000", "operatingExpenses": "21038000000", "investmentIncomeNet": "None", "netInterestIncome": "-1348000000", "interestIncome": "226000000", "interestExpense": "1573000000", "nonInterestIncome": "None", "otherNonOperatingIncome": "4508000000", "depreciation": "None", "depreciationAndAmortization": "5795000000", "incomeBeforeTax": "11485000000", "incomeTaxExpense": "618000000", "interestAndDebtExpense": "None", "netIncomeFromContinuingOperations": "16298000000", "comprehensiveIncomeNetOfTax": "None", "ebit": "13058000000", "ebitda": "18853000000", "netIncome": "16273000000"}, {"fiscalDateEnding": "2018-12-31", "reportedCurrency": "USD", "grossProfit": "37639000000", "totalRevenue": "53647000000", "costOfRevenue": "16008000000", "costofGoodsAndServicesSold": "16008000000", "operatingIncome": "15289000000", "sellingGeneralAndAdministrative": "11755000000", "researchAndDevelopment": "7967000000", "operatingExpenses": "22350000000", "investmentIncomeNet": "None", "netInterestIncome": "-983000000", "interestIncome": "333000000", "interestExpense": "1316000000", "nonInterestIncome": "None", "otherNonOperatingIncome": "-2116000000", "depreciation": "None", "depreciationAndAmortization": "6384000000", "incomeBeforeTax": "11885000000", "incomeTaxExpense": "706000000", "interestAndDebtExpense": "None", "netIncomeFromContinuingOperations": "11179000000", "comprehensiveIncomeNetOfTax": "None", "ebit": "13201000000", "ebitda": "19585000000", "netIncome": "11153000000"}, {"fiscalDateEnding": "2017-12-31", "reportedCurrency": "USD", "grossProfit": "36769000000", "totalRevenue": "52546000000", "costOfRevenue": "15777000000", "costofGoodsAndServicesSold": "15777000000", "operatingIncome": "14391000000", "sellingGeneralAndAdministrative": "11684000000", "researchAndDevelopment": "7645000000", "operatingExpenses": "22378000000", "investmentIncomeNet": "None", "netInterestIncome": "-879000000", "interestIncome": "391000000", "interestExpense": "1270000000", "nonInterestIncome": "None", "otherNonOperatingIncome": "-1315000000", "depreciation": "None", "depreciationAndAmortization": "6269000000", "incomeBeforeTax": "12305000000", "incomeTaxExpense": "-9048000000", "interestAndDebtExpense": "None", "netIncomeFromContinuingOperations": "21353000000", "comprehensiveIncomeNetOfTax": "None", "ebit": "13575000000", "ebitda": "19844000000", "netIncome": "21305000000"}, {"fiscalDateEnding": "2016-12-31", "reportedCurrency": "USD", "grossProfit": "36870000000", "totalRevenue": "52824000000", "costOfRevenue": "15954000000", "costofGoodsAndServicesSold": "15954000000", "operatingIncome": "14274000000", "sellingGeneralAndAdministrative": "11637000000", "researchAndDevelopment": "7840000000", "operatingExpenses": "22596000000", "investmentIncomeNet": "None", "netInterestIncome": "-716000000", "interestIncome": "470000000", "interestExpense": "1186000000", "nonInterestIncome": "None", "otherNonOperatingIncome": "-3655000000", "depreciation": "None", "depreciationAndAmortization": "5757000000", "incomeBeforeTax": "8351000000", "incomeTaxExpense": "1122000000", "interestAndDebtExpense": "None", "netIncomeFromContinuingOperations": "7229000000", "comprehensiveIncomeNetOfTax": "None", "ebit": "9537000000", "ebitda": "15294000000", "netIncome": "7215000000"}, {"fiscalDateEnding": "2015-12-31", "reportedCurrency": "USD", "grossProfit": "35694000000", "totalRevenue": "48851000000", "costOfRevenue": "13157000000", "costofGoodsAndServicesSold": "13157000000", "operatingIncome": "13296000000", "sellingGeneralAndAdministrative": "11709000000", "researchAndDevelopment": "7671000000", "operatingExpenses": "22398000000", "investmentIncomeNet": "None", "netInterestIncome": "None", "interestIncome": "1597000000", "interestExpense": "1199000000", "nonInterestIncome": "None", "otherNonOperatingIncome": "-2860000000", "depreciation": "None", "depreciationAndAmortization": "5157000000", "incomeBeforeTax": "8965000000", "incomeTaxExpense": "1990000000", "interestAndDebtExpense": "None", "netIncomeFromContinuingOperations": "6975000000", "comprehensiveIncomeNetOfTax": "None", "ebit": "10164000000", "ebitda": "15321000000", "netIncome": "6966000000"}, {"fiscalDateEnding": "2014-12-31", "reportedCurrency": "USD", "grossProfit": "36295000000", "totalRevenue": "49605000000", "costOfRevenue": "13310000000", "costofGoodsAndServicesSold": "13310000000", "operatingIncome": "14029000000", "sellingGeneralAndAdministrative": "10997000000", "researchAndDevelopment": "8310000000", "operatingExpenses": "22266000000", "investmentIncomeNet": "None", "netInterestIncome": "None", "interestIncome": "None", "interestExpense": "1360000000", "nonInterestIncome": "None", "otherNonOperatingIncome": "-1009000000", "depreciation": "None", "depreciationAndAmortization": "5537000000", "incomeBeforeTax": "12240000000", "incomeTaxExpense": "3121000000", "interestAndDebtExpense": "None", "netIncomeFromContinuingOperations": "9119000000", "comprehensiveIncomeNetOfTax": "None", "ebit": "13600000000", "ebitda": "19137000000", "netIncome": "9080000000"}, {"fiscalDateEnding": "2013-12-31", "reportedCurrency": "USD", "grossProfit": "37630000000", "totalRevenue": "51584000000", "costOfRevenue": "13954000000", "costofGoodsAndServicesSold": "13954000000", "operatingIncome": "16888000000", "sellingGeneralAndAdministrative": "11355000000", "researchAndDevelopment": "6551000000", "operatingExpenses": "20742000000", "investmentIncomeNet": "None", "netInterestIncome": "None", "interestIncome": "None", "interestExpense": "1414000000", "nonInterestIncome": "None", "otherNonOperatingIncome": "None", "depreciation": "None", "depreciationAndAmortization": "6410000000", "incomeBeforeTax": "15716000000", "incomeTaxExpense": "4306000000", "interestAndDebtExpense": "None", "netIncomeFromContinuingOperations": "11410000000", "comprehensiveIncomeNetOfTax": "None", "ebit": "17130000000", "ebitda": "23540000000", "netIncome": "11649000000"}, {"fiscalDateEnding": "2012-12-31", "reportedCurrency": "USD", "grossProfit": "40015000000", "totalRevenue": "54657000000", "costOfRevenue": "14642000000", "costofGoodsAndServicesSold": "14642000000", "operatingIncome": "18039000000", "sellingGeneralAndAdministrative": "13816000000", "researchAndDevelopment": "6955000000", "operatingExpenses": "21976000000", "investmentIncomeNet": "None", "netInterestIncome": "None", "interestIncome": "None", "interestExpense": "1522000000", "nonInterestIncome": "None", "otherNonOperatingIncome": "None", "depreciation": "None", "depreciationAndAmortization": "7655000000", "incomeBeforeTax": "11242000000", "incomeTaxExpense": "2221000000", "interestAndDebtExpense": "None", "netIncomeFromContinuingOperations": "9518000000", "comprehensiveIncomeNetOfTax": "None", "ebit": "12764000000", "ebitda": "20419000000", "netIncome": "9787000000"}, {"fiscalDateEnding": "2011-12-31", "reportedCurrency": "USD", "grossProfit": "43870000000", "totalRevenue": "61035000000", "costOfRevenue": "17165000000", "costofGoodsAndServicesSold": "17165000000", "operatingIncome": "18382000000", "sellingGeneralAndAdministrative": "19468000000", "researchAndDevelopment": "8004000000", "operatingExpenses": "25488000000", "investmentIncomeNet": "None", "netInterestIncome": "None", "interestIncome": "None", "interestExpense": "1681000000", "nonInterestIncome": "None", "otherNonOperatingIncome": "None", "depreciation": "None", "depreciationAndAmortization": "9026000000", "incomeBeforeTax": "11481000000", "incomeTaxExpense": "3621000000", "interestAndDebtExpense": "None", "netIncomeFromContinuingOperations": "8739000000", "comprehensiveIncomeNetOfTax": "None", "ebit": "13162000000", "ebitda": "22188000000", "netIncome": "8705000000"}, {"fiscalDateEnding": "2010-12-31", "reportedCurrency": "USD", "grossProfit": "46343000000", "totalRevenue": "67057000000", "costOfRevenue": "20714000000", "costofGoodsAndServicesSold": "20714000000", "operatingIncome": "17732000000", "sellingGeneralAndAdministrative": "19614000000", "researchAndDevelopment": "9358000000", "operatingExpenses": "28611000000", "investmentIncomeNet": "None", "netInterestIncome": "None", "interestIncome": "None", "interestExpense": "1797000000", "nonInterestIncome": "None", "otherNonOperatingIncome": "None", "depreciation": "None", "depreciationAndAmortization": "8487000000", "incomeBeforeTax": "9282000000", "incomeTaxExpense": "1071000000", "interestAndDebtExpense": "None", "netIncomeFromContinuingOperations": "8298000000", "comprehensiveIncomeNetOfTax": "None", "ebit": "11079000000", "ebitda": "19566000000", "netIncome": "8268000000"}, {"fiscalDateEnding": "2009-12-31", "reportedCurrency": "USD", "grossProfit": "38419000000", "totalRevenue": "50009000000", "costOfRevenue": "11590000000", "costofGoodsAndServicesSold": "11590000000", "operatingIncome": "16009000000", "sellingGeneralAndAdministrative": "14875000000", "researchAndDevelopment": "7754000000", "operatingExpenses": "22410000000", "investmentIncomeNet": "None", "netInterestIncome": "None", "interestIncome": "None", "interestExpense": "1233000000", "nonInterestIncome": "None", "otherNonOperatingIncome": "None", "depreciation": "None", "depreciationAndAmortization": "4757000000", "incomeBeforeTax": "10827000000", "incomeTaxExpense": "2197000000", "interestAndDebtExpense": "None", "netIncomeFromContinuingOperations": "8630000000", "comprehensiveIncomeNetOfTax": "None", "ebit": "12060000000", "ebitda": "16817000000", "netIncome": "8635000000"}, {"fiscalDateEnding": "2008-12-31", "reportedCurrency": "USD", "grossProfit": "38261000000", "totalRevenue": "48296000000", "costOfRevenue": "10035000000", "costofGoodsAndServicesSold": "10035000000", "operatingIncome": "16625000000", "sellingGeneralAndAdministrative": "14537000000", "researchAndDevelopment": "7512000000", "operatingExpenses": "21636000000", "investmentIncomeNet": "None", "netInterestIncome": "None", "interestIncome": "None", "interestExpense": "516000000", "nonInterestIncome": "None", "otherNonOperatingIncome": "None", "depreciation": "None", "depreciationAndAmortization": "5090000000", "incomeBeforeTax": "9694000000", "incomeTaxExpense": "1645000000", "interestAndDebtExpense": "None", "netIncomeFromContinuingOperations": "None", "comprehensiveIncomeNetOfTax": "None", "ebit": "10210000000", "ebitda": "15300000000", "netIncome": "8024000000"}, {"fiscalDateEnding": "2007-12-31", "reportedCurrency": "USD", "grossProfit": "36703000000", "totalRevenue": "48428000000", "costOfRevenue": "11725000000", "costofGoodsAndServicesSold": "11725000000", "operatingIncome": "13923000000", "sellingGeneralAndAdministrative": "15626000000", "researchAndDevelopment": "7573000000", "operatingExpenses": "22780000000", "investmentIncomeNet": "None", "netInterestIncome": "None", "interestIncome": "None", "interestExpense": "397000000", "nonInterestIncome": "None", "otherNonOperatingIncome": "None", "depreciation": "None", "depreciationAndAmortization": "5200000000", "incomeBeforeTax": "9278000000", "incomeTaxExpense": "1023000000", "interestAndDebtExpense": "None", "netIncomeFromContinuingOperations": "None", "comprehensiveIncomeNetOfTax": "None", "ebit": "9675000000", "ebitda": "14875000000", "netIncome": "8210000000"}, {"fiscalDateEnding": "2006-12-31", "reportedCurrency": "USD", "grossProfit": "37862000000", "totalRevenue": "48371000000", "costOfRevenue": "10509000000", "costofGoodsAndServicesSold": "10509000000", "operatingIncome": "15093000000", "sellingGeneralAndAdministrative": "15589000000", "researchAndDevelopment": "7423000000", "operatingExpenses": "22769000000", "investmentIncomeNet": "None", "netInterestIncome": "None", "interestIncome": "None", "interestExpense": "488000000", "nonInterestIncome": "None", "otherNonOperatingIncome": "None", "depreciation": "None", "depreciationAndAmortization": "5293000000", "incomeBeforeTax": "13028000000", "incomeTaxExpense": "1992000000", "interestAndDebtExpense": "None", "netIncomeFromContinuingOperations": "None", "comprehensiveIncomeNetOfTax": "None", "ebit": "13516000000", "ebitda": "18809000000", "netIncome": "11024000000"}], "quarterlyReports": [{"fiscalDateEnding": "2025-12-31", "reportedCurrency": "USD", "grossProfit": "12285000000", "totalRevenue": "17557000000", "costOfRevenue": "5272000000", "costofGoodsAndServicesSold": "5272000000", "operatingIncome": "3688000000", "sellingGeneralAndAdministrative": "4080000000", "researchAndDevelopment": "3418000000", "operatingExpenses": "8597000000", "investmentIncomeNet": "None", "netInterestIncome": "None", "interestIncome": "517000000", "interestExpense": "711000000", "nonInterestIncome": "None", "otherNonOperatingIncome": "None", "depreciation": "None", "depreciationAndAmortization": "1658000000", "incomeBeforeTax": "-1642000000", "incomeTaxExpense": "-2000000", "interestAndDebtExpense": "None", "netIncomeFromContinuingOperations": "None", "comprehensiveIncomeNetOfTax": "None", "ebit": "-2588000000", "ebitda": "-930000000", "netIncome": "-1648000000"}, {"fiscalDateEnding": "2025-09-30", "reportedCurrency": "USD", "grossProfit": "12482000000", "totalRevenue": "16654000000", "costOfRevenue": "4172000000", "costofGoodsAndServicesSold": "4172000000", "operatingIncome": "3550000000", "sellingGeneralAndAdministrative": "3186000000", "researchAndDevelopment": "3936000000", "operatingExpenses": "8932000000", "investmentIncomeNet": "None", "netInterestIncome": "-514000000", "interestIncome": "138000000", "interestExpense": "652000000", "nonInterestIncome": "None", "otherNonOperatingIncome": "None", "depreciation": "None", "depreciationAndAmortization": "1662000000", "incomeBeforeTax": "3334000000", "incomeTaxExpense": "-216000000", "interestAndDebtExpense": "None", "netIncomeFromContinuingOperations": "3550000000", "comprehensiveIncomeNetOfTax": "None", "ebit": "3986000000", "ebitda": "5648000000", "netIncome": "3541000000"}, {"fiscalDateEnding": "2025-06-30", "reportedCurrency": "USD", "grossProfit": "9420000000", "totalRevenue": "14653000000", "costOfRevenue": "5233000000", "costofGoodsAndServicesSold": "5233000000", "operatingIncome": "3575000000", "sellingGeneralAndAdministrative": "3415000000", "researchAndDevelopment": "2443000000", "operatingExpenses": "5845000000", "investmentIncomeNet": "None", "netInterestIncome": "-498000000", "interestIncome": "156000000", "interestExpense": "654000000", "nonInterestIncome": "None", "otherNonOperatingIncome": "None", "depreciation": "None", "depreciationAndAmortization": "1625000000", "incomeBeforeTax": "3044000000", "incomeTaxExpense": "141000000", "interestAndDebtExpense": "None", "netIncomeFromContinuingOperations": "2903000000", "comprehensiveIncomeNetOfTax": "None", "ebit": "3698000000", "ebitda": "5323000000", "netIncome": "2910000000"}, {"fiscalDateEnding": "2025-03-31", "reportedCurrency": "USD", "grossProfit": "9827000000", "totalRevenue": "13715000000", "costOfRevenue": "3888000000", "costofGoodsAndServicesSold": "3888000000", "operatingIncome": "4624000000", "sellingGeneralAndAdministrative": "3031000000", "researchAndDevelopment": "2179000000", "operatingExpenses": "5203000000", "investmentIncomeNet": "None", "netInterestIncome": "-511000000", "interestIncome": "143000000", "interestExpense": "654000000", "nonInterestIncome": "None", "otherNonOperatingIncome": "None", "depreciation": "None", "depreciationAndAmortization": "1618000000", "incomeBeforeTax": "2784000000", "incomeTaxExpense": "-189000000", "interestAndDebtExpense": "None", "netIncomeFromContinuingOperations": "2973000000", "comprehensiveIncomeNetOfTax": "None", "ebit": "3438000000", "ebitda": "5056000000", "netIncome": "2967000000"}, {"fiscalDateEnding": "2024-12-31", "reportedCurrency": "USD", "grossProfit": "12968000000", "totalRevenue": "17763000000", "costOfRevenue": "4795000000", "costofGoodsAndServicesSold": "4795000000", "operatingIncome": "5725000000", "sellingGeneralAndAdministrative": "1437000000", "researchAndDevelopment": "3017000000", "operatingExpenses": "7243000000", "investmentIncomeNet": "None", "netInterestIncome": "-568000000", "interestIncome": "171000000", "interestExpense": "739000000", "nonInterestIncome": "None", "otherNonOperatingIncome": "None", "depreciation": "None", "depreciationAndAmortization": "1791000000", "incomeBeforeTax": "-10000000", "incomeTaxExpense": "-421000000", "interestAndDebtExpense": "None", "netIncomeFromContinuingOperations": "411000000", "comprehensiveIncomeNetOfTax": "None", "ebit": "3352000000", "ebitda": "5143000000", "netIncome": "403000000"}, {"fiscalDateEnding": "2024-09-30", "reportedCurrency": "USD", "grossProfit": "10771000000", "totalRevenue": "17702000000", "costOfRevenue": "6931000000", "costofGoodsAndServicesSold": "6931000000", "operatingIncome": "4968000000", "sellingGeneralAndAdministrative": "3244000000", "researchAndDevelopment": "2565000000", "operatingExpenses": "5803000000", "investmentIncomeNet": "None", "netInterestIncome": "-667000000", "interestIncome": "116000000", "interestExpense": "783000000", "nonInterestIncome": "None", "otherNonOperatingIncome": "None", "depreciation": "None", "depreciationAndAmortization": "1755000000", "incomeBeforeTax": "4715000000", "incomeTaxExpense": "234000000", "interestAndDebtExpense": "None", "netIncomeFromContinuingOperations": "4481000000", "comprehensiveIncomeNetOfTax": "None", "ebit": "5498000000", "ebitda": "7253000000", "netIncome": "4473000000"}, {"fiscalDateEnding": "2024-06-30", "reportedCurrency": "USD", "grossProfit": "8243000000", "totalRevenue": "13283000000", "costOfRevenue": "5040000000", "costofGoodsAndServicesSold": "5040000000", "operatingIncome": "1879000000", "sellingGeneralAndAdministrative": "3717000000", "researchAndDevelopment": "2676000000", "operatingExpenses": "6364000000", "investmentIncomeNet": "None", "netInterestIncome": "-648000000", "interestIncome": "130000000", "interestExpense": "778000000", "nonInterestIncome": "None", "otherNonOperatingIncome": "None", "depreciation": "None", "depreciationAndAmortization": "1731000000", "incomeBeforeTax": "-103000000", "incomeTaxExpense": "-134000000", "interestAndDebtExpense": "None", "netIncomeFromContinuingOperations": "31000000", "comprehensiveIncomeNetOfTax": "None", "ebit": "674000000", "ebitda": "2405000000", "netIncome": "24000000"}, {"fiscalDateEnding": "2024-03-31", "reportedCurrency": "USD", "grossProfit": "10498000000", "totalRevenue": "14879000000", "costOfRevenue": "4381000000", "costofGoodsAndServicesSold": "4381000000", "operatingIncome": "4559000000", "sellingGeneralAndAdministrative": "3495000000", "researchAndDevelopment": "2480000000", "operatingExpenses": "5939000000", "investmentIncomeNet": "None", "netInterestIncome": "-661000000", "interestIncome": "129000000", "interestExpense": "790000000", "nonInterestIncome": "None", "otherNonOperatingIncome": "None", "depreciation": "None", "depreciationAndAmortization": "1736000000", "incomeBeforeTax": "3421000000", "incomeTaxExpense": "293000000", "interestAndDebtExpense": "None", "netIncomeFromContinuingOperations": "3128000000", "comprehensiveIncomeNetOfTax": "None", "ebit": "4212000000", "ebitda": "5948000000", "netIncome": "3120000000"}, {"fiscalDateEnding": "2023-12-31", "reportedCurrency": "USD", "grossProfit": "5980000000", "totalRevenue": "14570000000", "costOfRevenue": "8590000000", "costofGoodsAndServicesSold": "8590000000", "operatingIncome": "-1263000000", "sellingGeneralAndAdministrative": "777000000", "researchAndDevelopment": "2773000000", "operatingExpenses": "7243000000", "investmentIncomeNet": "None", "netInterestIncome": "-79000000", "interestIncome": "609000000", "interestExpense": "689000000", "nonInterestIncome": "None", "otherNonOperatingIncome": "None", "depreciation": "None", "depreciationAndAmortization": "1670000000", "incomeBeforeTax": "-4129000000", "incomeTaxExpense": "-794000000", "interestAndDebtExpense": "None", "netIncomeFromContinuingOperations": "-3335000000", "comprehensiveIncomeNetOfTax": "None", "ebit": "-3440000000", "ebitda": "-1770000000", "netIncome": "-3343000000"}, {"fiscalDateEnding": "2023-09-30", "reportedCurrency": "USD", "grossProfit": "2888000000", "totalRevenue": "13491000000", "costOfRevenue": "10603000000", "costofGoodsAndServicesSold": "10603000000", "operatingIncome": "-3006000000", "sellingGeneralAndAdministrative": "3358000000", "researchAndDevelopment": "2682000000", "operatingExpenses": "5894000000", "investmentIncomeNet": "None", "netInterestIncome": "-172000000", "interestIncome": "424000000", "interestExpense": "695000000", "nonInterestIncome": "None", "otherNonOperatingIncome": "None", "depreciation": "None", "depreciationAndAmortization": "1560000000", "incomeBeforeTax": "-3352000000", "incomeTaxExpense": "-964000000", "interestAndDebtExpense": "None", "netIncomeFromContinuingOperations": "-2388000000", "comprehensiveIncomeNetOfTax": "None", "ebit": "-2657000000", "ebitda": "-1097000000", "netIncome": "-2394000000"}, {"fiscalDateEnding": "2023-06-30", "reportedCurrency": "USD", "grossProfit": "9497000000", "totalRevenue": "12734000000", "costOfRevenue": "3237000000", "costofGoodsAndServicesSold": "3237000000", "operatingIncome": "2269000000", "sellingGeneralAndAdministrative": "3497000000", "researchAndDevelopment": "2648000000", "operatingExpenses": "7229000000", "investmentIncomeNet": "None", "netInterestIncome": "-192000000", "interestIncome": "99000000", "interestExpense": "508000000", "nonInterestIncome": "None", "otherNonOperatingIncome": "347000000", "depreciation": "None", "depreciationAndAmortization": "1184000000", "incomeBeforeTax": "2269000000", "incomeTaxExpense": "-71000000", "interestAndDebtExpense": "None", "netIncomeFromContinuingOperations": "2340000000", "comprehensiveIncomeNetOfTax": "None", "ebit": "3026000000", "ebitda": "4210000000", "netIncome": "2327000000"}, {"fiscalDateEnding": "2023-03-31", "reportedCurrency": "USD", "grossProfit": "12536000000", "totalRevenue": "18486000000", "costOfRevenue": "5950000000", "costofGoodsAndServicesSold": "5950000000", "operatingIncome": "6685000000", "sellingGeneralAndAdministrative": "3485000000", "researchAndDevelopment": "2494000000", "operatingExpenses": "5851000000", "investmentIncomeNet": "None", "netInterestIncome": "-141000000", "interestIncome": "524000000", "interestExpense": "318000000", "nonInterestIncome": "None", "otherNonOperatingIncome": "-70000000", "depreciation": "None", "depreciationAndAmortization": "1487000000", "incomeBeforeTax": "6270000000", "incomeTaxExpense": "715000000", "interestAndDebtExpense": "None", "netIncomeFromContinuingOperations": "5555000000", "comprehensiveIncomeNetOfTax": "None", "ebit": "6589000000", "ebitda": "8076000000", "netIncome": "5542000000"}, {"fiscalDateEnding": "2022-12-31", "reportedCurrency": "USD", "grossProfit": "13390000000", "totalRevenue": "24290000000", "costOfRevenue": "10900000000", "costofGoodsAndServicesSold": "10900000000", "operatingIncome": "5348000000", "sellingGeneralAndAdministrative": "1844000000", "researchAndDevelopment": "3615000000", "operatingExpenses": "8042000000", "investmentIncomeNet": "None", "netInterestIncome": "-176000000", "interestIncome": "57000000", "interestExpense": "313000000", "nonInterestIncome": "None", "otherNonOperatingIncome": "846000000", "depreciation": "None", "depreciationAndAmortization": "1519000000", "incomeBeforeTax": "5231000000", "incomeTaxExpense": "230000000", "interestAndDebtExpense": "None", "netIncomeFromContinuingOperations": "5000000000", "comprehensiveIncomeNetOfTax": "None", "ebit": "5545000000", "ebitda": "7064000000", "netIncome": "4993000000"}, {"fiscalDateEnding": "2022-09-30", "reportedCurrency": "USD", "grossProfit": "15649000000", "totalRevenue": "22638000000", "costOfRevenue": "6989000000", "costofGoodsAndServicesSold": "6989000000", "operatingIncome": "9699000000", "sellingGeneralAndAdministrative": "3542000000", "researchAndDevelopment": "2696000000", "operatingExpenses": "5950000000", "investmentIncomeNet": "None", "netInterestIncome": "-241000000", "interestIncome": "403000000", "interestExpense": "311000000", "nonInterestIncome": "None", "otherNonOperatingIncome": "59000000", "depreciation": "None", "depreciationAndAmortization": "1183000000", "incomeBeforeTax": "9001000000", "incomeTaxExpense": "356000000", "interestAndDebtExpense": "None", "netIncomeFromContinuingOperations": "8645000000", "comprehensiveIncomeNetOfTax": "None", "ebit": "9312000000", "ebitda": "10495000000", "netIncome": "8630000000"}, {"fiscalDateEnding": "2022-06-30", "reportedCurrency": "USD", "grossProfit": "18676000000", "totalRevenue": "27742000000", "costOfRevenue": "9066000000", "costofGoodsAndServicesSold": "9066000000", "operatingIncome": "12947000000", "sellingGeneralAndAdministrative": "3048000000", "researchAndDevelopment": "2815000000", "operatingExpenses": "5729000000", "investmentIncomeNet": "None", "netInterestIncome": "-263000000", "interestIncome": "30000000", "interestExpense": "293000000", "nonInterestIncome": "None", "otherNonOperatingIncome": "-772000000", "depreciation": "None", "depreciationAndAmortization": "1175000000", "incomeBeforeTax": "11447000000", "incomeTaxExpense": "1570000000", "interestAndDebtExpense": "None", "netIncomeFromContinuingOperations": "9877000000", "comprehensiveIncomeNetOfTax": "None", "ebit": "11739000000", "ebitda": "12914000000", "netIncome": "9871000000"}, {"fiscalDateEnding": "2022-03-31", "reportedCurrency": "USD", "grossProfit": "14863000000", "totalRevenue": "25661000000", "costOfRevenue": "10798000000", "costofGoodsAndServicesSold": "10798000000", "operatingIncome": "10043000000", "sellingGeneralAndAdministrative": "2593000000", "researchAndDevelopment": "2301000000", "operatingExpenses": "4820000000", "investmentIncomeNet": "None", "netInterestIncome": "-308000000", "interestIncome": "14000000", "interestExpense": "322000000", "nonInterestIncome": "None", "otherNonOperatingIncome": "-350000000", "depreciation": "None", "depreciationAndAmortization": "1187000000", "incomeBeforeTax": "9050000000", "incomeTaxExpense": "1172000000", "interestAndDebtExpense": "None", "netIncomeFromContinuingOperations": "7879000000", "comprehensiveIncomeNetOfTax": "None", "ebit": "9373000000", "ebitda": "10560000000", "netIncome": "7873000000"}, {"fiscalDateEnding": "2021-12-31", "reportedCurrency": "USD", "grossProfit": "13160000000", "totalRevenue": "23838000000", "costOfRevenue": "10678000000", "costofGoodsAndServicesSold": "10678000000", "operatingIncome": "3280000000", "sellingGeneralAndAdministrative": "2104000000", "researchAndDevelopment": "5915000000", "operatingExpenses": "9880000000", "investmentIncomeNet": "None", "netInterestIncome": "-301000000", "interestIncome": "395000000", "interestExpense": "315000000", "nonInterestIncome": "None", "otherNonOperatingIncome": "1180000000", "depreciation": "None", "depreciationAndAmortization": "1277000000", "incomeBeforeTax": "3827000000", "incomeTaxExpense": "249000000", "interestAndDebtExpense": "None", "netIncomeFromContinuingOperations": "3578000000", "comprehensiveIncomeNetOfTax": "None", "ebit": "4141000000", "ebitda": "5418000000", "netIncome": "3393000000"}, {"fiscalDateEnding": "2021-09-30", "reportedCurrency": "USD", "grossProfit": "13180000000", "totalRevenue": "24035000000", "costOfRevenue": "10855000000", "costofGoodsAndServicesSold": "10855000000", "operatingIncome": "7750000000", "sellingGeneralAndAdministrative": "2905000000", "researchAndDevelopment": "2681000000", "operatingExpenses": "5430000000", "investmentIncomeNet": "None", "netInterestIncome": "-315000000", "interestIncome": "10000000", "interestExpense": "325000000", "nonInterestIncome": "None", "otherNonOperatingIncome": "1696000000", "depreciation": "None", "depreciationAndAmortization": "1341000000", "incomeBeforeTax": "7843000000", "incomeTaxExpense": "-328000000", "interestAndDebtExpense": "None", "netIncomeFromContinuingOperations": "8167000000", "comprehensiveIncomeNetOfTax": "None", "ebit": "8168000000", "ebitda": "9509000000", "netIncome": "8159000000"}, {"fiscalDateEnding": "2021-06-30", "reportedCurrency": "USD", "grossProfit": "11054000000", "totalRevenue": "18899000000", "costOfRevenue": "7845000000", "costofGoodsAndServicesSold": "7845000000", "operatingIncome": "5988000000", "sellingGeneralAndAdministrative": "2793000000", "researchAndDevelopment": "2239000000", "operatingExpenses": "5066000000", "investmentIncomeNet": "None", "netInterestIncome": "-303000000", "interestIncome": "637000000", "interestExpense": "316000000", "nonInterestIncome": "None", "otherNonOperatingIncome": "998000000", "depreciation": "None", "depreciationAndAmortization": "1308000000", "incomeBeforeTax": "6949000000", "incomeTaxExpense": "1123000000", "interestAndDebtExpense": "None", "netIncomeFromContinuingOperations": "5565000000", "comprehensiveIncomeNetOfTax": "None", "ebit": "7264000000", "ebitda": "8572000000", "netIncome": "5799000000"}, {"fiscalDateEnding": "2021-03-31", "reportedCurrency": "USD", "grossProfit": "9518000000", "totalRevenue": "14516000000", "costOfRevenue": "4998000000", "costofGoodsAndServicesSold": "4998000000", "operatingIncome": "4811000000", "sellingGeneralAndAdministrative": "2783000000", "researchAndDevelopment": "1994000000", "operatingExpenses": "4707000000", "investmentIncomeNet": "None", "netInterestIncome": "-336000000", "interestIncome": "127000000", "interestExpense": "336000000", "nonInterestIncome": "None", "otherNonOperatingIncome": "1004000000", "depreciation": "None", "depreciationAndAmortization": "1207000000", "incomeBeforeTax": "5692000000", "incomeTaxExpense": "808000000", "interestAndDebtExpense": "None", "netIncomeFromContinuingOperations": "4877000000", "comprehensiveIncomeNetOfTax": "None", "ebit": "6029000000", "ebitda": "7236000000", "netIncome": "4877000000"}, {"fiscalDateEnding": "2020-12-31", "reportedCurrency": "USD", "grossProfit": "7943000000", "totalRevenue": "11634000000", "costOfRevenue": "3691000000", "costofGoodsAndServicesSold": "3691000000", "operatingIncome": "921000000", "sellingGeneralAndAdministrative": "350000000", "researchAndDevelopment": "3352000000", "operatingExpenses": "7022000000", "investmentIncomeNet": "None", "netInterestIncome": "-343000000", "interestIncome": "109000000", "interestExpense": "347000000", "nonInterestIncome": "None", "otherNonOperatingIncome": "-162000000", "depreciation": "None", "depreciationAndAmortization": "1108000000", "incomeBeforeTax": "554000000", "incomeTaxExpense": "-80000000", "interestAndDebtExpense": "None", "netIncomeFromContinuingOperations": "-2025000000", "comprehensiveIncomeNetOfTax": "None", "ebit": "899000000", "ebitda": "2007000000", "netIncome": "847000000"}, {"fiscalDateEnding": "2020-09-30", "reportedCurrency": "USD", "grossProfit": "7421000000", "totalRevenue": "10277000000", "costOfRevenue": "2856000000", "costofGoodsAndServicesSold": "2856000000", "operatingIncome": "2500000000", "sellingGeneralAndAdministrative": "2980000000", "researchAndDevelopment": "2299000000", "operatingExpenses": "4921000000", "investmentIncomeNet": "None", "netInterestIncome": "-399000000", "interestIncome": "111000000", "interestExpense": "345000000", "nonInterestIncome": "None", "otherNonOperatingIncome": "-1148000000", "depreciation": "None", "depreciationAndAmortization": "1208000000", "incomeBeforeTax": "570000000", "incomeTaxExpense": "-347000000", "interestAndDebtExpense": "None", "netIncomeFromContinuingOperations": "2202000000", "comprehensiveIncomeNetOfTax": "None", "ebit": "914000000", "ebitda": "2122000000", "netIncome": "1469000000"}, {"fiscalDateEnding": "2020-06-30", "reportedCurrency": "USD", "grossProfit": "7182000000", "totalRevenue": "9864000000", "costOfRevenue": "2682000000", "costofGoodsAndServicesSold": "2682000000", "operatingIncome": "2511000000", "sellingGeneralAndAdministrative": "221000000", "researchAndDevelopment": "2075000000", "operatingExpenses": "4671000000", "investmentIncomeNet": "None", "netInterestIncome": "-353000000", "interestIncome": "19000000", "interestExpense": "367000000", "nonInterestIncome": "None", "otherNonOperatingIncome": "862000000", "depreciation": "None", "depreciationAndAmortization": "1199000000", "incomeBeforeTax": "3026000000", "incomeTaxExpense": "422000000", "interestAndDebtExpense": "None", "netIncomeFromContinuingOperations": "3434000000", "comprehensiveIncomeNetOfTax": "None", "ebit": "3394000000", "ebitda": "4593000000", "netIncome": "3489000000"}, {"fiscalDateEnding": "2020-03-31", "reportedCurrency": "USD", "grossProfit": "7307000000", "totalRevenue": "10083000000", "costOfRevenue": "2776000000", "costofGoodsAndServicesSold": "2776000000", "operatingIncome": "3104000000", "sellingGeneralAndAdministrative": "129000000", "researchAndDevelopment": "1677000000", "operatingExpenses": "4203000000", "investmentIncomeNet": "None", "netInterestIncome": "-356000000", "interestIncome": "34000000", "interestExpense": "390000000", "nonInterestIncome": "None", "otherNonOperatingIncome": "-215000000", "depreciation": "None", "depreciationAndAmortization": "1166000000", "incomeBeforeTax": "2842000000", "incomeTaxExpense": "359000000", "interestAndDebtExpense": "None", "netIncomeFromContinuingOperations": "3410000000", "comprehensiveIncomeNetOfTax": "None", "ebit": "3232000000", "ebitda": "4398000000", "netIncome": "3355000000"}, {"fiscalDateEnding": "2019-12-31", "reportedCurrency": "USD", "grossProfit": "9072000000", "totalRevenue": "12688000000", "costOfRevenue": "3616000000", "costofGoodsAndServicesSold": "3616000000", "operatingIncome": "2044000000", "sellingGeneralAndAdministrative": "6848000000", "researchAndDevelopment": "2814000000", "operatingExpenses": "7028000000", "investmentIncomeNet": "None", "netInterestIncome": "-375000000", "interestIncome": "41000000", "interestExpense": "415000000", "nonInterestIncome": "None", "otherNonOperatingIncome": "-3042000000", "depreciation": "None", "depreciationAndAmortization": "1384000000", "incomeBeforeTax": "-1508000000", "incomeTaxExpense": "-1181000000", "interestAndDebtExpense": "None", "netIncomeFromContinuingOperations": "-327000000", "comprehensiveIncomeNetOfTax": "None", "ebit": "-1093000000", "ebitda": "291000000", "netIncome": "-337000000"}, {"fiscalDateEnding": "2019-09-30", "reportedCurrency": "USD", "grossProfit": "8886000000", "totalRevenue": "12680000000", "costOfRevenue": "3794000000", "costofGoodsAndServicesSold": "3794000000", "operatingIncome": "3369000000", "sellingGeneralAndAdministrative": "6848000000", "researchAndDevelopment": "2280000000", "operatingExpenses": "5517000000", "investmentIncomeNet": "None", "netInterestIncome": "-349000000", "interestIncome": "60000000", "interestExpense": "409000000", "nonInterestIncome": "None", "otherNonOperatingIncome": "7768000000", "depreciation": "None", "depreciationAndAmortization": "1553000000", "incomeBeforeTax": "10727000000", "incomeTaxExpense": "3047000000", "interestAndDebtExpense": "None", "netIncomeFromContinuingOperations": "7680000000", "comprehensiveIncomeNetOfTax": "None", "ebit": "11136000000", "ebitda": "12689000000", "netIncome": "7680000000"}, {"fiscalDateEnding": "2019-06-30", "reportedCurrency": "USD", "grossProfit": "9528000000", "totalRevenue": "13264000000", "costOfRevenue": "3736000000", "costofGoodsAndServicesSold": "3736000000", "operatingIncome": "4203000000", "sellingGeneralAndAdministrative": "3511000000", "researchAndDevelopment": "1831000000", "operatingExpenses": "5325000000", "investmentIncomeNet": "None", "netInterestIncome": "-330000000", "interestIncome": "59000000", "interestExpense": "389000000", "nonInterestIncome": "None", "otherNonOperatingIncome": "-126000000", "depreciation": "None", "depreciationAndAmortization": "1528000000", "incomeBeforeTax": "4141000000", "incomeTaxExpense": "-915000000", "interestAndDebtExpense": "None", "netIncomeFromContinuingOperations": "5056000000", "comprehensiveIncomeNetOfTax": "None", "ebit": "4530000000", "ebitda": "6058000000", "netIncome": "5046000000"}, {"fiscalDateEnding": "2019-03-31", "reportedCurrency": "USD", "grossProfit": "9524000000", "totalRevenue": "13118000000", "costOfRevenue": "3594000000", "costofGoodsAndServicesSold": "3594000000", "operatingIncome": "4499000000", "sellingGeneralAndAdministrative": "3339000000", "researchAndDevelopment": "1696000000", "operatingExpenses": "5025000000", "investmentIncomeNet": "None", "netInterestIncome": "-295000000", "interestIncome": "304000000", "interestExpense": "361000000", "nonInterestIncome": "None", "otherNonOperatingIncome": "-92000000", "depreciation": "None", "depreciationAndAmortization": "1545000000", "incomeBeforeTax": "4323000000", "incomeTaxExpense": "433000000", "interestAndDebtExpense": "None", "netIncomeFromContinuingOperations": "3889000000", "comprehensiveIncomeNetOfTax": "None", "ebit": "4684000000", "ebitda": "6229000000", "netIncome": "3883000000"}, {"fiscalDateEnding": "2018-12-31", "reportedCurrency": "USD", "grossProfit": "9681000000", "totalRevenue": "13976000000", "costOfRevenue": "4295000000", "costofGoodsAndServicesSold": "4295000000", "operatingIncome": "3255000000", "sellingGeneralAndAdministrative": "907000000", "researchAndDevelopment": "2440000000", "operatingExpenses": "6426000000", "investmentIncomeNet": "None", "netInterestIncome": "None", "interestIncome": "None", "interestExpense": "370000000", "nonInterestIncome": "None", "otherNonOperatingIncome": "-3259000000", "depreciation": "None", "depreciationAndAmortization": "1641000000", "incomeBeforeTax": "-946000000", "incomeTaxExpense": "-563000000", "interestAndDebtExpense": "None", "netIncomeFromContinuingOperations": "-382000000", "comprehensiveIncomeNetOfTax": "None", "ebit": "-576000000", "ebitda": "1065000000", "netIncome": "-394000000"}, {"fiscalDateEnding": "2018-09-30", "reportedCurrency": "USD", "grossProfit": "9372000000", "totalRevenue": "13298000000", "costOfRevenue": "3926000000", "costofGoodsAndServicesSold": "3926000000", "operatingIncome": "3896000000", "sellingGeneralAndAdministrative": "3494000000", "researchAndDevelopment": "1999000000", "operatingExpenses": "5476000000", "investmentIncomeNet": "None", "netInterestIncome": "None", "interestIncome": "None", "interestExpense": "310000000", "nonInterestIncome": "None", "otherNonOperatingIncome": "414000000", "depreciation": "None", "depreciationAndAmortization": "1614000000", "incomeBeforeTax": "4177000000", "incomeTaxExpense": "66000000", "interestAndDebtExpense": "None", "netIncomeFromContinuingOperations": "4111000000", "comprehensiveIncomeNetOfTax": "None", "ebit": "4487000000", "ebitda": "6101000000", "netIncome": "4114000000"}, {"fiscalDateEnding": "2018-06-30", "reportedCurrency": "USD", "grossProfit": "9379000000", "totalRevenue": "13466000000", "costOfRevenue": "4087000000", "costofGoodsAndServicesSold": "4087000000", "operatingIncome": "4063000000", "sellingGeneralAndAdministrative": "3542000000", "researchAndDevelopment": "1790000000", "operatingExpenses": "5316000000", "investmentIncomeNet": "None", "netInterestIncome": "None", "interestIncome": "None", "interestExpense": "326000000", "nonInterestIncome": "None", "otherNonOperatingIncome": "551000000", "depreciation": "None", "depreciationAndAmortization": "1562000000", "incomeBeforeTax": "4527000000", "incomeTaxExpense": "648000000", "interestAndDebtExpense": "None", "netIncomeFromContinuingOperations": "3879000000", "comprehensiveIncomeNetOfTax": "None", "ebit": "4853000000", "ebitda": "6415000000", "netIncome": "3872000000"}, {"fiscalDateEnding": "2018-03-31", "reportedCurrency": "USD", "grossProfit": "9180000000", "totalRevenue": "12906000000", "costOfRevenue": "3726000000", "costofGoodsAndServicesSold": "3726000000", "operatingIncome": "4048000000", "sellingGeneralAndAdministrative": "3412000000", "researchAndDevelopment": "1737000000", "operatingExpenses": "5132000000", "investmentIncomeNet": "None", "netInterestIncome": "None", "interestIncome": "None", "interestExpense": "310000000", "nonInterestIncome": "None", "otherNonOperatingIncome": "178000000", "depreciation": "None", "depreciationAndAmortization": "1567000000", "incomeBeforeTax": "4127000000", "incomeTaxExpense": "556000000", "interestAndDebtExpense": "None", "netIncomeFromContinuingOperations": "3571000000", "comprehensiveIncomeNetOfTax": "None", "ebit": "4437000000", "ebitda": "6004000000", "netIncome": "3560000000"}, {"fiscalDateEnding": "2017-12-31", "reportedCurrency": "USD", "grossProfit": "9318000000", "totalRevenue": "13703000000", "costOfRevenue": "4385000000", "costofGoodsAndServicesSold": "4385000000", "operatingIncome": "2484000000", "sellingGeneralAndAdministrative": "1451000000", "researchAndDevelopment": "2304000000", "operatingExpenses": "6834000000", "investmentIncomeNet": "None", "netInterestIncome": "None", "interestIncome": "None", "interestExpense": "329000000", "nonInterestIncome": "None", "otherNonOperatingIncome": "-1331000000", "depreciation": "None", "depreciationAndAmortization": "1574000000", "incomeBeforeTax": "953000000", "incomeTaxExpense": "-11335000000", "interestAndDebtExpense": "None", "netIncomeFromContinuingOperations": "12288000000", "comprehensiveIncomeNetOfTax": "None", "ebit": "1282000000", "ebitda": "2856000000", "netIncome": "12274000000"}, {"fiscalDateEnding": "2017-09-30", "reportedCurrency": "USD", "grossProfit": "9209000000", "totalRevenue": "13168000000", "costOfRevenue": "3959000000", "costofGoodsAndServicesSold": "3959000000", "operatingIncome": "3881000000", "sellingGeneralAndAdministrative": "3500000000", "researchAndDevelopment": "1850000000", "operatingExpenses": "5328000000", "investmentIncomeNet": "None", "netInterestIncome": "None", "interestIncome": "None", "interestExpense": "320000000", "nonInterestIncome": "None", "otherNonOperatingIncome": "-51000000", "depreciation": "None", "depreciationAndAmortization": "1566000000", "incomeBeforeTax": "3585000000", "incomeTaxExpense": "727000000", "interestAndDebtExpense": "None", "netIncomeFromContinuingOperations": "2858000000", "comprehensiveIncomeNetOfTax": "None", "ebit": "3904000000", "ebitda": "5470000000", "netIncome": "2840000000"}, {"fiscalDateEnding": "2017-06-30", "reportedCurrency": "USD", "grossProfit": "9064000000", "totalRevenue": "12896000000", "costOfRevenue": "3832000000", "costofGoodsAndServicesSold": "3832000000", "operatingIncome": "3873000000", "sellingGeneralAndAdministrative": "3425000000", "researchAndDevelopment": "1776000000", "operatingExpenses": "5191000000", "investmentIncomeNet": "None", "netInterestIncome": "None", "interestIncome": "None", "interestExpense": "312000000", "nonInterestIncome": "None", "otherNonOperatingIncome": "66000000", "depreciation": "None", "depreciationAndAmortization": "1574000000", "incomeBeforeTax": "3815000000", "incomeTaxExpense": "739000000", "interestAndDebtExpense": "None", "netIncomeFromContinuingOperations": "3077000000", "comprehensiveIncomeNetOfTax": "None", "ebit": "4127000000", "ebitda": "5701000000", "netIncome": "3074000000"}, {"fiscalDateEnding": "2017-03-31", "reportedCurrency": "USD", "grossProfit": "9152000000", "totalRevenue": "12779000000", "costOfRevenue": "3627000000", "costofGoodsAndServicesSold": "3627000000", "operatingIncome": "4152000000", "sellingGeneralAndAdministrative": "3308000000", "researchAndDevelopment": "1701000000", "operatingExpenses": "5000000000", "investmentIncomeNet": "None", "netInterestIncome": "None", "interestIncome": "None", "interestExpense": "309000000", "nonInterestIncome": "None", "otherNonOperatingIncome": "1000000", "depreciation": "None", "depreciationAndAmortization": "1555000000", "incomeBeforeTax": "3951000000", "incomeTaxExpense": "821000000", "interestAndDebtExpense": "None", "netIncomeFromContinuingOperations": "3130000000", "comprehensiveIncomeNetOfTax": "None", "ebit": "4261000000", "ebitda": "5816000000", "netIncome": "3121000000"}, {"fiscalDateEnding": "2016-12-31", "reportedCurrency": "USD", "grossProfit": "9447000000", "totalRevenue": "13627000000", "costOfRevenue": "4180000000", "costofGoodsAndServicesSold": "4180000000", "operatingIncome": "2547000000", "sellingGeneralAndAdministrative": "4423000000", "researchAndDevelopment": "2502000000", "operatingExpenses": "6900000000", "investmentIncomeNet": "None", "netInterestIncome": "None", "interestIncome": "None", "interestExpense": "297000000", "nonInterestIncome": "None", "otherNonOperatingIncome": "-840000000", "depreciation": "None", "depreciationAndAmortization": "1549000000", "incomeBeforeTax": "777000000", "incomeTaxExpense": "14000000", "interestAndDebtExpense": "None", "netIncomeFromContinuingOperations": "848000000", "comprehensiveIncomeNetOfTax": "None", "ebit": "1074000000", "ebitda": "2623000000", "netIncome": "774000000"}, {"fiscalDateEnding": "2016-09-30", "reportedCurrency": "USD", "grossProfit": "9084000000", "totalRevenue": "13045000000", "costOfRevenue": "3961000000", "costofGoodsAndServicesSold": "3961000000", "operatingIncome": "3676000000", "sellingGeneralAndAdministrative": "1000000", "researchAndDevelopment": "1872000000", "operatingExpenses": "5408000000", "investmentIncomeNet": "None", "netInterestIncome": "None", "interestIncome": "None", "interestExpense": "291000000", "nonInterestIncome": "None", "otherNonOperatingIncome": "-1417000000", "depreciation": "None", "depreciationAndAmortization": "1396000000", "incomeBeforeTax": "1604000000", "incomeTaxExpense": "284000000", "interestAndDebtExpense": "None", "netIncomeFromContinuingOperations": "1320000000", "comprehensiveIncomeNetOfTax": "None", "ebit": "1895000000", "ebitda": "3291000000", "netIncome": "1320000000"}, {"fiscalDateEnding": "2016-06-30", "reportedCurrency": "USD", "grossProfit": "9973000000", "totalRevenue": "13147000000", "costOfRevenue": "3174000000", "costofGoodsAndServicesSold": "3174000000", "operatingIncome": "3793000000", "sellingGeneralAndAdministrative": "3471000000", "researchAndDevelopment": "1748000000", "operatingExpenses": "6180000000", "investmentIncomeNet": "None", "netInterestIncome": "None", "interestIncome": "None", "interestExpense": "292000000", "nonInterestIncome": "None", "otherNonOperatingIncome": "-1068000000", "depreciation": "None", "depreciationAndAmortization": "961000000", "incomeBeforeTax": "2410000000", "incomeTaxExpense": "375000000", "interestAndDebtExpense": "None", "netIncomeFromContinuingOperations": "2035000000", "comprehensiveIncomeNetOfTax": "None", "ebit": "3128000000", "ebitda": "4089000000", "netIncome": "2047000000"}, {"fiscalDateEnding": "2016-03-31", "reportedCurrency": "USD", "grossProfit": "10154000000", "totalRevenue": "13005000000", "costOfRevenue": "2851000000", "costofGoodsAndServicesSold": "2851000000", "operatingIncome": "4032000000", "sellingGeneralAndAdministrative": "3385000000", "researchAndDevelopment": "1731000000", "operatingExpenses": "6122000000", "investmentIncomeNet": "None", "netInterestIncome": "None", "interestIncome": "None", "interestExpense": "306000000", "nonInterestIncome": "None", "otherNonOperatingIncome": "-330000000", "depreciation": "None", "depreciationAndAmortization": "1006000000", "incomeBeforeTax": "3561000000", "incomeTaxExpense": "535000000", "interestAndDebtExpense": "None", "netIncomeFromContinuingOperations": "3026000000", "comprehensiveIncomeNetOfTax": "None", "ebit": "4286000000", "ebitda": "5292000000", "netIncome": "3038000000"}, {"fiscalDateEnding": "2015-12-31", "reportedCurrency": "USD", "grossProfit": "10637000000", "totalRevenue": "14047000000", "costOfRevenue": "3410000000", "costofGoodsAndServicesSold": "3410000000", "operatingIncome": "2261000000", "sellingGeneralAndAdministrative": "5048000000", "researchAndDevelopment": "2348000000", "operatingExpenses": "8376000000", "investmentIncomeNet": "None", "netInterestIncome": "None", "interestIncome": "None", "interestExpense": "335000000", "nonInterestIncome": "None", "otherNonOperatingIncome": "-2190000000", "depreciation": "None", "depreciationAndAmortization": "980000000", "incomeBeforeTax": "-354000000", "incomeTaxExpense": "-188000000", "interestAndDebtExpense": "None", "netIncomeFromContinuingOperations": "-166000000", "comprehensiveIncomeNetOfTax": "None", "ebit": "2305000000", "ebitda": "3285000000", "netIncome": "-172000000"}, {"fiscalDateEnding": "2015-09-30", "reportedCurrency": "USD", "grossProfit": "9868000000", "totalRevenue": "12087000000", "costOfRevenue": "2219000000", "costofGoodsAndServicesSold": "2219000000", "operatingIncome": "3939000000", "sellingGeneralAndAdministrative": "3270000000", "researchAndDevelopment": "1722000000", "operatingExpenses": "5929000000", "investmentIncomeNet": "None", "netInterestIncome": "None", "interestIncome": "None", "interestExpense": "278000000", "nonInterestIncome": "None", "otherNonOperatingIncome": "-661000000", "depreciation": "None", "depreciationAndAmortization": "937000000", "incomeBeforeTax": "2697000000", "incomeTaxExpense": "567000000", "interestAndDebtExpense": "None", "netIncomeFromContinuingOperations": "2130000000", "comprehensiveIncomeNetOfTax": "None", "ebit": "4214000000", "ebitda": "5151000000", "netIncome": "2130000000"}, {"fiscalDateEnding": "2015-06-30", "reportedCurrency": "USD", "grossProfit": "9673000000", "totalRevenue": "11853000000", "costOfRevenue": "2180000000", "costofGoodsAndServicesSold": "2180000000", "operatingIncome": "3681000000", "sellingGeneralAndAdministrative": "1000000", "researchAndDevelopment": "1734000000", "operatingExpenses": "5992000000", "investmentIncomeNet": "None", "netInterestIncome": "None", "interestIncome": "None", "interestExpense": "278000000", "nonInterestIncome": "None", "otherNonOperatingIncome": "-55000000", "depreciation": "None", "depreciationAndAmortization": "872000000", "incomeBeforeTax": "3539000000", "incomeTaxExpense": "905000000", "interestAndDebtExpense": "None", "netIncomeFromContinuingOperations": "2635000000", "comprehensiveIncomeNetOfTax": "None", "ebit": "4146000000", "ebitda": "5018000000", "netIncome": "2626000000"}, {"fiscalDateEnding": "2015-03-31", "reportedCurrency": "USD", "grossProfit": "9026000000", "totalRevenue": "10864000000", "costOfRevenue": "1838000000", "costofGoodsAndServicesSold": "1838000000", "operatingIncome": "2947000000", "sellingGeneralAndAdministrative": "3104000000", "researchAndDevelopment": "1885000000", "operatingExpenses": "5929000000", "investmentIncomeNet": "None", "netInterestIncome": "None", "interestIncome": "None", "interestExpense": "309000000", "nonInterestIncome": "None", "otherNonOperatingIncome": "46000000", "depreciation": "None", "depreciationAndAmortization": "940000000", "incomeBeforeTax": "3082000000", "incomeTaxExpense": "706000000", "interestAndDebtExpense": "None", "netIncomeFromContinuingOperations": "2376000000", "comprehensiveIncomeNetOfTax": "None", "ebit": "3377000000", "ebitda": "4317000000", "netIncome": "2375000000"}, {"fiscalDateEnding": "2014-12-31", "reportedCurrency": "USD", "grossProfit": "10417000000", "totalRevenue": "13118000000", "costOfRevenue": "2701000000", "costofGoodsAndServicesSold": "2701000000", "operatingIncome": "2277000000", "sellingGeneralAndAdministrative": "882000000", "researchAndDevelopment": "3209000000", "operatingExpenses": "8139000000", "investmentIncomeNet": "None", "netInterestIncome": "None", "interestIncome": "None", "interestExpense": "353000000", "nonInterestIncome": "None", "otherNonOperatingIncome": "-915000000", "depreciation": "None", "depreciationAndAmortization": "948000000", "incomeBeforeTax": "1803000000", "incomeTaxExpense": "545000000", "interestAndDebtExpense": "None", "netIncomeFromContinuingOperations": "1257000000", "comprehensiveIncomeNetOfTax": "None", "ebit": "2539000000", "ebitda": "3487000000", "netIncome": "1228000000"}, {"fiscalDateEnding": "2014-09-30", "reportedCurrency": "USD", "grossProfit": "9993000000", "totalRevenue": "12361000000", "costOfRevenue": "2368000000", "costofGoodsAndServicesSold": "2368000000", "operatingIncome": "3663000000", "sellingGeneralAndAdministrative": "3556000000", "researchAndDevelopment": "1802000000", "operatingExpenses": "6330000000", "investmentIncomeNet": "None", "netInterestIncome": "None", "interestIncome": "None", "interestExpense": "343000000", "nonInterestIncome": "None", "otherNonOperatingIncome": "-94000000", "depreciation": "None", "depreciationAndAmortization": "972000000", "incomeBeforeTax": "3587000000", "incomeTaxExpense": "911000000", "interestAndDebtExpense": "None", "netIncomeFromContinuingOperations": "2676000000", "comprehensiveIncomeNetOfTax": "None", "ebit": "4284000000", "ebitda": "5256000000", "netIncome": "2666000000"}, {"fiscalDateEnding": "2014-06-30", "reportedCurrency": "USD", "grossProfit": "10311000000", "totalRevenue": "12773000000", "costOfRevenue": "2462000000", "costofGoodsAndServicesSold": "2462000000", "operatingIncome": "4031000000", "sellingGeneralAndAdministrative": "3520000000", "researchAndDevelopment": "1759000000", "operatingExpenses": "6280000000", "investmentIncomeNet": "None", "netInterestIncome": "None", "interestIncome": "None", "interestExpense": "343000000", "nonInterestIncome": "None", "otherNonOperatingIncome": "None", "depreciation": "None", "depreciationAndAmortization": "1001000000", "incomeBeforeTax": "4003000000", "incomeTaxExpense": "1082000000", "interestAndDebtExpense": "None", "netIncomeFromContinuingOperations": "2921000000", "comprehensiveIncomeNetOfTax": "None", "ebit": "4392000000", "ebitda": "5393000000", "netIncome": "2911000000"}, {"fiscalDateEnding": "2014-03-31", "reportedCurrency": "USD", "grossProfit": "9308000000", "totalRevenue": "11353000000", "costOfRevenue": "2045000000", "costofGoodsAndServicesSold": "2045000000", "operatingIncome": "2684000000", "sellingGeneralAndAdministrative": "3040000000", "researchAndDevelopment": "1623000000", "operatingExpenses": "5780000000", "investmentIncomeNet": "None", "netInterestIncome": "None", "interestIncome": "None", "interestExpense": "321000000", "nonInterestIncome": "None", "otherNonOperatingIncome": "None", "depreciation": "None", "depreciationAndAmortization": "1117000000", "incomeBeforeTax": "2847000000", "incomeTaxExpense": "582000000", "interestAndDebtExpense": "None", "netIncomeFromContinuingOperations": "2265000000", "comprehensiveIncomeNetOfTax": "None", "ebit": "3507000000", "ebitda": "4624000000", "netIncome": "2329000000"}, {"fiscalDateEnding": "2013-12-31", "reportedCurrency": "USD", "grossProfit": "10764000000", "totalRevenue": "13558000000", "costOfRevenue": "2794000000", "costofGoodsAndServicesSold": "2794000000", "operatingIncome": "3678000000", "sellingGeneralAndAdministrative": "1152000000", "researchAndDevelopment": "1811000000", "operatingExpenses": "7086000000", "investmentIncomeNet": "None", "netInterestIncome": "None", "interestIncome": "None", "interestExpense": "347000000", "nonInterestIncome": "None", "otherNonOperatingIncome": "None", "depreciation": "None", "depreciationAndAmortization": "1123000000", "incomeBeforeTax": "3061000000", "incomeTaxExpense": "430000000", "interestAndDebtExpense": "None", "netIncomeFromContinuingOperations": "2486000000", "comprehensiveIncomeNetOfTax": "None", "ebit": "4085000000", "ebitda": "5208000000", "netIncome": "2567000000"}, {"fiscalDateEnding": "2013-09-30", "reportedCurrency": "USD", "grossProfit": "10356000000", "totalRevenue": "12643000000", "costOfRevenue": "2287000000", "costofGoodsAndServicesSold": "2287000000", "operatingIncome": "4217000000", "sellingGeneralAndAdministrative": "3395000000", "researchAndDevelopment": "1627000000", "operatingExpenses": "6139000000", "investmentIncomeNet": "None", "netInterestIncome": "None", "interestIncome": "None", "interestExpense": "340000000", "nonInterestIncome": "None", "otherNonOperatingIncome": "None", "depreciation": "None", "depreciationAndAmortization": "1117000000", "incomeBeforeTax": "3573000000", "incomeTaxExpense": "985000000", "interestAndDebtExpense": "None", "netIncomeFromContinuingOperations": "2588000000", "comprehensiveIncomeNetOfTax": "None", "ebit": "4317000000", "ebitda": "5434000000", "netIncome": "2593000000"}, {"fiscalDateEnding": "2013-06-30", "reportedCurrency": "USD", "grossProfit": "10731000000", "totalRevenue": "12973000000", "costOfRevenue": "2242000000", "costofGoodsAndServicesSold": "2242000000", "operatingIncome": "4216000000", "sellingGeneralAndAdministrative": "3591000000", "researchAndDevelopment": "1530000000", "operatingExpenses": "6261000000", "investmentIncomeNet": "None", "netInterestIncome": "None", "interestIncome": "None", "interestExpense": "356000000", "nonInterestIncome": "None", "otherNonOperatingIncome": "None", "depreciation": "None", "depreciationAndAmortization": "1140000000", "incomeBeforeTax": "5357000000", "incomeTaxExpense": "1782000000", "interestAndDebtExpense": "None", "netIncomeFromContinuingOperations": "3575000000", "comprehensiveIncomeNetOfTax": "None", "ebit": "4663000000", "ebitda": "5803000000", "netIncome": "14099000000"}, {"fiscalDateEnding": "2013-03-31", "reportedCurrency": "USD", "grossProfit": "10848000000", "totalRevenue": "13500000000", "costOfRevenue": "2652000000", "costofGoodsAndServicesSold": "2652000000", "operatingIncome": "4229000000", "sellingGeneralAndAdministrative": "3585000000", "researchAndDevelopment": "1800000000", "operatingExpenses": "6619000000", "investmentIncomeNet": "None", "netInterestIncome": "None", "interestIncome": "None", "interestExpense": "391000000", "nonInterestIncome": "None", "otherNonOperatingIncome": "None", "depreciation": "None", "depreciationAndAmortization": "1234000000", "incomeBeforeTax": "3921000000", "incomeTaxExpense": "1160000000", "interestAndDebtExpense": "None", "netIncomeFromContinuingOperations": "2761000000", "comprehensiveIncomeNetOfTax": "None", "ebit": "4636000000", "ebitda": "5870000000", "netIncome": "2750000000"}, {"fiscalDateEnding": "2012-12-31", "reportedCurrency": "USD", "grossProfit": "11896000000", "totalRevenue": "15068000000", "costOfRevenue": "3172000000", "costofGoodsAndServicesSold": "3172000000", "operatingIncome": "3709000000", "sellingGeneralAndAdministrative": "2015000000", "researchAndDevelopment": "2136000000", "operatingExpenses": "8187000000", "investmentIncomeNet": "None", "netInterestIncome": "None", "interestIncome": "None", "interestExpense": "373000000", "nonInterestIncome": "None", "otherNonOperatingIncome": "None", "depreciation": "None", "depreciationAndAmortization": "1236000000", "incomeBeforeTax": "2170000000", "incomeTaxExpense": "680000000", "interestAndDebtExpense": "None", "netIncomeFromContinuingOperations": "1411000000", "comprehensiveIncomeNetOfTax": "None", "ebit": "4500000000", "ebitda": "5736000000", "netIncome": "6315000000"}, {"fiscalDateEnding": "2012-09-30", "reportedCurrency": "USD", "grossProfit": "11311000000", "totalRevenue": "13976000000", "costOfRevenue": "2665000000", "costofGoodsAndServicesSold": "2665000000", "operatingIncome": "4255000000", "sellingGeneralAndAdministrative": "3847000000", "researchAndDevelopment": "1981000000", "operatingExpenses": "7056000000", "investmentIncomeNet": "None", "netInterestIncome": "None", "interestIncome": "None", "interestExpense": "382000000", "nonInterestIncome": "None", "otherNonOperatingIncome": "None", "depreciation": "None", "depreciationAndAmortization": "1228000000", "incomeBeforeTax": "2991000000", "incomeTaxExpense": "-119000000", "interestAndDebtExpense": "None", "netIncomeFromContinuingOperations": "3110000000", "comprehensiveIncomeNetOfTax": "None", "ebit": "3615000000", "ebitda": "4843000000", "netIncome": "3207000000"}, {"fiscalDateEnding": "2012-06-30", "reportedCurrency": "USD", "grossProfit": "12305000000", "totalRevenue": "15057000000", "costOfRevenue": "2752000000", "costofGoodsAndServicesSold": "2752000000", "operatingIncome": "5338000000", "sellingGeneralAndAdministrative": "3640000000", "researchAndDevelopment": "1699000000", "operatingExpenses": "6967000000", "investmentIncomeNet": "None", "netInterestIncome": "None", "interestIncome": "None", "interestExpense": "293000000", "nonInterestIncome": "None", "otherNonOperatingIncome": "None", "depreciation": "None", "depreciationAndAmortization": "1291000000", "incomeBeforeTax": "4484000000", "incomeTaxExpense": "1290000000", "interestAndDebtExpense": "None", "netIncomeFromContinuingOperations": "3194000000", "comprehensiveIncomeNetOfTax": "None", "ebit": "4938000000", "ebitda": "6229000000", "netIncome": "3253000000"}, {"fiscalDateEnding": "2012-03-31", "reportedCurrency": "USD", "grossProfit": "12431000000", "totalRevenue": "15405000000", "costOfRevenue": "2974000000", "costofGoodsAndServicesSold": "2974000000", "operatingIncome": "4806000000", "sellingGeneralAndAdministrative": "3659000000", "researchAndDevelopment": "2072000000", "operatingExpenses": "7625000000", "investmentIncomeNet": "None", "netInterestIncome": "None", "interestIncome": "None", "interestExpense": "390000000", "nonInterestIncome": "None", "otherNonOperatingIncome": "None", "depreciation": "None", "depreciationAndAmortization": "1420000000", "incomeBeforeTax": "2553000000", "incomeTaxExpense": "750000000", "interestAndDebtExpense": "None", "netIncomeFromContinuingOperations": "1803000000", "comprehensiveIncomeNetOfTax": "None", "ebit": "3626000000", "ebitda": "5046000000", "netIncome": "1794000000"}, {"fiscalDateEnding": "2011-12-31", "reportedCurrency": "USD", "grossProfit": "12838000000", "totalRevenue": "16746000000", "costOfRevenue": "3908000000", "costofGoodsAndServicesSold": "3908000000", "operatingIncome": "4279000000", "sellingGeneralAndAdministrative": "5371000000", "researchAndDevelopment": "2596000000", "operatingExpenses": "9384000000", "investmentIncomeNet": "None", "netInterestIncome": "None", "interestIncome": "None", "interestExpense": "396000000", "nonInterestIncome": "None", "otherNonOperatingIncome": "None", "depreciation": "None", "depreciationAndAmortization": "1417000000", "incomeBeforeTax": "2293000000", "incomeTaxExpense": "800000000", "interestAndDebtExpense": "None", "netIncomeFromContinuingOperations": "1493000000", "comprehensiveIncomeNetOfTax": "None", "ebit": "4615000000", "ebitda": "6032000000", "netIncome": "1439000000"}, {"fiscalDateEnding": "2011-09-30", "reportedCurrency": "USD", "grossProfit": "13514000000", "totalRevenue": "17193000000", "costOfRevenue": "3679000000", "costofGoodsAndServicesSold": "3679000000", "operatingIncome": "5083000000", "sellingGeneralAndAdministrative": "215000000", "researchAndDevelopment": "2188000000", "operatingExpenses": "8206000000", "investmentIncomeNet": "None", "netInterestIncome": "None", "interestIncome": "None", "interestExpense": "423000000", "nonInterestIncome": "None", "otherNonOperatingIncome": "None", "depreciation": "None", "depreciationAndAmortization": "1397000000", "incomeBeforeTax": "3669000000", "incomeTaxExpense": "1235000000", "interestAndDebtExpense": "None", "netIncomeFromContinuingOperations": "2434000000", "comprehensiveIncomeNetOfTax": "None", "ebit": "4782000000", "ebitda": "6179000000", "netIncome": "3738000000"}, {"fiscalDateEnding": "2011-06-30", "reportedCurrency": "USD", "grossProfit": "13179000000", "totalRevenue": "16984000000", "costOfRevenue": "3805000000", "costofGoodsAndServicesSold": "3805000000", "operatingIncome": "4448000000", "sellingGeneralAndAdministrative": "195000000", "researchAndDevelopment": "2237000000", "operatingExpenses": "8605000000", "investmentIncomeNet": "None", "netInterestIncome": "None", "interestIncome": "None", "interestExpense": "404000000", "nonInterestIncome": "None", "otherNonOperatingIncome": "None", "depreciation": "None", "depreciationAndAmortization": "1395000000", "incomeBeforeTax": "3682000000", "incomeTaxExpense": "1094000000", "interestAndDebtExpense": "None", "netIncomeFromContinuingOperations": "2588000000", "comprehensiveIncomeNetOfTax": "None", "ebit": "4739000000", "ebitda": "6134000000", "netIncome": "2610000000"}, {"fiscalDateEnding": "2011-03-31", "reportedCurrency": "USD", "grossProfit": "12809000000", "totalRevenue": "16502000000", "costOfRevenue": "3693000000", "costofGoodsAndServicesSold": "3693000000", "operatingIncome": "4365000000", "sellingGeneralAndAdministrative": "132000000", "researchAndDevelopment": "2091000000", "operatingExpenses": "8797000000", "investmentIncomeNet": "None", "netInterestIncome": "None", "interestIncome": "None", "interestExpense": "458000000", "nonInterestIncome": "None", "otherNonOperatingIncome": "None", "depreciation": "None", "depreciationAndAmortization": "1376000000", "incomeBeforeTax": "3118000000", "incomeTaxExpense": "894000000", "interestAndDebtExpense": "None", "netIncomeFromContinuingOperations": "2224000000", "comprehensiveIncomeNetOfTax": "None", "ebit": "4304000000", "ebitda": "5680000000", "netIncome": "2222000000"}, {"fiscalDateEnding": "2010-12-31", "reportedCurrency": "USD", "grossProfit": "13279000000", "totalRevenue": "17561000000", "costOfRevenue": "4282000000", "costofGoodsAndServicesSold": "4282000000", "operatingIncome": "2358000000", "sellingGeneralAndAdministrative": "5738000000", "researchAndDevelopment": "2806000000", "operatingExpenses": "10921000000", "investmentIncomeNet": "None", "netInterestIncome": "None", "interestIncome": "None", "interestExpense": "460000000", "nonInterestIncome": "None", "otherNonOperatingIncome": "None", "depreciation": "None", "depreciationAndAmortization": "1994000000", "incomeBeforeTax": "829000000", "incomeTaxExpense": "-2074000000", "interestAndDebtExpense": "None", "netIncomeFromContinuingOperations": "2903000000", "comprehensiveIncomeNetOfTax": "None", "ebit": "2463000000", "ebitda": "4457000000", "netIncome": "2890000000"}, {"fiscalDateEnding": "2010-09-30", "reportedCurrency": "USD", "grossProfit": "12275000000", "totalRevenue": "16171000000", "costOfRevenue": "3896000000", "costofGoodsAndServicesSold": "3896000000", "operatingIncome": "2267000000", "sellingGeneralAndAdministrative": "61000000", "researchAndDevelopment": "2194000000", "operatingExpenses": "10336000000", "investmentIncomeNet": "None", "netInterestIncome": "None", "interestIncome": "None", "interestExpense": "428000000", "nonInterestIncome": "None", "otherNonOperatingIncome": "None", "depreciation": "None", "depreciationAndAmortization": "1156000000", "incomeBeforeTax": "1440000000", "incomeTaxExpense": "564000000", "interestAndDebtExpense": "None", "netIncomeFromContinuingOperations": "876000000", "comprehensiveIncomeNetOfTax": "None", "ebit": "2914000000", "ebitda": "4070000000", "netIncome": "866000000"}, {"fiscalDateEnding": "2010-06-30", "reportedCurrency": "USD", "grossProfit": "13532000000", "totalRevenue": "17327000000", "costOfRevenue": "3795000000", "costofGoodsAndServicesSold": "3795000000", "operatingIncome": "5131000000", "sellingGeneralAndAdministrative": "122000000", "researchAndDevelopment": "2187000000", "operatingExpenses": "8672000000", "investmentIncomeNet": "None", "netInterestIncome": "None", "interestIncome": "None", "interestExpense": "389000000", "nonInterestIncome": "None", "otherNonOperatingIncome": "None", "depreciation": "None", "depreciationAndAmortization": "1407000000", "incomeBeforeTax": "3974000000", "incomeTaxExpense": "1488000000", "interestAndDebtExpense": "None", "netIncomeFromContinuingOperations": "2486000000", "comprehensiveIncomeNetOfTax": "None", "ebit": "5121000000", "ebitda": "6528000000", "netIncome": "2475000000"}, {"fiscalDateEnding": "2010-03-31", "reportedCurrency": "USD", "grossProfit": "12444000000", "totalRevenue": "16750000000", "costOfRevenue": "4306000000", "costofGoodsAndServicesSold": "4306000000", "operatingIncome": "3959000000", "sellingGeneralAndAdministrative": "93000000", "researchAndDevelopment": "2226000000", "operatingExpenses": "8485000000", "investmentIncomeNet": "None", "netInterestIncome": "None", "interestIncome": "None", "interestExpense": "522000000", "nonInterestIncome": "None", "otherNonOperatingIncome": "None", "depreciation": "None", "depreciationAndAmortization": "1409000000", "incomeBeforeTax": "3179000000", "incomeTaxExpense": "1146000000", "interestAndDebtExpense": "None", "netIncomeFromContinuingOperations": "2033000000", "comprehensiveIncomeNetOfTax": "None", "ebit": "4313000000", "ebitda": "5722000000", "netIncome": "2026000000"}, {"fiscalDateEnding": "2009-12-31", "reportedCurrency": "USD", "grossProfit": "12602000000", "totalRevenue": "16537000000", "costOfRevenue": "3935000000", "costofGoodsAndServicesSold": "3935000000", "operatingIncome": "3427000000", "sellingGeneralAndAdministrative": "5367000000", "researchAndDevelopment": "2881000000", "operatingExpenses": "9175000000", "investmentIncomeNet": "None", "netInterestIncome": "None", "interestIncome": "None", "interestExpense": "471000000", "nonInterestIncome": "None", "otherNonOperatingIncome": "None", "depreciation": "None", "depreciationAndAmortization": "1774000000", "incomeBeforeTax": "4000000", "incomeTaxExpense": "-755000000", "interestAndDebtExpense": "None", "netIncomeFromContinuingOperations": "0", "comprehensiveIncomeNetOfTax": "None", "ebit": "-164000000", "ebitda": "1610000000", "netIncome": "767000000"}, {"fiscalDateEnding": "2009-09-30", "reportedCurrency": "USD", "grossProfit": "9832000000", "totalRevenue": "11621000000", "costOfRevenue": "1789000000", "costofGoodsAndServicesSold": "1789000000", "operatingIncome": "4324000000", "sellingGeneralAndAdministrative": "51000000", "researchAndDevelopment": "1632000000", "operatingExpenses": "5668000000", "investmentIncomeNet": "None", "netInterestIncome": "None", "interestIncome": "None", "interestExpense": "369000000", "nonInterestIncome": "None", "otherNonOperatingIncome": "None", "depreciation": "None", "depreciationAndAmortization": "594000000", "incomeBeforeTax": "3971000000", "incomeTaxExpense": "1092000000", "interestAndDebtExpense": "None", "netIncomeFromContinuingOperations": "2879000000", "comprehensiveIncomeNetOfTax": "None", "ebit": "4357000000", "ebitda": "4951000000", "netIncome": "2878000000"}, {"fiscalDateEnding": "2009-06-30", "reportedCurrency": "USD", "grossProfit": "9228000000", "totalRevenue": "10984000000", "costOfRevenue": "1756000000", "costofGoodsAndServicesSold": "1756000000", "operatingIncome": "3580000000", "sellingGeneralAndAdministrative": "117000000", "researchAndDevelopment": "1715000000", "operatingExpenses": "5720000000", "investmentIncomeNet": "None", "netInterestIncome": "None", "interestIncome": "None", "interestExpense": "66000000", "nonInterestIncome": "None", "otherNonOperatingIncome": "None", "depreciation": "None", "depreciationAndAmortization": "583000000", "incomeBeforeTax": "3049000000", "incomeTaxExpense": "786000000", "interestAndDebtExpense": "None", "netIncomeFromContinuingOperations": "2263000000", "comprehensiveIncomeNetOfTax": "None", "ebit": "4003000000", "ebitda": "4586000000", "netIncome": "2261000000"}, {"fiscalDateEnding": "2009-03-31", "reportedCurrency": "USD", "grossProfit": "9459000000", "totalRevenue": "10867000000", "costOfRevenue": "1408000000", "costofGoodsAndServicesSold": "1408000000", "operatingIncome": "4300000000", "sellingGeneralAndAdministrative": "4502000000", "researchAndDevelopment": "1705000000", "operatingExpenses": "5102000000", "investmentIncomeNet": "None", "netInterestIncome": "None", "interestIncome": "None", "interestExpense": "115000000", "nonInterestIncome": "None", "otherNonOperatingIncome": "None", "depreciation": "None", "depreciationAndAmortization": "578000000", "incomeBeforeTax": "3803000000", "incomeTaxExpense": "1074000000", "interestAndDebtExpense": "None", "netIncomeFromContinuingOperations": "0", "comprehensiveIncomeNetOfTax": "None", "ebit": "4787000000", "ebitda": "5365000000", "netIncome": "2729000000"}, {"fiscalDateEnding": "2008-12-31", "reportedCurrency": "USD", "grossProfit": "10631000000", "totalRevenue": "12346000000", "costOfRevenue": "1715000000", "costofGoodsAndServicesSold": "1715000000", "operatingIncome": "4064000000", "sellingGeneralAndAdministrative": "3659000000", "researchAndDevelopment": "2303000000", "operatingExpenses": "6567000000", "investmentIncomeNet": "None", "netInterestIncome": "None", "interestIncome": "None", "interestExpense": "95000000", "nonInterestIncome": "None", "otherNonOperatingIncome": "None", "depreciation": "None", "depreciationAndAmortization": "1178000000", "incomeBeforeTax": "625000000", "incomeTaxExpense": "394000000", "interestAndDebtExpense": "None", "netIncomeFromContinuingOperations": "0", "comprehensiveIncomeNetOfTax": "None", "ebit": "4064000000", "ebitda": "5242000000", "netIncome": "266000000"}, {"fiscalDateEnding": "2008-09-30", "reportedCurrency": "USD", "grossProfit": "9851000000", "totalRevenue": "11973000000", "costOfRevenue": "2122000000", "costofGoodsAndServicesSold": "2122000000", "operatingIncome": "2521000000", "sellingGeneralAndAdministrative": "64000000", "researchAndDevelopment": "1885000000", "operatingExpenses": "6029000000", "investmentIncomeNet": "None", "netInterestIncome": "None", "interestIncome": "None", "interestExpense": "186000000", "nonInterestIncome": "None", "otherNonOperatingIncome": "None", "depreciation": "None", "depreciationAndAmortization": "1196000000", "incomeBeforeTax": "2722000000", "incomeTaxExpense": "463000000", "interestAndDebtExpense": "None", "netIncomeFromContinuingOperations": "0", "comprehensiveIncomeNetOfTax": "None", "ebit": "3822000000", "ebitda": "5018000000", "netIncome": "2278000000"}, {"fiscalDateEnding": "2008-06-30", "reportedCurrency": "USD", "grossProfit": "9840000000", "totalRevenue": "12129000000", "costOfRevenue": "2289000000", "costofGoodsAndServicesSold": "2289000000", "operatingIncome": "2709000000", "sellingGeneralAndAdministrative": "131000000", "researchAndDevelopment": "1966000000", "operatingExpenses": "6492000000", "investmentIncomeNet": "None", "netInterestIncome": "None", "interestIncome": "None", "interestExpense": "99000000", "nonInterestIncome": "None", "otherNonOperatingIncome": "None", "depreciation": "None", "depreciationAndAmortization": "1229000000", "incomeBeforeTax": "2790000000", "incomeTaxExpense": "25000000", "interestAndDebtExpense": "None", "netIncomeFromContinuingOperations": "0", "comprehensiveIncomeNetOfTax": "None", "ebit": "3192000000", "ebitda": "4421000000", "netIncome": "2776000000"}, {"fiscalDateEnding": "2008-03-31", "reportedCurrency": "USD", "grossProfit": "9862000000", "totalRevenue": "11848000000", "costOfRevenue": "1986000000", "costofGoodsAndServicesSold": "1986000000", "operatingIncome": "3331000000", "sellingGeneralAndAdministrative": "75000000", "researchAndDevelopment": "1791000000", "operatingExpenses": "6062000000", "investmentIncomeNet": "None", "netInterestIncome": "None", "interestIncome": "None", "interestExpense": "203000000", "nonInterestIncome": "None", "otherNonOperatingIncome": "None", "depreciation": "None", "depreciationAndAmortization": "1487000000", "incomeBeforeTax": "3557000000", "incomeTaxExpense": "763000000", "interestAndDebtExpense": "None", "netIncomeFromContinuingOperations": "0", "comprehensiveIncomeNetOfTax": "None", "ebit": "3800000000", "ebitda": "5287000000", "netIncome": "2784000000"}, {"fiscalDateEnding": "2007-12-31", "reportedCurrency": "USD", "grossProfit": "10245000000", "totalRevenue": "12870000000", "costOfRevenue": "2625000000", "costofGoodsAndServicesSold": "2625000000", "operatingIncome": "2576000000", "sellingGeneralAndAdministrative": "11858000000", "researchAndDevelopment": "2260000000", "operatingExpenses": "7669000000", "investmentIncomeNet": "None", "netInterestIncome": "None", "interestIncome": "None", "interestExpense": "113000000", "nonInterestIncome": "None", "otherNonOperatingIncome": "None", "depreciation": "None", "depreciationAndAmortization": "1116000000", "incomeBeforeTax": "2970000000", "incomeTaxExpense": "223000000", "interestAndDebtExpense": "None", "netIncomeFromContinuingOperations": "0", "comprehensiveIncomeNetOfTax": "None", "ebit": "2576000000", "ebitda": "3692000000", "netIncome": "2723000000"}, {"fiscalDateEnding": "2007-09-30", "reportedCurrency": "USD", "grossProfit": "7372000000", "totalRevenue": "11990000000", "costOfRevenue": "4618000000", "costofGoodsAndServicesSold": "4618000000", "operatingIncome": "831000000", "sellingGeneralAndAdministrative": "3768000000", "researchAndDevelopment": "1999000000", "operatingExpenses": "6541000000", "investmentIncomeNet": "None", "netInterestIncome": "None", "interestIncome": "None", "interestExpense": "93000000", "nonInterestIncome": "None", "otherNonOperatingIncome": "None", "depreciation": "None", "depreciationAndAmortization": "1372000000", "incomeBeforeTax": "636000000", "incomeTaxExpense": "-161000000", "interestAndDebtExpense": "None", "netIncomeFromContinuingOperations": "0", "comprehensiveIncomeNetOfTax": "None", "ebit": "831000000", "ebitda": "2203000000", "netIncome": "760000000"}, {"fiscalDateEnding": "2007-06-30", "reportedCurrency": "USD", "grossProfit": "8975000000", "totalRevenue": "11084000000", "costOfRevenue": "2109000000", "costofGoodsAndServicesSold": "2109000000", "operatingIncome": "2183000000", "sellingGeneralAndAdministrative": "5794000000", "researchAndDevelopment": "2165000000", "operatingExpenses": "6792000000", "investmentIncomeNet": "None", "netInterestIncome": "None", "interestIncome": "None", "interestExpense": "61000000", "nonInterestIncome": "None", "otherNonOperatingIncome": "None", "depreciation": "None", "depreciationAndAmortization": "1441000000", "incomeBeforeTax": "1619000000", "incomeTaxExpense": "272000000", "interestAndDebtExpense": "None", "netIncomeFromContinuingOperations": "0", "comprehensiveIncomeNetOfTax": "None", "ebit": "2183000000", "ebitda": "3624000000", "netIncome": "1266000000"}, {"fiscalDateEnding": "2007-03-31", "reportedCurrency": "USD", "grossProfit": "10587000000", "totalRevenue": "12474000000", "costOfRevenue": "1887000000", "costofGoodsAndServicesSold": "1887000000", "operatingIncome": "4746000000", "sellingGeneralAndAdministrative": "4944000000", "researchAndDevelopment": "1665000000", "operatingExpenses": "5841000000", "investmentIncomeNet": "None", "netInterestIncome": "None", "interestIncome": "None", "interestExpense": "173000000", "nonInterestIncome": "None", "otherNonOperatingIncome": "None", "depreciation": "None", "depreciationAndAmortization": "1271000000", "incomeBeforeTax": "4053000000", "incomeTaxExpense": "689000000", "interestAndDebtExpense": "None", "netIncomeFromContinuingOperations": "0", "comprehensiveIncomeNetOfTax": "None", "ebit": "4746000000", "ebitda": "6017000000", "netIncome": "3391000000"}, {"fiscalDateEnding": "2006-12-31", "reportedCurrency": "USD", "grossProfit": "10386000000", "totalRevenue": "12603000000", "costOfRevenue": "2217000000", "costofGoodsAndServicesSold": "2217000000", "operatingIncome": "2597000000", "sellingGeneralAndAdministrative": "15589000000", "researchAndDevelopment": "2412000000", "operatingExpenses": "7789000000", "investmentIncomeNet": "None", "netInterestIncome": "None", "interestIncome": "None", "interestExpense": "96000000", "nonInterestIncome": "None", "otherNonOperatingIncome": "None", "depreciation": "None", "depreciationAndAmortization": "1267000000", "incomeBeforeTax": "1714000000", "incomeTaxExpense": "223000000", "interestAndDebtExpense": "None", "netIncomeFromContinuingOperations": "0", "comprehensiveIncomeNetOfTax": "None", "ebit": "2597000000", "ebitda": "3864000000", "netIncome": "9448000000"}, {"fiscalDateEnding": "2006-09-30", "reportedCurrency": "USD", "grossProfit": "10318000000", "totalRevenue": "12280000000", "costOfRevenue": "1962000000", "costofGoodsAndServicesSold": "1962000000", "operatingIncome": "3867000000", "sellingGeneralAndAdministrative": "5520000000", "researchAndDevelopment": "1902000000", "operatingExpenses": "6451000000", "investmentIncomeNet": "None", "netInterestIncome": "None", "interestIncome": "None", "interestExpense": "109000000", "nonInterestIncome": "None", "otherNonOperatingIncome": "None", "depreciation": "None", "depreciationAndAmortization": "1332000000", "incomeBeforeTax": "3961000000", "incomeTaxExpense": "717000000", "interestAndDebtExpense": "None", "netIncomeFromContinuingOperations": "0", "comprehensiveIncomeNetOfTax": "None", "ebit": "3867000000", "ebitda": "5199000000", "netIncome": "3361000000"}, {"fiscalDateEnding": "2006-06-30", "reportedCurrency": "USD", "grossProfit": "9951000000", "totalRevenue": "11741000000", "costOfRevenue": "1790000000", "costofGoodsAndServicesSold": "1790000000", "operatingIncome": "3505000000", "sellingGeneralAndAdministrative": "415000000", "researchAndDevelopment": "1742000000", "operatingExpenses": "6446000000", "investmentIncomeNet": "None", "netInterestIncome": "None", "interestIncome": "None", "interestExpense": "312000000", "nonInterestIncome": "None", "otherNonOperatingIncome": "None", "depreciation": "None", "depreciationAndAmortization": "1343000000", "incomeBeforeTax": "3083000000", "incomeTaxExpense": "790000000", "interestAndDebtExpense": "None", "netIncomeFromContinuingOperations": "0", "comprehensiveIncomeNetOfTax": "None", "ebit": "3505000000", "ebitda": "4848000000", "netIncome": "2413000000"}, {"fiscalDateEnding": "2006-03-31", "reportedCurrency": "USD", "grossProfit": "10687000000", "totalRevenue": "12660000000", "costOfRevenue": "1973000000", "costofGoodsAndServicesSold": "1973000000", "operatingIncome": "4461000000", "sellingGeneralAndAdministrative": "415000000", "researchAndDevelopment": "1588000000", "operatingExpenses": "6226000000", "investmentIncomeNet": "None", "netInterestIncome": "None", "interestIncome": "None", "interestExpense": "0", "nonInterestIncome": "None", "otherNonOperatingIncome": "None", "depreciation": "None", "depreciationAndAmortization": "1351000000", "incomeBeforeTax": "4427000000", "incomeTaxExpense": "315000000", "interestAndDebtExpense": "None", "netIncomeFromContinuingOperations": "0", "comprehensiveIncomeNetOfTax": "None", "ebit": "4313000000", "ebitda": "5664000000", "netIncome": "4111000000"}, {"fiscalDateEnding": "2005-12-31", "reportedCurrency": "USD", "grossProfit": "11248000000", "totalRevenue": "13593000000", "costOfRevenue": "2345000000", "costofGoodsAndServicesSold": "2345000000", "operatingIncome": "3639000000", "sellingGeneralAndAdministrative": "4755000000", "researchAndDevelopment": "2021000000", "operatingExpenses": "7609000000", "investmentIncomeNet": "None", "netInterestIncome": "None", "interestIncome": "None", "interestExpense": "488000000", "nonInterestIncome": "None", "otherNonOperatingIncome": "None", "depreciation": "None", "depreciationAndAmortization": "1433000000", "incomeBeforeTax": "3365000000", "incomeTaxExpense": "609000000", "interestAndDebtExpense": "None", "netIncomeFromContinuingOperations": "0", "comprehensiveIncomeNetOfTax": "None", "ebit": "3639000000", "ebitda": "5072000000", "netIncome": "2731000000"}]}