{"symbol": "AACG", "annualReports": [{"fiscalDateEnding": "2024-12-31", "reportedCurrency": "CNY", "grossProfit": "141265000", "totalRevenue": "268060000", "costOfRevenue": "126795000", "costofGoodsAndServicesSold": "126795000", "operatingIncome": "-43044000", "sellingGeneralAndAdministrative": "80888000", "researchAndDevelopment": "3703000", "operatingExpenses": "184309000", "investmentIncomeNet": "None", "netInterestIncome": "1001735", "interestIncome": "None", "interestExpense": "None", "nonInterestIncome": "None", "otherNonOperatingIncome": "None", "depreciation": "None", "depreciationAndAmortization": "24226000", "incomeBeforeTax": "-42500000", "incomeTaxExpense": "-6402000", "interestAndDebtExpense": "None", "netIncomeFromContinuingOperations": "-36097872", "comprehensiveIncomeNetOfTax": "None", "ebit": "-43044000", "ebitda": "-18818000", "netIncome": "-36098000"}, {"fiscalDateEnding": "2023-12-31", "reportedCurrency": "CNY", "grossProfit": "114657209", "totalRevenue": "221618968", "costOfRevenue": "106961759", "costofGoodsAndServicesSold": "106961759", "operatingIncome": "-41495904", "sellingGeneralAndAdministrative": "72816606", "researchAndDevelopment": "4629880", "operatingExpenses": "156153113", "investmentIncomeNet": "None", "netInterestIncome": "978530", "interestIncome": "None", "interestExpense": "978530000", "nonInterestIncome": "None", "otherNonOperatingIncome": "None", "depreciation": "None", "depreciationAndAmortization": "21984382", "incomeBeforeTax": "-40522250", "incomeTaxExpense": "-6811709", "interestAndDebtExpense": "None", "netIncomeFromContinuingOperations": "-33710541", "comprehensiveIncomeNetOfTax": "None", "ebit": "-41495904", "ebitda": "-19511522", "netIncome": "-33660245"}, {"fiscalDateEnding": "2022-12-31", "reportedCurrency": "CNY", "grossProfit": "102505018", "totalRevenue": "206820874", "costOfRevenue": "104315856", "costofGoodsAndServicesSold": "104315856", "operatingIncome": "-56586564", "sellingGeneralAndAdministrative": "77051580", "researchAndDevelopment": "6790791", "operatingExpenses": "159091582", "investmentIncomeNet": "None", "netInterestIncome": "756886", "interestIncome": "None", "interestExpense": "2772271", "nonInterestIncome": "None", "otherNonOperatingIncome": "None", "depreciation": "None", "depreciationAndAmortization": "22590666", "incomeBeforeTax": "-54515615", "incomeTaxExpense": "-5921384", "interestAndDebtExpense": "None", "netIncomeFromContinuingOperations": "-48594231", "comprehensiveIncomeNetOfTax": "None", "ebit": "-56586564", "ebitda": "-33995898", "netIncome": "-47892909"}, {"fiscalDateEnding": "2021-12-31", "reportedCurrency": "CNY", "grossProfit": "104795550", "totalRevenue": "202209465", "costOfRevenue": "97413915", "costofGoodsAndServicesSold": "97413915", "operatingIncome": "-66389483", "sellingGeneralAndAdministrative": "93256046", "researchAndDevelopment": "11801545", "operatingExpenses": "171185033", "investmentIncomeNet": "None", "netInterestIncome": "1110681", "interestIncome": "None", "interestExpense": "1110681000", "nonInterestIncome": "None", "otherNonOperatingIncome": "None", "depreciation": "None", "depreciationAndAmortization": "23025480", "incomeBeforeTax": "-37949694", "incomeTaxExpense": "-1539577", "interestAndDebtExpense": "None", "netIncomeFromContinuingOperations": "-36410117", "comprehensiveIncomeNetOfTax": "None", "ebit": "-66389483", "ebitda": "-43364003", "netIncome": "-33649593"}, {"fiscalDateEnding": "2020-12-31", "reportedCurrency": "CNY", "grossProfit": "57742215", "totalRevenue": "162167547", "costOfRevenue": "104425332", "costofGoodsAndServicesSold": "104425332", "operatingIncome": "-107478374", "sellingGeneralAndAdministrative": "100097849", "researchAndDevelopment": "8832488", "operatingExpenses": "165220589", "investmentIncomeNet": "None", "netInterestIncome": "1171837", "interestIncome": "None", "interestExpense": "3281701000", "nonInterestIncome": "None", "otherNonOperatingIncome": "None", "depreciation": "None", "depreciationAndAmortization": "29913815", "incomeBeforeTax": "-110853584", "incomeTaxExpense": "-10268836", "interestAndDebtExpense": "None", "netIncomeFromContinuingOperations": "-100584748", "comprehensiveIncomeNetOfTax": "None", "ebit": "-104357949", "ebitda": "-74444134", "netIncome": "-92198032"}, {"fiscalDateEnding": "2019-12-31", "reportedCurrency": "CNY", "grossProfit": "18424840", "totalRevenue": "97770167", "costOfRevenue": "79345327", "costofGoodsAndServicesSold": "79345327", "operatingIncome": "-117772435", "sellingGeneralAndAdministrative": "81923516", "researchAndDevelopment": "11817255", "operatingExpenses": "136197275", "investmentIncomeNet": "None", "netInterestIncome": "3281701", "interestIncome": "3333180", "interestExpense": "3281701000", "nonInterestIncome": "None", "otherNonOperatingIncome": "0", "depreciation": "None", "depreciationAndAmortization": "17545060", "incomeBeforeTax": "-141261615", "incomeTaxExpense": "-7149119", "interestAndDebtExpense": "None", "netIncomeFromContinuingOperations": "-134112496", "comprehensiveIncomeNetOfTax": "None", "ebit": "-108839996", "ebitda": "-91294936", "netIncome": "-122253989"}, {"fiscalDateEnding": "2018-12-31", "reportedCurrency": "CNY", "grossProfit": "-2912859", "totalRevenue": "1338592", "costOfRevenue": "4251451", "costofGoodsAndServicesSold": "4251451", "operatingIncome": "-67791950", "sellingGeneralAndAdministrative": "43507856", "researchAndDevelopment": "19594484", "operatingExpenses": "64879091", "investmentIncomeNet": "None", "netInterestIncome": "2409090", "interestIncome": "6119280", "interestExpense": "2409090", "nonInterestIncome": "None", "otherNonOperatingIncome": "0", "depreciation": "None", "depreciationAndAmortization": "13331272", "incomeBeforeTax": "-68061372", "incomeTaxExpense": "-922979388", "interestAndDebtExpense": "None", "netIncomeFromContinuingOperations": "-68053474", "comprehensiveIncomeNetOfTax": "None", "ebit": "-68334890", "ebitda": "-55003618", "netIncome": "854918016"}, {"fiscalDateEnding": "2017-12-31", "reportedCurrency": "CNY", "grossProfit": "2508887", "totalRevenue": "7493617", "costOfRevenue": "4984730", "costofGoodsAndServicesSold": "4984730", "operatingIncome": "-59395194", "sellingGeneralAndAdministrative": "36558479", "researchAndDevelopment": "19712994", "operatingExpenses": "91501349", "investmentIncomeNet": "None", "netInterestIncome": "None", "interestIncome": "2953820", "interestExpense": "3913950000", "nonInterestIncome": "None", "otherNonOperatingIncome": "0", "depreciation": "None", "depreciationAndAmortization": "12239777", "incomeBeforeTax": "-88022197", "incomeTaxExpense": "19920486", "interestAndDebtExpense": "None", "netIncomeFromContinuingOperations": "-0.12", "comprehensiveIncomeNetOfTax": "None", "ebit": "-59395194", "ebitda": "-47155417", "netIncome": "-113996589"}, {"fiscalDateEnding": "2016-12-31", "reportedCurrency": "CNY", "grossProfit": "232533212", "totalRevenue": "472385716", "costOfRevenue": "239852504", "costofGoodsAndServicesSold": "239852504", "operatingIncome": "71807104", "sellingGeneralAndAdministrative": "68778028", "researchAndDevelopment": "43430385", "operatingExpenses": "160726108", "investmentIncomeNet": "None", "netInterestIncome": "3913950", "interestIncome": "3989868", "interestExpense": "75918", "nonInterestIncome": "None", "otherNonOperatingIncome": "0", "depreciation": "None", "depreciationAndAmortization": "10293833", "incomeBeforeTax": "28627579", "incomeTaxExpense": "38596986", "interestAndDebtExpense": "None", "netIncomeFromContinuingOperations": "-9969407", "comprehensiveIncomeNetOfTax": "None", "ebit": "-56804435", "ebitda": "-46510602", "netIncome": "-9716002"}, {"fiscalDateEnding": "2015-12-31", "reportedCurrency": "CNY", "grossProfit": "209122761", "totalRevenue": "417139969", "costOfRevenue": "208017208", "costofGoodsAndServicesSold": "208017208", "operatingIncome": "51734613", "sellingGeneralAndAdministrative": "78213321", "researchAndDevelopment": "36529145", "operatingExpenses": "157388148", "investmentIncomeNet": "None", "netInterestIncome": "None", "interestIncome": "6761950", "interestExpense": "3572711", "nonInterestIncome": "None", "otherNonOperatingIncome": "0", "depreciation": "None", "depreciationAndAmortization": "8611508", "incomeBeforeTax": "44972666", "incomeTaxExpense": "18921479", "interestAndDebtExpense": "None", "netIncomeFromContinuingOperations": "15061.15", "comprehensiveIncomeNetOfTax": "None", "ebit": "51734613", "ebitda": "60346121", "netIncome": "26051187"}, {"fiscalDateEnding": "2014-12-31", "reportedCurrency": "CNY", "grossProfit": "177618564", "totalRevenue": "350157824", "costOfRevenue": "172539260", "costofGoodsAndServicesSold": "172539260", "operatingIncome": "31758311", "sellingGeneralAndAdministrative": "65605087", "researchAndDevelopment": "36836338", "operatingExpenses": "145550100", "investmentIncomeNet": "None", "netInterestIncome": "None", "interestIncome": "None", "interestExpense": "4136454", "nonInterestIncome": "None", "otherNonOperatingIncome": "0", "depreciation": "None", "depreciationAndAmortization": "7583790", "incomeBeforeTax": "32630866", "incomeTaxExpense": "9575146", "interestAndDebtExpense": "None", "netIncomeFromContinuingOperations": "0", "comprehensiveIncomeNetOfTax": "None", "ebit": "32068464", "ebitda": "39652254", "netIncome": "23055720"}, {"fiscalDateEnding": "2013-12-31", "reportedCurrency": "CNY", "grossProfit": "196188032", "totalRevenue": "384668378", "costOfRevenue": "188480346", "costofGoodsAndServicesSold": "188480346", "operatingIncome": "41378620", "sellingGeneralAndAdministrative": "67867384", "researchAndDevelopment": "27673298", "operatingExpenses": "142799955", "investmentIncomeNet": "None", "netInterestIncome": "None", "interestIncome": "None", "interestExpense": "4770024", "nonInterestIncome": "None", "otherNonOperatingIncome": "None", "depreciation": "None", "depreciationAndAmortization": "10754370", "incomeBeforeTax": "47171897", "incomeTaxExpense": "19895462", "interestAndDebtExpense": "None", "netIncomeFromContinuingOperations": "None", "comprehensiveIncomeNetOfTax": "None", "ebit": "54460530", "ebitda": "65214900", "netIncome": "27276435"}, {"fiscalDateEnding": "2012-12-31", "reportedCurrency": "CNY", "grossProfit": "177843622", "totalRevenue": "366675495", "costOfRevenue": "188831873", "costofGoodsAndServicesSold": "188831873", "operatingIncome": "27013428", "sellingGeneralAndAdministrative": "79589419", "researchAndDevelopment": "21846305", "operatingExpenses": "150830194", "investmentIncomeNet": "None", "netInterestIncome": "None", "interestIncome": "None", "interestExpense": "3122304", "nonInterestIncome": "None", "otherNonOperatingIncome": "None", "depreciation": "None", "depreciationAndAmortization": "10617534", "incomeBeforeTax": "30212972", "incomeTaxExpense": "7004982", "interestAndDebtExpense": "None", "netIncomeFromContinuingOperations": "None", "comprehensiveIncomeNetOfTax": "None", "ebit": "27013428", "ebitda": "37630962", "netIncome": "23207990"}, {"fiscalDateEnding": "2011-12-31", "reportedCurrency": "CNY", "grossProfit": "193267519", "totalRevenue": "352085560", "costOfRevenue": "158818041", "costofGoodsAndServicesSold": "158818041", "operatingIncome": "64485989", "sellingGeneralAndAdministrative": "64034078", "researchAndDevelopment": "18402166", "operatingExpenses": "128781530", "investmentIncomeNet": "None", "netInterestIncome": "None", "interestIncome": "None", "interestExpense": "2061020", "nonInterestIncome": "None", "otherNonOperatingIncome": "None", "depreciation": "None", "depreciationAndAmortization": "11278264", "incomeBeforeTax": "70180552", "incomeTaxExpense": "14339082", "interestAndDebtExpense": "None", "netIncomeFromContinuingOperations": "None", "comprehensiveIncomeNetOfTax": "None", "ebit": "64485989", "ebitda": "75764253", "netIncome": "55841470"}, {"fiscalDateEnding": "2010-12-31", "reportedCurrency": "CNY", "grossProfit": "154687639", "totalRevenue": "303903811", "costOfRevenue": "149216172", "costofGoodsAndServicesSold": "149216172", "operatingIncome": "20892212", "sellingGeneralAndAdministrative": "56657068", "researchAndDevelopment": "22756340", "operatingExpenses": "133795427", "investmentIncomeNet": "None", "netInterestIncome": "None", "interestIncome": "None", "interestExpense": "1035607", "nonInterestIncome": "None", "otherNonOperatingIncome": "None", "depreciation": "None", "depreciationAndAmortization": "13635561", "incomeBeforeTax": "23066303", "incomeTaxExpense": "3312287", "interestAndDebtExpense": "None", "netIncomeFromContinuingOperations": "None", "comprehensiveIncomeNetOfTax": "None", "ebit": "20892211", "ebitda": "34527772", "netIncome": "19754016"}, {"fiscalDateEnding": "2009-12-31", "reportedCurrency": "CNY", "grossProfit": "124936672", "totalRevenue": "217545303", "costOfRevenue": "92608631", "costofGoodsAndServicesSold": "92608631", "operatingIncome": "26387522", "sellingGeneralAndAdministrative": "57386622", "researchAndDevelopment": "16240618", "operatingExpenses": "98549150", "investmentIncomeNet": "None", "netInterestIncome": "None", "interestIncome": "None", "interestExpense": "395108", "nonInterestIncome": "None", "otherNonOperatingIncome": "None", "depreciation": "None", "depreciationAndAmortization": "5206412", "incomeBeforeTax": "29448188", "incomeTaxExpense": "6637973", "interestAndDebtExpense": "None", "netIncomeFromContinuingOperations": "None", "comprehensiveIncomeNetOfTax": "None", "ebit": "26387522", "ebitda": "31593934", "netIncome": "22810215"}, {"fiscalDateEnding": "2008-12-31", "reportedCurrency": "CNY", "grossProfit": "105161202", "totalRevenue": "172121600", "costOfRevenue": "66960398", "costofGoodsAndServicesSold": "66960398", "operatingIncome": "23432098", "sellingGeneralAndAdministrative": "5708263", "researchAndDevelopment": "12884923", "operatingExpenses": "81729103", "investmentIncomeNet": "None", "netInterestIncome": "None", "interestIncome": "None", "interestExpense": "4064368.36", "nonInterestIncome": "None", "otherNonOperatingIncome": "None", "depreciation": "None", "depreciationAndAmortization": "2699975", "incomeBeforeTax": "27496467", "incomeTaxExpense": "7322775", "interestAndDebtExpense": "None", "netIncomeFromContinuingOperations": "None", "comprehensiveIncomeNetOfTax": "None", "ebit": "23432098", "ebitda": "26132073", "netIncome": "20173691"}, {"fiscalDateEnding": "2007-12-31", "reportedCurrency": "CNY", "grossProfit": "105161202.33", "totalRevenue": "172121600.59", "costOfRevenue": "66960398.25", "costofGoodsAndServicesSold": "66960398.25", "operatingIncome": "23432098.64", "sellingGeneralAndAdministrative": "5708263", "researchAndDevelopment": "12884923.95", "operatingExpenses": "81729103.69", "investmentIncomeNet": "None", "netInterestIncome": "None", "interestIncome": "None", "interestExpense": "4064368.36", "nonInterestIncome": "None", "otherNonOperatingIncome": "None", "depreciation": "None", "depreciationAndAmortization": "2699975.28", "incomeBeforeTax": "27496467", "incomeTaxExpense": "7322775.42", "interestAndDebtExpense": "None", "netIncomeFromContinuingOperations": "None", "comprehensiveIncomeNetOfTax": "None", "ebit": "19841559.90", "ebitda": "22541535.18", "netIncome": "20173691.59"}, {"fiscalDateEnding": "2006-12-31", "reportedCurrency": "CNY", "grossProfit": "43779189", "totalRevenue": "84880877", "costOfRevenue": "41101688", "costofGoodsAndServicesSold": "41101688", "operatingIncome": "-19595944", "sellingGeneralAndAdministrative": "32024170", "researchAndDevelopment": "9322068", "operatingExpenses": "63375133", "investmentIncomeNet": "None", "netInterestIncome": "None", "interestIncome": "None", "interestExpense": "599872", "nonInterestIncome": "None", "otherNonOperatingIncome": "None", "depreciation": "None", "depreciationAndAmortization": "1836675", "incomeBeforeTax": "-18583010", "incomeTaxExpense": "-1793158", "interestAndDebtExpense": "None", "netIncomeFromContinuingOperations": "None", "comprehensiveIncomeNetOfTax": "None", "ebit": "-18583010", "ebitda": "-16746335", "netIncome": "-16789852"}, {"fiscalDateEnding": "2005-12-31", "reportedCurrency": "CNY", "grossProfit": "35025922", "totalRevenue": "68992636", "costOfRevenue": "33966714", "costofGoodsAndServicesSold": "33966714", "operatingIncome": "-1090174.36", "sellingGeneralAndAdministrative": "31265476.36", "researchAndDevelopment": "4850619", "operatingExpenses": "36116096", "investmentIncomeNet": "None", "netInterestIncome": "None", "interestIncome": "None", "interestExpense": "22698667", "nonInterestIncome": "None", "otherNonOperatingIncome": "None", "depreciation": "None", "depreciationAndAmortization": "24244677", "incomeBeforeTax": "-25278131.34", "incomeTaxExpense": "-485142.19", "interestAndDebtExpense": "None", "netIncomeFromContinuingOperations": "None", "comprehensiveIncomeNetOfTax": "None", "ebit": "-25278793", "ebitda": "-1034116", "netIncome": "-24792989.15"}], "quarterlyReports": [{"fiscalDateEnding": "2025-09-30", "reportedCurrency": "CNY", "grossProfit": "26374226", "totalRevenue": "67304440", "costOfRevenue": "40930214", "costofGoodsAndServicesSold": "40930214", "operatingIncome": "-10557600", "sellingGeneralAndAdministrative": "16435566", "researchAndDevelopment": "760913", "operatingExpenses": "36931826", "investmentIncomeNet": "None", "netInterestIncome": "93963", "interestIncome": "None", "interestExpense": "None", "nonInterestIncome": "None", "otherNonOperatingIncome": "None", "depreciation": "None", "depreciationAndAmortization": "6056618", "incomeBeforeTax": "1461761", "incomeTaxExpense": "-907675", "interestAndDebtExpense": "None", "netIncomeFromContinuingOperations": "2369436", "comprehensiveIncomeNetOfTax": "None", "ebit": "-16614218", "ebitda": "-10557600", "netIncome": "2369436"}, {"fiscalDateEnding": "2025-06-30", "reportedCurrency": "CNY", "grossProfit": "28306714", "totalRevenue": "55890383", "costOfRevenue": "27583669", "costofGoodsAndServicesSold": "27583669", "operatingIncome": "-13747707", "sellingGeneralAndAdministrative": "19721654", "researchAndDevelopment": "850299", "operatingExpenses": "42054421", "investmentIncomeNet": "None", "netInterestIncome": "33964", "interestIncome": "33964", "interestExpense": "None", "nonInterestIncome": "None", "otherNonOperatingIncome": "None", "depreciation": "None", "depreciationAndAmortization": "6056618", "incomeBeforeTax": "-13721455", "incomeTaxExpense": "-2953020", "interestAndDebtExpense": "None", "netIncomeFromContinuingOperations": "-10768435", "comprehensiveIncomeNetOfTax": "None", "ebit": "-13747707", "ebitda": "-7691089", "netIncome": "-10768435"}, {"fiscalDateEnding": "2025-03-31", "reportedCurrency": "CNY", "grossProfit": "25388000", "totalRevenue": "55791000", "costOfRevenue": "30403000", "costofGoodsAndServicesSold": "30403000", "operatingIncome": "-16790000", "sellingGeneralAndAdministrative": "23974000", "researchAndDevelopment": "748000", "operatingExpenses": "42178000", "investmentIncomeNet": "None", "netInterestIncome": "61546", "interestIncome": "None", "interestExpense": "None", "nonInterestIncome": "None", "otherNonOperatingIncome": "None", "depreciation": "None", "depreciationAndAmortization": "6057000", "incomeBeforeTax": "-16731000", "incomeTaxExpense": "-3386000", "interestAndDebtExpense": "None", "netIncomeFromContinuingOperations": "-13344670", "comprehensiveIncomeNetOfTax": "None", "ebit": "-16789980", "ebitda": "-10732980", "netIncome": "-13345000"}, {"fiscalDateEnding": "2024-12-31", "reportedCurrency": "CNY", "grossProfit": "63664042", "totalRevenue": "100915609", "costOfRevenue": "37251567", "costofGoodsAndServicesSold": "37251567", "operatingIncome": "16994260", "sellingGeneralAndAdministrative": "45979040", "researchAndDevelopment": "779087", "operatingExpenses": "83921349", "investmentIncomeNet": "None", "netInterestIncome": "133870", "interestIncome": "None", "interestExpense": "None", "nonInterestIncome": "None", "otherNonOperatingIncome": "None", "depreciation": "None", "depreciationAndAmortization": "None", "incomeBeforeTax": "16678656", "incomeTaxExpense": "None", "interestAndDebtExpense": "None", "netIncomeFromContinuingOperations": "13256710", "comprehensiveIncomeNetOfTax": "None", "ebit": "None", "ebitda": "None", "netIncome": "13256733"}, {"fiscalDateEnding": "2024-09-30", "reportedCurrency": "CNY", "grossProfit": "29998000", "totalRevenue": "67255000", "costOfRevenue": "37256000", "costofGoodsAndServicesSold": "37256000", "operatingIncome": "-17615000", "sellingGeneralAndAdministrative": "21172000", "researchAndDevelopment": "740049", "operatingExpenses": "47613000", "investmentIncomeNet": "None", "netInterestIncome": "224646", "interestIncome": "None", "interestExpense": "None", "nonInterestIncome": "None", "otherNonOperatingIncome": "None", "depreciation": "None", "depreciationAndAmortization": "5496000", "incomeBeforeTax": "-17392000", "incomeTaxExpense": "-2739000", "interestAndDebtExpense": "None", "netIncomeFromContinuingOperations": "-14652268", "comprehensiveIncomeNetOfTax": "None", "ebit": "-17614504", "ebitda": "-12118504", "netIncome": "-14652000"}, {"fiscalDateEnding": "2024-06-30", "reportedCurrency": "CNY", "grossProfit": "25692098", "totalRevenue": "51763927", "costOfRevenue": "26071829", "costofGoodsAndServicesSold": "26071829", "operatingIncome": "-20758263", "sellingGeneralAndAdministrative": "21235504", "researchAndDevelopment": "1153780", "operatingExpenses": "46450361", "investmentIncomeNet": "None", "netInterestIncome": "310074", "interestIncome": "310074", "interestExpense": "None", "nonInterestIncome": "None", "otherNonOperatingIncome": "None", "depreciation": "None", "depreciationAndAmortization": "5304", "incomeBeforeTax": "-20453493", "incomeTaxExpense": "-3699983", "interestAndDebtExpense": "None", "netIncomeFromContinuingOperations": "-16753510", "comprehensiveIncomeNetOfTax": "None", "ebit": "-20758263", "ebitda": "-20752959", "netIncome": "-16753488"}, {"fiscalDateEnding": "2024-03-31", "reportedCurrency": "CNY", "grossProfit": "21910467", "totalRevenue": "48125819", "costOfRevenue": "26215352", "costofGoodsAndServicesSold": "26215352", "operatingIncome": "-21665553", "sellingGeneralAndAdministrative": "20006938", "researchAndDevelopment": "1030262", "operatingExpenses": "43576020", "investmentIncomeNet": "None", "netInterestIncome": "333145", "interestIncome": "None", "interestExpense": "None", "nonInterestIncome": "None", "otherNonOperatingIncome": "None", "depreciation": "None", "depreciationAndAmortization": "564", "incomeBeforeTax": "-21332972", "incomeTaxExpense": "-3384168", "interestAndDebtExpense": "None", "netIncomeFromContinuingOperations": "-17948804", "comprehensiveIncomeNetOfTax": "None", "ebit": "-21665553", "ebitda": "-21664989", "netIncome": "-17948776"}, {"fiscalDateEnding": "2023-12-31", "reportedCurrency": "CNY", "grossProfit": "52365846", "totalRevenue": "83608695", "costOfRevenue": "31242849", "costofGoodsAndServicesSold": "31242849", "operatingIncome": "9111150", "sellingGeneralAndAdministrative": "41631545", "researchAndDevelopment": "1651359", "operatingExpenses": "74497545", "investmentIncomeNet": "None", "netInterestIncome": "270599", "interestIncome": "None", "interestExpense": "None", "nonInterestIncome": "None", "otherNonOperatingIncome": "None", "depreciation": "None", "depreciationAndAmortization": "None", "incomeBeforeTax": "9377253", "incomeTaxExpense": "None", "interestAndDebtExpense": "None", "netIncomeFromContinuingOperations": "8553926", "comprehensiveIncomeNetOfTax": "None", "ebit": "None", "ebitda": "None", "netIncome": "8555602"}, {"fiscalDateEnding": "2023-09-30", "reportedCurrency": "CNY", "grossProfit": "29224857", "totalRevenue": "59450108", "costOfRevenue": "30225251", "costofGoodsAndServicesSold": "30225251", "operatingIncome": "-7879014", "sellingGeneralAndAdministrative": "15603290", "researchAndDevelopment": "1204485", "operatingExpenses": "37103871", "investmentIncomeNet": "None", "netInterestIncome": "241534", "interestIncome": "241534", "interestExpense": "None", "nonInterestIncome": "None", "otherNonOperatingIncome": "None", "depreciation": "None", "depreciationAndAmortization": "5647667", "incomeBeforeTax": "-7637478", "incomeTaxExpense": "-335902", "interestAndDebtExpense": "None", "netIncomeFromContinuingOperations": "-7301576", "comprehensiveIncomeNetOfTax": "None", "ebit": "-7879014", "ebitda": "-2231347", "netIncome": "-7250862"}, {"fiscalDateEnding": "2023-06-30", "reportedCurrency": "CNY", "grossProfit": "14307448", "totalRevenue": "36241790", "costOfRevenue": "21934342", "costofGoodsAndServicesSold": "21934342", "operatingIncome": "-21381674", "sellingGeneralAndAdministrative": "15740080", "researchAndDevelopment": "817931", "operatingExpenses": "35689122", "investmentIncomeNet": "None", "netInterestIncome": "240246", "interestIncome": "240246", "interestExpense": "None", "nonInterestIncome": "None", "otherNonOperatingIncome": "None", "depreciation": "None", "depreciationAndAmortization": "5647667", "incomeBeforeTax": "-21141758", "incomeTaxExpense": "-3911579", "interestAndDebtExpense": "None", "netIncomeFromContinuingOperations": "-17230179", "comprehensiveIncomeNetOfTax": "None", "ebit": "-21381674", "ebitda": "-15734007", "netIncome": "-17212969"}, {"fiscalDateEnding": "2023-03-31", "reportedCurrency": "CNY", "grossProfit": "47607833", "totalRevenue": "78537296", "costOfRevenue": "30929463", "costofGoodsAndServicesSold": "30929463", "operatingIncome": "4896715", "sellingGeneralAndAdministrative": "20041141", "researchAndDevelopment": "2407234", "operatingExpenses": "42711118", "investmentIncomeNet": "None", "netInterestIncome": "226151", "interestIncome": "None", "interestExpense": "1088298", "nonInterestIncome": "None", "otherNonOperatingIncome": "None", "depreciation": "None", "depreciationAndAmortization": "5647667", "incomeBeforeTax": "5734223", "incomeTaxExpense": "3967852", "interestAndDebtExpense": "None", "netIncomeFromContinuingOperations": "-17732712", "comprehensiveIncomeNetOfTax": "None", "ebit": "4896715", "ebitda": "10544382", "netIncome": "2017161"}, {"fiscalDateEnding": "2022-12-31", "reportedCurrency": "CNY", "grossProfit": "18759058", "totalRevenue": "42318375", "costOfRevenue": "23559317", "costofGoodsAndServicesSold": "23559317", "operatingIncome": "-21346366", "sellingGeneralAndAdministrative": "20563305", "researchAndDevelopment": "956105", "operatingExpenses": "40105424", "investmentIncomeNet": "None", "netInterestIncome": "203113", "interestIncome": "None", "interestExpense": "1088298", "nonInterestIncome": "None", "otherNonOperatingIncome": "None", "depreciation": "None", "depreciationAndAmortization": "5647667", "incomeBeforeTax": "-21120267", "incomeTaxExpense": "-3387555", "interestAndDebtExpense": "None", "netIncomeFromContinuingOperations": "1766371", "comprehensiveIncomeNetOfTax": "None", "ebit": "-21346366", "ebitda": "-15698699", "netIncome": "-17732712"}, {"fiscalDateEnding": "2022-09-30", "reportedCurrency": "CNY", "grossProfit": "23501987", "totalRevenue": "52099904", "costOfRevenue": "28597917", "costofGoodsAndServicesSold": "28597917", "operatingIncome": "-16272515", "sellingGeneralAndAdministrative": "18409028", "researchAndDevelopment": "846423", "operatingExpenses": "39774502", "investmentIncomeNet": "None", "netInterestIncome": "181303", "interestIncome": "181303", "interestExpense": "181303", "nonInterestIncome": "None", "otherNonOperatingIncome": "None", "depreciation": "None", "depreciationAndAmortization": "5756369", "incomeBeforeTax": "-15421437", "incomeTaxExpense": "-3687619", "interestAndDebtExpense": "None", "netIncomeFromContinuingOperations": "-11733818", "comprehensiveIncomeNetOfTax": "None", "ebit": "-16272514", "ebitda": "-16272515", "netIncome": "-11986167"}, {"fiscalDateEnding": "2022-06-30", "reportedCurrency": "CNY", "grossProfit": "12123807", "totalRevenue": "34045045", "costOfRevenue": "21921238", "costofGoodsAndServicesSold": "21921238", "operatingIncome": "-26438838", "sellingGeneralAndAdministrative": "16887923", "researchAndDevelopment": "1854064", "operatingExpenses": "38562645", "investmentIncomeNet": "None", "netInterestIncome": "163305", "interestIncome": "163305", "interestExpense": "163305", "nonInterestIncome": "None", "otherNonOperatingIncome": "None", "depreciation": "None", "depreciationAndAmortization": "5756370", "incomeBeforeTax": "-26266831", "incomeTaxExpense": "-4071305", "interestAndDebtExpense": "None", "netIncomeFromContinuingOperations": "-22195526", "comprehensiveIncomeNetOfTax": "None", "ebit": "-26438838", "ebitda": "-26438838", "netIncome": "-22070027"}, {"fiscalDateEnding": "2022-03-31", "reportedCurrency": "CNY", "grossProfit": "19271391", "totalRevenue": "42138629", "costOfRevenue": "22867238", "costofGoodsAndServicesSold": "22867238", "operatingIncome": "-18771926", "sellingGeneralAndAdministrative": "21713488", "researchAndDevelopment": "1683070", "operatingExpenses": "38043317", "investmentIncomeNet": "None", "netInterestIncome": "209165", "interestIncome": "209165", "interestExpense": "243199", "nonInterestIncome": "None", "otherNonOperatingIncome": "None", "depreciation": "None", "depreciationAndAmortization": "5756370", "incomeBeforeTax": "-18561570", "incomeTaxExpense": "-2130312", "interestAndDebtExpense": "None", "netIncomeFromContinuingOperations": "-16431258", "comprehensiveIncomeNetOfTax": "None", "ebit": "2868664", "ebitda": "-18771926", "netIncome": "-15853876"}, {"fiscalDateEnding": "2021-12-31", "reportedCurrency": "CNY", "grossProfit": "45532627", "totalRevenue": "72561478", "costOfRevenue": "27028851", "costofGoodsAndServicesSold": "27028851", "operatingIncome": "2868664", "sellingGeneralAndAdministrative": "20066644", "researchAndDevelopment": "3064765", "operatingExpenses": "42663963", "investmentIncomeNet": "None", "netInterestIncome": "243199", "interestIncome": "None", "interestExpense": "243199", "nonInterestIncome": "None", "otherNonOperatingIncome": "None", "depreciation": "None", "depreciationAndAmortization": "1018760", "incomeBeforeTax": "3039949", "incomeTaxExpense": "6437421", "interestAndDebtExpense": "None", "netIncomeFromContinuingOperations": "-3397472", "comprehensiveIncomeNetOfTax": "None", "ebit": "1921818", "ebitda": "2940578", "netIncome": "-2549997"}, {"fiscalDateEnding": "2021-09-30", "reportedCurrency": "CNY", "grossProfit": "28437251", "totalRevenue": "55297492", "costOfRevenue": "26860241", "costofGoodsAndServicesSold": "26860241", "operatingIncome": "-22187137", "sellingGeneralAndAdministrative": "30499054", "researchAndDevelopment": "3490188", "operatingExpenses": "50624388", "investmentIncomeNet": "None", "netInterestIncome": "292710", "interestIncome": "292710", "interestExpense": "292710", "nonInterestIncome": "None", "otherNonOperatingIncome": "None", "depreciation": "None", "depreciationAndAmortization": "7478454", "incomeBeforeTax": "-27878773", "incomeTaxExpense": "-1569847", "interestAndDebtExpense": "None", "netIncomeFromContinuingOperations": "-26308926", "comprehensiveIncomeNetOfTax": "None", "ebit": "-23681245", "ebitda": "-22187137", "netIncome": "-26200973"}, {"fiscalDateEnding": "2021-06-30", "reportedCurrency": "CNY", "grossProfit": "15952132", "totalRevenue": "36760950", "costOfRevenue": "20808818", "costofGoodsAndServicesSold": "20808818", "operatingIncome": "-23846817", "sellingGeneralAndAdministrative": "20426090", "researchAndDevelopment": "2729866", "operatingExpenses": "39798949", "investmentIncomeNet": "None", "netInterestIncome": "294033", "interestIncome": "294033", "interestExpense": "294033", "nonInterestIncome": "None", "otherNonOperatingIncome": "None", "depreciation": "None", "depreciationAndAmortization": "7478455", "incomeBeforeTax": "9744964", "incomeTaxExpense": "-3687455", "interestAndDebtExpense": "None", "netIncomeFromContinuingOperations": "13432419", "comprehensiveIncomeNetOfTax": "None", "ebit": "-23846817", "ebitda": "-16368362", "netIncome": "14145134"}, {"fiscalDateEnding": "2021-03-31", "reportedCurrency": "CNY", "grossProfit": "14873540", "totalRevenue": "37589545", "costOfRevenue": "22716005", "costofGoodsAndServicesSold": "22716005", "operatingIncome": "-23224193", "sellingGeneralAndAdministrative": "22264258", "researchAndDevelopment": "2516726", "operatingExpenses": "38097733", "investmentIncomeNet": "None", "netInterestIncome": "280739", "interestIncome": "280739", "interestExpense": "287167", "nonInterestIncome": "None", "otherNonOperatingIncome": "None", "depreciation": "None", "depreciationAndAmortization": "7478454", "incomeBeforeTax": "-22855834", "incomeTaxExpense": "-2719696", "interestAndDebtExpense": "None", "netIncomeFromContinuingOperations": "-20136138", "comprehensiveIncomeNetOfTax": "None", "ebit": "-23224193", "ebitda": "-15745739", "netIncome": "-19043757"}, {"fiscalDateEnding": "2020-12-31", "reportedCurrency": "CNY", "grossProfit": "29510854", "totalRevenue": "60847715", "costOfRevenue": "31336861", "costofGoodsAndServicesSold": "31336861", "operatingIncome": "-25995958", "sellingGeneralAndAdministrative": "26255189", "researchAndDevelopment": "2457651", "operatingExpenses": "52386387", "investmentIncomeNet": "None", "netInterestIncome": "287167", "interestIncome": "None", "interestExpense": "287167", "nonInterestIncome": "None", "otherNonOperatingIncome": "None", "depreciation": "None", "depreciationAndAmortization": "-32481156", "incomeBeforeTax": "-26773196", "incomeTaxExpense": "463485", "interestAndDebtExpense": "None", "netIncomeFromContinuingOperations": "-27236681", "comprehensiveIncomeNetOfTax": "None", "ebit": "13790453", "ebitda": "-18690703", "netIncome": "-24809351"}, {"fiscalDateEnding": "2020-09-30", "reportedCurrency": "CNY", "grossProfit": "15780153", "totalRevenue": "42220208", "costOfRevenue": "26440055", "costofGoodsAndServicesSold": "26440055", "operatingIncome": "-16512581", "sellingGeneralAndAdministrative": "16023050", "researchAndDevelopment": "1968166", "operatingExpenses": "32292734", "investmentIncomeNet": "None", "netInterestIncome": "233578", "interestIncome": "None", "interestExpense": "233578", "nonInterestIncome": "None", "otherNonOperatingIncome": "None", "depreciation": "None", "depreciationAndAmortization": "4386265", "incomeBeforeTax": "-18576158", "incomeTaxExpense": "-2559069", "interestAndDebtExpense": "None", "netIncomeFromContinuingOperations": "18114157", "comprehensiveIncomeNetOfTax": "None", "ebit": "-16512581", "ebitda": "-12126316", "netIncome": "-14851627"}, {"fiscalDateEnding": "2020-06-30", "reportedCurrency": "CNY", "grossProfit": "6631659", "totalRevenue": "26396218", "costOfRevenue": "19764559", "costofGoodsAndServicesSold": "19764559", "operatingIncome": "-38503283", "sellingGeneralAndAdministrative": "33277466", "researchAndDevelopment": "2025581", "operatingExpenses": "45134942", "investmentIncomeNet": "None", "netInterestIncome": "263513", "interestIncome": "None", "interestExpense": "263513", "nonInterestIncome": "None", "otherNonOperatingIncome": "None", "depreciation": "None", "depreciationAndAmortization": "4386265", "incomeBeforeTax": "-39323701", "incomeTaxExpense": "-5386716", "interestAndDebtExpense": "None", "netIncomeFromContinuingOperations": "-33936985", "comprehensiveIncomeNetOfTax": "None", "ebit": "-38503283", "ebitda": "-34117018", "netIncome": "-32080595"}, {"fiscalDateEnding": "2020-03-31", "reportedCurrency": "CNY", "grossProfit": "11723853", "totalRevenue": "32703405", "costOfRevenue": "20979552", "costofGoodsAndServicesSold": "20979552", "operatingIncome": "-26466552", "sellingGeneralAndAdministrative": "24542143", "researchAndDevelopment": "2381089", "operatingExpenses": "38190405", "investmentIncomeNet": "None", "netInterestIncome": "387579", "interestIncome": "318450", "interestExpense": "677150", "nonInterestIncome": "None", "otherNonOperatingIncome": "None", "depreciation": "None", "depreciationAndAmortization": "4386265", "incomeBeforeTax": "-26180528", "incomeTaxExpense": "-2786536", "interestAndDebtExpense": "None", "netIncomeFromContinuingOperations": "-23393992", "comprehensiveIncomeNetOfTax": "None", "ebit": "-26466552", "ebitda": "-22080287", "netIncome": "-20456457"}, {"fiscalDateEnding": "2019-12-31", "reportedCurrency": "CNY", "grossProfit": "20898816", "totalRevenue": "54138667", "costOfRevenue": "33239851", "costofGoodsAndServicesSold": "33239851", "operatingIncome": "-29671212", "sellingGeneralAndAdministrative": "31066678", "researchAndDevelopment": "2462282", "operatingExpenses": "68000853", "investmentIncomeNet": "None", "netInterestIncome": "677150", "interestIncome": "749800", "interestExpense": "677150", "nonInterestIncome": "None", "otherNonOperatingIncome": "0", "depreciation": "None", "depreciationAndAmortization": "-18637190", "incomeBeforeTax": "-76179740", "incomeTaxExpense": "-3853209", "interestAndDebtExpense": "None", "netIncomeFromContinuingOperations": "-73190474", "comprehensiveIncomeNetOfTax": "None", "ebit": "1290251", "ebitda": "-17346939", "netIncome": "-70753689"}, {"fiscalDateEnding": "2019-09-30", "reportedCurrency": "CNY", "grossProfit": "14808792", "totalRevenue": "41305853", "costOfRevenue": "26497054", "costofGoodsAndServicesSold": "26497054", "operatingIncome": "-26677904", "sellingGeneralAndAdministrative": "23981216", "researchAndDevelopment": "2993183", "operatingExpenses": "41486704", "investmentIncomeNet": "None", "netInterestIncome": "504420", "interestIncome": "468490", "interestExpense": "504420", "nonInterestIncome": "None", "otherNonOperatingIncome": "0", "depreciation": "None", "depreciationAndAmortization": "3197083", "incomeBeforeTax": "-32118046", "incomeTaxExpense": "-3450093", "interestAndDebtExpense": "None", "netIncomeFromContinuingOperations": "-27447373", "comprehensiveIncomeNetOfTax": "None", "ebit": "-26148427", "ebitda": "-32118060", "netIncome": "-25641109"}, {"fiscalDateEnding": "2019-06-30", "reportedCurrency": "CNY", "grossProfit": "-24731", "totalRevenue": "1366185", "costOfRevenue": "1390916", "costofGoodsAndServicesSold": "1390916", "operatingIncome": "-20156120", "sellingGeneralAndAdministrative": "15186597", "researchAndDevelopment": "3352837", "operatingExpenses": "20131389", "investmentIncomeNet": "None", "netInterestIncome": "922952", "interestIncome": "941520", "interestExpense": "922952", "nonInterestIncome": "None", "otherNonOperatingIncome": "0", "depreciation": "None", "depreciationAndAmortization": "3197083", "incomeBeforeTax": "-19214604", "incomeTaxExpense": "-5946045", "interestAndDebtExpense": "None", "netIncomeFromContinuingOperations": "-19214604", "comprehensiveIncomeNetOfTax": "None", "ebit": "-20156120", "ebitda": "-16959037", "netIncome": "-13268559"}, {"fiscalDateEnding": "2019-03-31", "reportedCurrency": "CNY", "grossProfit": "408310", "totalRevenue": "1616408", "costOfRevenue": "1208098", "costofGoodsAndServicesSold": "1208098", "operatingIncome": "-15433412", "sellingGeneralAndAdministrative": "11702615", "researchAndDevelopment": "3008952", "operatingExpenses": "15841722", "investmentIncomeNet": "None", "netInterestIncome": "1177179", "interestIncome": "1173370", "interestExpense": "1177179", "nonInterestIncome": "None", "otherNonOperatingIncome": "0", "depreciation": "None", "depreciationAndAmortization": "3197083", "incomeBeforeTax": "-14260045", "incomeTaxExpense": "22797748", "interestAndDebtExpense": "None", "netIncomeFromContinuingOperations": "-14260045", "comprehensiveIncomeNetOfTax": "None", "ebit": "-15433412", "ebitda": "-12236329", "netIncome": "-12898845"}, {"fiscalDateEnding": "2018-12-31", "reportedCurrency": "CNY", "grossProfit": "-19845", "totalRevenue": "189151", "costOfRevenue": "208996", "costofGoodsAndServicesSold": "208996", "operatingIncome": "-20824589", "sellingGeneralAndAdministrative": "12763383", "researchAndDevelopment": "7121243", "operatingExpenses": "20804744", "investmentIncomeNet": "None", "netInterestIncome": "None", "interestIncome": "None", "interestExpense": "1322307", "nonInterestIncome": "None", "otherNonOperatingIncome": "0", "depreciation": "None", "depreciationAndAmortization": "19183316", "incomeBeforeTax": "-25921253", "incomeTaxExpense": "22797748", "interestAndDebtExpense": "None", "netIncomeFromContinuingOperations": "-21057.23", "comprehensiveIncomeNetOfTax": "None", "ebit": "-33588934", "ebitda": "-14405618", "netIncome": "-23844816"}, {"fiscalDateEnding": "2018-09-30", "reportedCurrency": "CNY", "grossProfit": "-361239", "totalRevenue": "1085095", "costOfRevenue": "1446334", "costofGoodsAndServicesSold": "1446334", "operatingIncome": "-11973546", "sellingGeneralAndAdministrative": "7002864", "researchAndDevelopment": "4165581", "operatingExpenses": "11612307", "investmentIncomeNet": "None", "netInterestIncome": "None", "interestIncome": "None", "interestExpense": "634102", "nonInterestIncome": "None", "otherNonOperatingIncome": "0", "depreciation": "None", "depreciationAndAmortization": "3059944", "incomeBeforeTax": "-10767425", "incomeTaxExpense": "-9291959", "interestAndDebtExpense": "None", "netIncomeFromContinuingOperations": "-31271.94", "comprehensiveIncomeNetOfTax": "None", "ebit": "-10910084", "ebitda": "-7850140", "netIncome": "1015446392"}, {"fiscalDateEnding": "2018-06-30", "reportedCurrency": "CNY", "grossProfit": "-1932694", "totalRevenue": "77076", "costOfRevenue": "2009770", "costofGoodsAndServicesSold": "2009770", "operatingIncome": "-21203561", "sellingGeneralAndAdministrative": "14222402", "researchAndDevelopment": "4618882", "operatingExpenses": "19270867", "investmentIncomeNet": "None", "netInterestIncome": "None", "interestIncome": "None", "interestExpense": "303644", "nonInterestIncome": "None", "otherNonOperatingIncome": "None", "depreciation": "None", "depreciationAndAmortization": "-74828043", "incomeBeforeTax": "-17697978", "incomeTaxExpense": "2545294", "interestAndDebtExpense": "None", "netIncomeFromContinuingOperations": "None", "comprehensiveIncomeNetOfTax": "None", "ebit": "50422543", "ebitda": "-24405500", "netIncome": "-98576898"}, {"fiscalDateEnding": "2018-03-31", "reportedCurrency": "CNY", "grossProfit": "-440074", "totalRevenue": "218499", "costOfRevenue": "658573", "costofGoodsAndServicesSold": "658573", "operatingIncome": "-15362810", "sellingGeneralAndAdministrative": "10668404", "researchAndDevelopment": "4234917", "operatingExpenses": "14922736", "investmentIncomeNet": "None", "netInterestIncome": "None", "interestIncome": "None", "interestExpense": "135858", "nonInterestIncome": "None", "otherNonOperatingIncome": "None", "depreciation": "None", "depreciationAndAmortization": "-26906766", "incomeBeforeTax": "-15247272", "incomeTaxExpense": "-4162914", "interestAndDebtExpense": "None", "netIncomeFromContinuingOperations": "None", "comprehensiveIncomeNetOfTax": "None", "ebit": "11543956", "ebitda": "-15362810", "netIncome": "-38106662"}, {"fiscalDateEnding": "2017-12-31", "reportedCurrency": "CNY", "grossProfit": "153850896", "totalRevenue": "316448051", "costOfRevenue": "162597155", "costofGoodsAndServicesSold": "162597155", "operatingIncome": "78662048", "sellingGeneralAndAdministrative": "33742208", "researchAndDevelopment": "14193606", "operatingExpenses": "62311091", "investmentIncomeNet": "None", "netInterestIncome": "None", "interestIncome": "None", "interestExpense": "135858", "nonInterestIncome": "None", "otherNonOperatingIncome": "None", "depreciation": "None", "depreciationAndAmortization": "1400295", "incomeBeforeTax": "79130055", "incomeTaxExpense": "26010370", "interestAndDebtExpense": "None", "netIncomeFromContinuingOperations": "None", "comprehensiveIncomeNetOfTax": "None", "ebit": "102147388", "ebitda": "103547683", "netIncome": "54051973"}, {"fiscalDateEnding": "2017-09-30", "reportedCurrency": "CNY", "grossProfit": "30814915", "totalRevenue": "69553680", "costOfRevenue": "38738765", "costofGoodsAndServicesSold": "38738765", "operatingIncome": "-16668323", "sellingGeneralAndAdministrative": "20132554", "researchAndDevelopment": "13087567", "operatingExpenses": "47483238", "investmentIncomeNet": "None", "netInterestIncome": "None", "interestIncome": "None", "interestExpense": "921450", "nonInterestIncome": "None", "otherNonOperatingIncome": "None", "depreciation": "None", "depreciationAndAmortization": "718239", "incomeBeforeTax": "-16512706", "incomeTaxExpense": "8782", "interestAndDebtExpense": "None", "netIncomeFromContinuingOperations": "None", "comprehensiveIncomeNetOfTax": "None", "ebit": "-17386562", "ebitda": "-16668323", "netIncome": "-15958866"}, {"fiscalDateEnding": "2017-06-30", "reportedCurrency": "CNY", "grossProfit": "46343535", "totalRevenue": "104057368", "costOfRevenue": "57713833", "costofGoodsAndServicesSold": "57713833", "operatingIncome": "-5363466", "sellingGeneralAndAdministrative": "27321919", "researchAndDevelopment": "10646753", "operatingExpenses": "51707000", "investmentIncomeNet": "None", "netInterestIncome": "None", "interestIncome": "None", "interestExpense": "1019361", "nonInterestIncome": "None", "otherNonOperatingIncome": "None", "depreciation": "None", "depreciationAndAmortization": "293000", "incomeBeforeTax": "-5372020", "incomeTaxExpense": "3389097", "interestAndDebtExpense": "None", "netIncomeFromContinuingOperations": "None", "comprehensiveIncomeNetOfTax": "None", "ebit": "-5656466", "ebitda": "-5363466", "netIncome": "-8459563"}, {"fiscalDateEnding": "2017-03-31", "reportedCurrency": "CNY", "grossProfit": "15982019", "totalRevenue": "36949290", "costOfRevenue": "20967271", "costofGoodsAndServicesSold": "20967271", "operatingIncome": "-23901502", "sellingGeneralAndAdministrative": "18501708", "researchAndDevelopment": "10110509", "operatingExpenses": "39883521", "investmentIncomeNet": "None", "netInterestIncome": "None", "interestIncome": "None", "interestExpense": "28630", "nonInterestIncome": "None", "otherNonOperatingIncome": "None", "depreciation": "None", "depreciationAndAmortization": "-12862622", "incomeBeforeTax": "-37312158", "incomeTaxExpense": "16601147", "interestAndDebtExpense": "None", "netIncomeFromContinuingOperations": "None", "comprehensiveIncomeNetOfTax": "None", "ebit": "-13829094", "ebitda": "-26691716", "netIncome": "-53693901"}, {"fiscalDateEnding": "2016-12-31", "reportedCurrency": "CNY", "grossProfit": "138923289", "totalRevenue": "273460551", "costOfRevenue": "134537262", "costofGoodsAndServicesSold": "134537262", "operatingIncome": "93804677", "sellingGeneralAndAdministrative": "18054222", "researchAndDevelopment": "13980905", "operatingExpenses": "45118612", "investmentIncomeNet": "None", "netInterestIncome": "None", "interestIncome": "None", "interestExpense": "28326", "nonInterestIncome": "None", "otherNonOperatingIncome": "None", "depreciation": "None", "depreciationAndAmortization": "-1351344", "incomeBeforeTax": "92391006", "incomeTaxExpense": "17012911", "interestAndDebtExpense": "None", "netIncomeFromContinuingOperations": "None", "comprehensiveIncomeNetOfTax": "None", "ebit": "92200251", "ebitda": "90848907", "netIncome": "75412096"}, {"fiscalDateEnding": "2016-09-30", "reportedCurrency": "CNY", "grossProfit": "29551136", "totalRevenue": "65131856", "costOfRevenue": "35580720", "costofGoodsAndServicesSold": "35580720", "operatingIncome": "-9317462", "sellingGeneralAndAdministrative": "16187709", "researchAndDevelopment": "10191341", "operatingExpenses": "38868598", "investmentIncomeNet": "None", "netInterestIncome": "None", "interestIncome": "None", "interestExpense": "18962", "nonInterestIncome": "None", "otherNonOperatingIncome": "None", "depreciation": "None", "depreciationAndAmortization": "-25148848", "incomeBeforeTax": "-34485272", "incomeTaxExpense": "1092287", "interestAndDebtExpense": "None", "netIncomeFromContinuingOperations": "None", "comprehensiveIncomeNetOfTax": "None", "ebit": "12601882", "ebitda": "-12546966", "netIncome": "-35577559"}, {"fiscalDateEnding": "2016-06-30", "reportedCurrency": "CNY", "grossProfit": "48076768", "totalRevenue": "96844019", "costOfRevenue": "48767251", "costofGoodsAndServicesSold": "48767251", "operatingIncome": "11221391", "sellingGeneralAndAdministrative": "16033817", "researchAndDevelopment": "9147630", "operatingExpenses": "36855377", "investmentIncomeNet": "None", "netInterestIncome": "None", "interestIncome": "None", "interestExpense": "973776", "nonInterestIncome": "None", "otherNonOperatingIncome": "None", "depreciation": "None", "depreciationAndAmortization": "-3187388", "incomeBeforeTax": "8034003", "incomeTaxExpense": "3890641", "interestAndDebtExpense": "None", "netIncomeFromContinuingOperations": "None", "comprehensiveIncomeNetOfTax": "None", "ebit": "14408779", "ebitda": "11221391", "netIncome": "4143362"}, {"fiscalDateEnding": "2016-03-31", "reportedCurrency": "CNY", "grossProfit": "20887475", "totalRevenue": "44737491", "costOfRevenue": "23850016", "costofGoodsAndServicesSold": "23850016", "operatingIncome": "-14788820", "sellingGeneralAndAdministrative": "15711086", "researchAndDevelopment": "9150192", "operatingExpenses": "35676295", "investmentIncomeNet": "None", "netInterestIncome": "None", "interestIncome": "None", "interestExpense": "1111713", "nonInterestIncome": "None", "otherNonOperatingIncome": "None", "depreciation": "None", "depreciationAndAmortization": "-2138554", "incomeBeforeTax": "-16927374", "incomeTaxExpense": "-1556133", "interestAndDebtExpense": "None", "netIncomeFromContinuingOperations": "None", "comprehensiveIncomeNetOfTax": "None", "ebit": "-12646514", "ebitda": "-14785068", "netIncome": "-15371241"}, {"fiscalDateEnding": "2015-12-31", "reportedCurrency": "CNY", "grossProfit": "109713467", "totalRevenue": "221437800", "costOfRevenue": "111724333", "costofGoodsAndServicesSold": "111724333", "operatingIncome": "69930607", "sellingGeneralAndAdministrative": "18019413", "researchAndDevelopment": "10202749", "operatingExpenses": "39782860", "investmentIncomeNet": "None", "netInterestIncome": "None", "interestIncome": "None", "interestExpense": "1025961", "nonInterestIncome": "None", "otherNonOperatingIncome": "None", "depreciation": "None", "depreciationAndAmortization": "-2074468", "incomeBeforeTax": "67856139", "incomeTaxExpense": "18503128", "interestAndDebtExpense": "None", "netIncomeFromContinuingOperations": "None", "comprehensiveIncomeNetOfTax": "None", "ebit": "72017125", "ebitda": "69942657", "netIncome": "49353011"}, {"fiscalDateEnding": "2015-09-30", "reportedCurrency": "CNY", "grossProfit": "24389992", "totalRevenue": "53436025", "costOfRevenue": "29046033", "costofGoodsAndServicesSold": "29046033", "operatingIncome": "-12204099", "sellingGeneralAndAdministrative": "17727025", "researchAndDevelopment": "9054795", "operatingExpenses": "36594091", "investmentIncomeNet": "None", "netInterestIncome": "None", "interestIncome": "None", "interestExpense": "541651", "nonInterestIncome": "None", "otherNonOperatingIncome": "None", "depreciation": "None", "depreciationAndAmortization": "-3251223", "incomeBeforeTax": "-15455322", "incomeTaxExpense": "-1386625", "interestAndDebtExpense": "None", "netIncomeFromContinuingOperations": "None", "comprehensiveIncomeNetOfTax": "None", "ebit": "-12204099", "ebitda": "-15455322", "netIncome": "-14068697"}, {"fiscalDateEnding": "2015-06-30", "reportedCurrency": "CNY", "grossProfit": "54131827", "totalRevenue": "97528653", "costOfRevenue": "43396826", "costofGoodsAndServicesSold": "43396826", "operatingIncome": "8796925", "sellingGeneralAndAdministrative": "26755797", "researchAndDevelopment": "8121409", "operatingExpenses": "45334902", "investmentIncomeNet": "None", "netInterestIncome": "None", "interestIncome": "None", "interestExpense": "893386", "nonInterestIncome": "None", "otherNonOperatingIncome": "None", "depreciation": "None", "depreciationAndAmortization": "702298", "incomeBeforeTax": "9499223", "incomeTaxExpense": "3361109", "interestAndDebtExpense": "None", "netIncomeFromContinuingOperations": "None", "comprehensiveIncomeNetOfTax": "None", "ebit": "8094627", "ebitda": "8796925", "netIncome": "6138114"}, {"fiscalDateEnding": "2015-03-31", "reportedCurrency": "CNY", "grossProfit": "19533819", "totalRevenue": "40314512", "costOfRevenue": "20780693", "costofGoodsAndServicesSold": "20780693", "operatingIncome": "-15779932", "sellingGeneralAndAdministrative": "21337041", "researchAndDevelopment": "7691524", "operatingExpenses": "35313751", "investmentIncomeNet": "None", "netInterestIncome": "None", "interestIncome": "None", "interestExpense": "1358612", "nonInterestIncome": "None", "otherNonOperatingIncome": "None", "depreciation": "None", "depreciationAndAmortization": "-1186824", "incomeBeforeTax": "-16656603", "incomeTaxExpense": "-1658122", "interestAndDebtExpense": "None", "netIncomeFromContinuingOperations": "None", "comprehensiveIncomeNetOfTax": "None", "ebit": "-12387007", "ebitda": "-13573831", "netIncome": "-14998481"}, {"fiscalDateEnding": "2014-12-31", "reportedCurrency": "CNY", "grossProfit": "64079697", "totalRevenue": "123047889", "costOfRevenue": "58968192", "costofGoodsAndServicesSold": "58968192", "operatingIncome": "30369554", "sellingGeneralAndAdministrative": "9410418", "researchAndDevelopment": "10327927", "operatingExpenses": "33710143", "investmentIncomeNet": "None", "netInterestIncome": "None", "interestIncome": "None", "interestExpense": "953792", "nonInterestIncome": "None", "otherNonOperatingIncome": "None", "depreciation": "None", "depreciationAndAmortization": "548610", "incomeBeforeTax": "30918164", "incomeTaxExpense": "6300374", "interestAndDebtExpense": "None", "netIncomeFromContinuingOperations": "None", "comprehensiveIncomeNetOfTax": "None", "ebit": "30226126", "ebitda": "30774736", "netIncome": "24617790"}, {"fiscalDateEnding": "2014-09-30", "reportedCurrency": "CNY", "grossProfit": "46497492", "totalRevenue": "102477948", "costOfRevenue": "55980456", "costofGoodsAndServicesSold": "55980456", "operatingIncome": "9307962", "sellingGeneralAndAdministrative": "16739679", "researchAndDevelopment": "9129927", "operatingExpenses": "37189530", "investmentIncomeNet": "None", "netInterestIncome": "None", "interestIncome": "None", "interestExpense": "503764", "nonInterestIncome": "None", "otherNonOperatingIncome": "None", "depreciation": "None", "depreciationAndAmortization": "852750", "incomeBeforeTax": "10160712", "incomeTaxExpense": "1329804", "interestAndDebtExpense": "None", "netIncomeFromContinuingOperations": "None", "comprehensiveIncomeNetOfTax": "None", "ebit": "8455212", "ebitda": "9307962", "netIncome": "8830908"}, {"fiscalDateEnding": "2014-06-30", "reportedCurrency": "CNY", "grossProfit": "47507556", "totalRevenue": "84317475", "costOfRevenue": "36809919", "costofGoodsAndServicesSold": "36809919", "operatingIncome": "7860727", "sellingGeneralAndAdministrative": "18428102", "researchAndDevelopment": "9686960", "operatingExpenses": "39646829", "investmentIncomeNet": "None", "netInterestIncome": "None", "interestIncome": "None", "interestExpense": "1320286", "nonInterestIncome": "None", "otherNonOperatingIncome": "None", "depreciation": "None", "depreciationAndAmortization": "347866", "incomeBeforeTax": "8208593", "incomeTaxExpense": "3603090", "interestAndDebtExpense": "None", "netIncomeFromContinuingOperations": "None", "comprehensiveIncomeNetOfTax": "None", "ebit": "7512861", "ebitda": "7860727", "netIncome": "4605503"}, {"fiscalDateEnding": "2014-03-31", "reportedCurrency": "CNY", "grossProfit": "33598871", "totalRevenue": "58659956", "costOfRevenue": "25061085", "costofGoodsAndServicesSold": "25061085", "operatingIncome": "-2345540", "sellingGeneralAndAdministrative": "15128132", "researchAndDevelopment": "8235283", "operatingExpenses": "35944411", "investmentIncomeNet": "None", "netInterestIncome": "None", "interestIncome": "None", "interestExpense": "2167854", "nonInterestIncome": "None", "otherNonOperatingIncome": "None", "depreciation": "None", "depreciationAndAmortization": "3306993", "incomeBeforeTax": "560443", "incomeTaxExpense": "13950550", "interestAndDebtExpense": "None", "netIncomeFromContinuingOperations": "None", "comprehensiveIncomeNetOfTax": "None", "ebit": "-1616260", "ebitda": "1690733", "netIncome": "-13390107"}, {"fiscalDateEnding": "2013-12-31", "reportedCurrency": "CNY", "grossProfit": "92545325", "totalRevenue": "188853120", "costOfRevenue": "96307795", "costofGoodsAndServicesSold": "96307795", "operatingIncome": "39264843", "sellingGeneralAndAdministrative": "19336091", "researchAndDevelopment": "7548829", "operatingExpenses": "40870015", "investmentIncomeNet": "None", "netInterestIncome": "None", "interestIncome": "None", "interestExpense": "1084311", "nonInterestIncome": "None", "otherNonOperatingIncome": "None", "depreciation": "None", "depreciationAndAmortization": "1152423", "incomeBeforeTax": "40417266", "incomeTaxExpense": "4839256", "interestAndDebtExpense": "None", "netIncomeFromContinuingOperations": "None", "comprehensiveIncomeNetOfTax": "None", "ebit": "62865242", "ebitda": "64017665", "netIncome": "35578010"}, {"fiscalDateEnding": "2013-09-30", "reportedCurrency": "CNY", "grossProfit": "21976308", "totalRevenue": "45089489", "costOfRevenue": "23113181", "costofGoodsAndServicesSold": "23113181", "operatingIncome": "-4669544", "sellingGeneralAndAdministrative": "11831685", "researchAndDevelopment": "5561924", "operatingExpenses": "26645852", "investmentIncomeNet": "None", "netInterestIncome": "None", "interestIncome": "None", "interestExpense": "763825", "nonInterestIncome": "None", "otherNonOperatingIncome": "None", "depreciation": "None", "depreciationAndAmortization": "855749", "incomeBeforeTax": "-3813795", "incomeTaxExpense": "506237", "interestAndDebtExpense": "None", "netIncomeFromContinuingOperations": "None", "comprehensiveIncomeNetOfTax": "None", "ebit": "-5525293", "ebitda": "-4669544", "netIncome": "-4320032"}, {"fiscalDateEnding": "2013-06-30", "reportedCurrency": "CNY", "grossProfit": "48067528", "totalRevenue": "92065813", "costOfRevenue": "43998285", "costofGoodsAndServicesSold": "43998285", "operatingIncome": "9128861", "sellingGeneralAndAdministrative": "21170466", "researchAndDevelopment": "6327262", "operatingExpenses": "38938667", "investmentIncomeNet": "None", "netInterestIncome": "None", "interestIncome": "None", "interestExpense": "754034", "nonInterestIncome": "None", "otherNonOperatingIncome": "None", "depreciation": "None", "depreciationAndAmortization": "879122", "incomeBeforeTax": "10007983", "incomeTaxExpense": "599420", "interestAndDebtExpense": "None", "netIncomeFromContinuingOperations": "None", "comprehensiveIncomeNetOfTax": "None", "ebit": "8249739", "ebitda": "9128861", "netIncome": "9408563"}, {"fiscalDateEnding": "2013-03-31", "reportedCurrency": "CNY", "grossProfit": "29791059", "totalRevenue": "52227993", "costOfRevenue": "22436934", "costofGoodsAndServicesSold": "22436934", "operatingIncome": "-7423615", "sellingGeneralAndAdministrative": "23498509", "researchAndDevelopment": "5608320", "operatingExpenses": "37214674", "investmentIncomeNet": "None", "netInterestIncome": "None", "interestIncome": "None", "interestExpense": "734966", "nonInterestIncome": "None", "otherNonOperatingIncome": "None", "depreciation": "None", "depreciationAndAmortization": "772223", "incomeBeforeTax": "-6651392", "incomeTaxExpense": "-529293", "interestAndDebtExpense": "None", "netIncomeFromContinuingOperations": "None", "comprehensiveIncomeNetOfTax": "None", "ebit": "-41454", "ebitda": "730769", "netIncome": "-6122099"}, {"fiscalDateEnding": "2012-12-31", "reportedCurrency": "CNY", "grossProfit": "79738007", "totalRevenue": "179432290", "costOfRevenue": "99694283", "costofGoodsAndServicesSold": "99694283", "operatingIncome": "39639727", "sellingGeneralAndAdministrative": "20921582", "researchAndDevelopment": "5746192", "operatingExpenses": "40098280", "investmentIncomeNet": "None", "netInterestIncome": "None", "interestIncome": "None", "interestExpense": "743505", "nonInterestIncome": "None", "otherNonOperatingIncome": "None", "depreciation": "None", "depreciationAndAmortization": "900902", "incomeBeforeTax": "40540629", "incomeTaxExpense": "7387355", "interestAndDebtExpense": "None", "netIncomeFromContinuingOperations": "None", "comprehensiveIncomeNetOfTax": "None", "ebit": "38581428", "ebitda": "39482330", "netIncome": "33153274"}, {"fiscalDateEnding": "2012-09-30", "reportedCurrency": "CNY", "grossProfit": "21571152", "totalRevenue": "46753784", "costOfRevenue": "25182632", "costofGoodsAndServicesSold": "25182632", "operatingIncome": "-11021364", "sellingGeneralAndAdministrative": "14137759", "researchAndDevelopment": "4406188", "operatingExpenses": "32592516", "investmentIncomeNet": "None", "netInterestIncome": "None", "interestIncome": "None", "interestExpense": "945814", "nonInterestIncome": "None", "otherNonOperatingIncome": "None", "depreciation": "None", "depreciationAndAmortization": "1297168", "incomeBeforeTax": "-9724196", "incomeTaxExpense": "-636736", "interestAndDebtExpense": "None", "netIncomeFromContinuingOperations": "None", "comprehensiveIncomeNetOfTax": "None", "ebit": "-12318532", "ebitda": "-11021364", "netIncome": "-9087460"}, {"fiscalDateEnding": "2012-06-30", "reportedCurrency": "CNY", "grossProfit": "46743404", "totalRevenue": "88261428", "costOfRevenue": "41518024", "costofGoodsAndServicesSold": "41518024", "operatingIncome": "5818680", "sellingGeneralAndAdministrative": "21031569", "researchAndDevelopment": "6085605", "operatingExpenses": "40924724", "investmentIncomeNet": "None", "netInterestIncome": "None", "interestIncome": "None", "interestExpense": "698019", "nonInterestIncome": "None", "otherNonOperatingIncome": "None", "depreciation": "None", "depreciationAndAmortization": "229251", "incomeBeforeTax": "6047931", "incomeTaxExpense": "783656", "interestAndDebtExpense": "None", "netIncomeFromContinuingOperations": "None", "comprehensiveIncomeNetOfTax": "None", "ebit": "5589429", "ebitda": "5818680", "netIncome": "5264275"}, {"fiscalDateEnding": "2012-03-31", "reportedCurrency": "CNY", "grossProfit": "32812998", "totalRevenue": "60471472", "costOfRevenue": "27658474", "costofGoodsAndServicesSold": "27658474", "operatingIncome": "4134923", "sellingGeneralAndAdministrative": "11329270", "researchAndDevelopment": "3569069", "operatingExpenses": "28678075", "investmentIncomeNet": "None", "netInterestIncome": "None", "interestIncome": "None", "interestExpense": "478122", "nonInterestIncome": "None", "otherNonOperatingIncome": "None", "depreciation": "None", "depreciationAndAmortization": "11662838", "incomeBeforeTax": "4565403", "incomeTaxExpense": "1269673", "interestAndDebtExpense": "None", "netIncomeFromContinuingOperations": "None", "comprehensiveIncomeNetOfTax": "None", "ebit": "-7527915", "ebitda": "4134923", "netIncome": "3295730"}, {"fiscalDateEnding": "2011-12-31", "reportedCurrency": "CNY", "grossProfit": "75413258", "totalRevenue": "143604339", "costOfRevenue": "68191081", "costofGoodsAndServicesSold": "68191081", "operatingIncome": "44027207", "sellingGeneralAndAdministrative": "14780333", "researchAndDevelopment": "4286517", "operatingExpenses": "31386051", "investmentIncomeNet": "None", "netInterestIncome": "None", "interestIncome": "None", "interestExpense": "481075", "nonInterestIncome": "None", "otherNonOperatingIncome": "None", "depreciation": "None", "depreciationAndAmortization": "1357712", "incomeBeforeTax": "45384919", "incomeTaxExpense": "7326622", "interestAndDebtExpense": "None", "netIncomeFromContinuingOperations": "None", "comprehensiveIncomeNetOfTax": "None", "ebit": "42669495", "ebitda": "44027207", "netIncome": "38058297"}, {"fiscalDateEnding": "2011-09-30", "reportedCurrency": "CNY", "grossProfit": "40052786", "totalRevenue": "70394054", "costOfRevenue": "30341268", "costofGoodsAndServicesSold": "30341268", "operatingIncome": "2166823", "sellingGeneralAndAdministrative": "19208267", "researchAndDevelopment": "5662745", "operatingExpenses": "37885963", "investmentIncomeNet": "None", "netInterestIncome": "None", "interestIncome": "None", "interestExpense": "442266", "nonInterestIncome": "None", "otherNonOperatingIncome": "None", "depreciation": "None", "depreciationAndAmortization": "1409973", "incomeBeforeTax": "3576796", "incomeTaxExpense": "2134083", "interestAndDebtExpense": "None", "netIncomeFromContinuingOperations": "None", "comprehensiveIncomeNetOfTax": "None", "ebit": "756850", "ebitda": "2166823", "netIncome": "1442713"}, {"fiscalDateEnding": "2011-06-30", "reportedCurrency": "CNY", "grossProfit": "44988477", "totalRevenue": "77615695", "costOfRevenue": "32627218", "costofGoodsAndServicesSold": "32627218", "operatingIncome": "14157036", "sellingGeneralAndAdministrative": "16365218", "researchAndDevelopment": "4883835", "operatingExpenses": "30831441", "investmentIncomeNet": "None", "netInterestIncome": "None", "interestIncome": "None", "interestExpense": "659557", "nonInterestIncome": "None", "otherNonOperatingIncome": "None", "depreciation": "None", "depreciationAndAmortization": "2496398", "incomeBeforeTax": "16653434", "incomeTaxExpense": "3608704", "interestAndDebtExpense": "None", "netIncomeFromContinuingOperations": "None", "comprehensiveIncomeNetOfTax": "None", "ebit": "11660638", "ebitda": "14157036", "netIncome": "13044730"}, {"fiscalDateEnding": "2011-03-31", "reportedCurrency": "CNY", "grossProfit": "22377574", "totalRevenue": "49737179", "costOfRevenue": "27359605", "costofGoodsAndServicesSold": "27359605", "operatingIncome": "-8074197", "sellingGeneralAndAdministrative": "12978786", "researchAndDevelopment": "4373117", "operatingExpenses": "30451771", "investmentIncomeNet": "None", "netInterestIncome": "None", "interestIncome": "None", "interestExpense": "366931", "nonInterestIncome": "None", "otherNonOperatingIncome": "None", "depreciation": "None", "depreciationAndAmortization": "1453877", "incomeBeforeTax": "-6620320", "incomeTaxExpense": "-1029741", "interestAndDebtExpense": "None", "netIncomeFromContinuingOperations": "None", "comprehensiveIncomeNetOfTax": "None", "ebit": "-9528074", "ebitda": "-8074197", "netIncome": "-5590579"}, {"fiscalDateEnding": "2010-12-31", "reportedCurrency": "CNY", "grossProfit": "73265952", "totalRevenue": "135878881", "costOfRevenue": "62612929", "costofGoodsAndServicesSold": "62612929", "operatingIncome": "34675511", "sellingGeneralAndAdministrative": "13241762", "researchAndDevelopment": "6607314", "operatingExpenses": "38590441", "investmentIncomeNet": "None", "netInterestIncome": "None", "interestIncome": "None", "interestExpense": "302242", "nonInterestIncome": "None", "otherNonOperatingIncome": "None", "depreciation": "None", "depreciationAndAmortization": "365181", "incomeBeforeTax": "35040692", "incomeTaxExpense": "3847306", "interestAndDebtExpense": "None", "netIncomeFromContinuingOperations": "None", "comprehensiveIncomeNetOfTax": "None", "ebit": "34247391", "ebitda": "34612572", "netIncome": "31193386"}, {"fiscalDateEnding": "2010-09-30", "reportedCurrency": "CNY", "grossProfit": "15205503", "totalRevenue": "33255061", "costOfRevenue": "18049558", "costofGoodsAndServicesSold": "18049558", "operatingIncome": "-16889518", "sellingGeneralAndAdministrative": "14155127", "researchAndDevelopment": "5638138", "operatingExpenses": "32095021", "investmentIncomeNet": "None", "netInterestIncome": "None", "interestIncome": "None", "interestExpense": "176383", "nonInterestIncome": "None", "otherNonOperatingIncome": "None", "depreciation": "None", "depreciationAndAmortization": "178042", "incomeBeforeTax": "-16711476", "incomeTaxExpense": "-1912481", "interestAndDebtExpense": "None", "netIncomeFromContinuingOperations": "None", "comprehensiveIncomeNetOfTax": "None", "ebit": "-17067560", "ebitda": "-16889518", "netIncome": "-14798995"}, {"fiscalDateEnding": "2010-06-30", "reportedCurrency": "CNY", "grossProfit": "43838610", "totalRevenue": "85032690", "costOfRevenue": "41194080", "costofGoodsAndServicesSold": "41194080", "operatingIncome": "11180416", "sellingGeneralAndAdministrative": "14045766", "researchAndDevelopment": "6137771", "operatingExpenses": "32658194", "investmentIncomeNet": "None", "netInterestIncome": "None", "interestIncome": "None", "interestExpense": "190051", "nonInterestIncome": "None", "otherNonOperatingIncome": "None", "depreciation": "None", "depreciationAndAmortization": "176991", "incomeBeforeTax": "11357407", "incomeTaxExpense": "2407203", "interestAndDebtExpense": "None", "netIncomeFromContinuingOperations": "None", "comprehensiveIncomeNetOfTax": "None", "ebit": "11003425", "ebitda": "11180416", "netIncome": "8950204"}, {"fiscalDateEnding": "2010-03-31", "reportedCurrency": "CNY", "grossProfit": "17260307", "totalRevenue": "47220732", "costOfRevenue": "29960425", "costofGoodsAndServicesSold": "29960425", "operatingIncome": "-38039229", "sellingGeneralAndAdministrative": "12595683", "researchAndDevelopment": "6082845", "operatingExpenses": "55299536", "investmentIncomeNet": "None", "netInterestIncome": "None", "interestIncome": "None", "interestExpense": "203048", "nonInterestIncome": "None", "otherNonOperatingIncome": "None", "depreciation": "None", "depreciationAndAmortization": "203944", "incomeBeforeTax": "-37835285", "incomeTaxExpense": "285642", "interestAndDebtExpense": "None", "netIncomeFromContinuingOperations": "None", "comprehensiveIncomeNetOfTax": "None", "ebit": "-38244069", "ebitda": "-38040125", "netIncome": "-38120927"}, {"fiscalDateEnding": "2009-12-31", "reportedCurrency": "CNY", "grossProfit": "37930329", "totalRevenue": "76425881", "costOfRevenue": "38495552", "costofGoodsAndServicesSold": "38495552", "operatingIncome": "9694947", "sellingGeneralAndAdministrative": "13081097", "researchAndDevelopment": "5337596", "operatingExpenses": "28235382", "investmentIncomeNet": "None", "netInterestIncome": "None", "interestIncome": "None", "interestExpense": "195083", "nonInterestIncome": "None", "otherNonOperatingIncome": "None", "depreciation": "None", "depreciationAndAmortization": "196535", "incomeBeforeTax": "9891482", "incomeTaxExpense": "3448995", "interestAndDebtExpense": "None", "netIncomeFromContinuingOperations": "None", "comprehensiveIncomeNetOfTax": "None", "ebit": "9498412", "ebitda": "9694947", "netIncome": "6442487"}, {"fiscalDateEnding": "2009-09-30", "reportedCurrency": "CNY", "grossProfit": "15701496", "totalRevenue": "41582006", "costOfRevenue": "25880510", "costofGoodsAndServicesSold": "25880510", "operatingIncome": "-17220687", "sellingGeneralAndAdministrative": "16236304", "researchAndDevelopment": "5519310", "operatingExpenses": "32922183", "investmentIncomeNet": "None", "netInterestIncome": "None", "interestIncome": "None", "interestExpense": "153148", "nonInterestIncome": "None", "otherNonOperatingIncome": "None", "depreciation": "None", "depreciationAndAmortization": "36656", "incomeBeforeTax": "-17184031", "incomeTaxExpense": "-822231", "interestAndDebtExpense": "None", "netIncomeFromContinuingOperations": "None", "comprehensiveIncomeNetOfTax": "None", "ebit": "-17257343", "ebitda": "-17220687", "netIncome": "-16361800"}, {"fiscalDateEnding": "2009-06-30", "reportedCurrency": "CNY", "grossProfit": "15701496", "totalRevenue": "41582006", "costOfRevenue": "25880510", "costofGoodsAndServicesSold": "25880510", "operatingIncome": "-17220687", "sellingGeneralAndAdministrative": "16236304", "researchAndDevelopment": "5519310", "operatingExpenses": "32922183", "investmentIncomeNet": "None", "netInterestIncome": "None", "interestIncome": "None", "interestExpense": "153148", "nonInterestIncome": "None", "otherNonOperatingIncome": "None", "depreciation": "None", "depreciationAndAmortization": "36656", "incomeBeforeTax": "-17184031", "incomeTaxExpense": "-822231", "interestAndDebtExpense": "None", "netIncomeFromContinuingOperations": "None", "comprehensiveIncomeNetOfTax": "None", "ebit": "-17257343", "ebitda": "-17220687", "netIncome": "-16361800"}, {"fiscalDateEnding": "2009-03-31", "reportedCurrency": "CNY", "grossProfit": "12744946", "totalRevenue": "29676892", "costOfRevenue": "16931946", "costofGoodsAndServicesSold": "16931946", "operatingIncome": "-12987983", "sellingGeneralAndAdministrative": "17277172", "researchAndDevelopment": "4217381", "operatingExpenses": "25732929", "investmentIncomeNet": "None", "netInterestIncome": "None", "interestIncome": "None", "interestExpense": "50346", "nonInterestIncome": "None", "otherNonOperatingIncome": "None", "depreciation": "None", "depreciationAndAmortization": "46474", "incomeBeforeTax": "-12941509", "incomeTaxExpense": "-1061874", "interestAndDebtExpense": "None", "netIncomeFromContinuingOperations": "None", "comprehensiveIncomeNetOfTax": "None", "ebit": "-13030585", "ebitda": "-12984111", "netIncome": "-11879635"}, {"fiscalDateEnding": "2008-12-31", "reportedCurrency": "CNY", "grossProfit": "38648777", "totalRevenue": "67840049", "costOfRevenue": "29191272", "costofGoodsAndServicesSold": "29191272", "operatingIncome": "12897306", "sellingGeneralAndAdministrative": "13979559", "researchAndDevelopment": "3958021", "operatingExpenses": "25751471", "investmentIncomeNet": "None", "netInterestIncome": "None", "interestIncome": "None", "interestExpense": "92626", "nonInterestIncome": "None", "otherNonOperatingIncome": "None", "depreciation": "None", "depreciationAndAmortization": "17294", "incomeBeforeTax": "12914600", "incomeTaxExpense": "-982410", "interestAndDebtExpense": "None", "netIncomeFromContinuingOperations": "None", "comprehensiveIncomeNetOfTax": "None", "ebit": "12880012", "ebitda": "12897306", "netIncome": "13897010"}, {"fiscalDateEnding": "2008-09-30", "reportedCurrency": "CNY", "grossProfit": "34659074", "totalRevenue": "52124170", "costOfRevenue": "17465096", "costofGoodsAndServicesSold": "17465096", "operatingIncome": "8849051", "sellingGeneralAndAdministrative": "13911591", "researchAndDevelopment": "4817572", "operatingExpenses": "25810022", "investmentIncomeNet": "None", "netInterestIncome": "None", "interestIncome": "None", "interestExpense": "2214953.34", "nonInterestIncome": "None", "otherNonOperatingIncome": "None", "depreciation": "None", "depreciationAndAmortization": "2214953", "incomeBeforeTax": "11064004", "incomeTaxExpense": "2649830", "interestAndDebtExpense": "None", "netIncomeFromContinuingOperations": "None", "comprehensiveIncomeNetOfTax": "None", "ebit": "6561486", "ebitda": "8776439", "netIncome": "8345133"}, {"fiscalDateEnding": "2008-06-30", "reportedCurrency": "CNY", "grossProfit": "39146994", "totalRevenue": "68294772", "costOfRevenue": "29147778", "costofGoodsAndServicesSold": "29147778", "operatingIncome": "17692126", "sellingGeneralAndAdministrative": "12218300", "researchAndDevelopment": "3285388", "operatingExpenses": "21454867", "investmentIncomeNet": "None", "netInterestIncome": "None", "interestIncome": "None", "interestExpense": "546139.56", "nonInterestIncome": "None", "otherNonOperatingIncome": "None", "depreciation": "None", "depreciationAndAmortization": "799685", "incomeBeforeTax": "18491812", "incomeTaxExpense": "6050878", "interestAndDebtExpense": "None", "netIncomeFromContinuingOperations": "None", "comprehensiveIncomeNetOfTax": "None", "ebit": "16902075", "ebitda": "17701760", "netIncome": "12447707"}, {"fiscalDateEnding": "2008-03-31", "reportedCurrency": "CNY", "grossProfit": "17040424.07", "totalRevenue": "31008179.50", "costOfRevenue": "13967755.43", "costofGoodsAndServicesSold": "13967755.43", "operatingIncome": "-6600159.09", "sellingGeneralAndAdministrative": "5708263", "researchAndDevelopment": "3401301.08", "operatingExpenses": "23640583.16", "investmentIncomeNet": "None", "netInterestIncome": "None", "interestIncome": "None", "interestExpense": "546139.56", "nonInterestIncome": "None", "otherNonOperatingIncome": "None", "depreciation": "None", "depreciationAndAmortization": "546139.56", "incomeBeforeTax": "-6054019.52", "incomeTaxExpense": "-524830.96", "interestAndDebtExpense": "None", "netIncomeFromContinuingOperations": "None", "comprehensiveIncomeNetOfTax": "None", "ebit": "-7618218.38", "ebitda": "-7072078.82", "netIncome": "-5529188.56"}, {"fiscalDateEnding": "2007-12-31", "reportedCurrency": "CNY", "grossProfit": "45738721", "totalRevenue": "66775276", "costOfRevenue": "21036555", "costofGoodsAndServicesSold": "21036555", "operatingIncome": "21515301", "sellingGeneralAndAdministrative": "19893712.52", "researchAndDevelopment": "4329706", "operatingExpenses": "24223418", "investmentIncomeNet": "None", "netInterestIncome": "None", "interestIncome": "None", "interestExpense": "293211", "nonInterestIncome": "None", "otherNonOperatingIncome": "None", "depreciation": "None", "depreciationAndAmortization": "-293211.30", "incomeBeforeTax": "21222090", "incomeTaxExpense": "3835663", "interestAndDebtExpense": "None", "netIncomeFromContinuingOperations": "None", "comprehensiveIncomeNetOfTax": "None", "ebit": "21808512.30", "ebitda": "21515301", "netIncome": "17386426"}, {"fiscalDateEnding": "2007-09-30", "reportedCurrency": "CNY", "grossProfit": "21744862", "totalRevenue": "38140495", "costOfRevenue": "16395633", "costofGoodsAndServicesSold": "16395633", "operatingIncome": "4369778", "sellingGeneralAndAdministrative": "14730779.39", "researchAndDevelopment": "2644311", "operatingExpenses": "17375083", "investmentIncomeNet": "None", "netInterestIncome": "None", "interestIncome": "None", "interestExpense": "1955526.50", "nonInterestIncome": "None", "otherNonOperatingIncome": "None", "depreciation": "None", "depreciationAndAmortization": "1955526", "incomeBeforeTax": "6325304", "incomeTaxExpense": "2058401", "interestAndDebtExpense": "None", "netIncomeFromContinuingOperations": "None", "comprehensiveIncomeNetOfTax": "None", "ebit": "2414252", "ebitda": "4369778", "netIncome": "4266903"}, {"fiscalDateEnding": "2007-06-30", "reportedCurrency": "CNY", "grossProfit": "38687467", "totalRevenue": "38687467", "costOfRevenue": "None", "costofGoodsAndServicesSold": "None", "operatingIncome": "38687467", "sellingGeneralAndAdministrative": "None", "researchAndDevelopment": "None", "operatingExpenses": "None", "investmentIncomeNet": "None", "netInterestIncome": "None", "interestIncome": "None", "interestExpense": "38687467", "nonInterestIncome": "None", "otherNonOperatingIncome": "None", "depreciation": "None", "depreciationAndAmortization": "-34359372.51", "incomeBeforeTax": "4328094", "incomeTaxExpense": "-4328094.68", "interestAndDebtExpense": "None", "netIncomeFromContinuingOperations": "None", "comprehensiveIncomeNetOfTax": "None", "ebit": "73046839.51", "ebitda": "38687467", "netIncome": "4328094"}, {"fiscalDateEnding": "2007-03-31", "reportedCurrency": "CNY", "grossProfit": "26646410", "totalRevenue": "26646410", "costOfRevenue": "None", "costofGoodsAndServicesSold": "None", "operatingIncome": "-77830410.92", "sellingGeneralAndAdministrative": "None", "researchAndDevelopment": "None", "operatingExpenses": "-104476821", "investmentIncomeNet": "None", "netInterestIncome": "None", "interestIncome": "None", "interestExpense": "77830410.92", "nonInterestIncome": "None", "otherNonOperatingIncome": "None", "depreciation": "None", "depreciationAndAmortization": "75234730", "incomeBeforeTax": "-2595680.67", "incomeTaxExpense": "2595680", "interestAndDebtExpense": "None", "netIncomeFromContinuingOperations": "None", "comprehensiveIncomeNetOfTax": "None", "ebit": "-152052206.92", "ebitda": "-76817476.92", "netIncome": "-2595680.67"}, {"fiscalDateEnding": "2006-12-31", "reportedCurrency": "CNY", "grossProfit": "26205814", "totalRevenue": "26205814", "costOfRevenue": "None", "costofGoodsAndServicesSold": "None", "operatingIncome": "26205814", "sellingGeneralAndAdministrative": "None", "researchAndDevelopment": "None", "operatingExpenses": "None", "investmentIncomeNet": "None", "netInterestIncome": "None", "interestIncome": "None", "interestExpense": "26205814", "nonInterestIncome": "None", "otherNonOperatingIncome": "None", "depreciation": "None", "depreciationAndAmortization": "-28667555.54", "incomeBeforeTax": "-2461740.93", "incomeTaxExpense": "2461740", "interestAndDebtExpense": "None", "netIncomeFromContinuingOperations": "None", "comprehensiveIncomeNetOfTax": "None", "ebit": "54873369.54", "ebitda": "26205814", "netIncome": "-2461740.93"}, {"fiscalDateEnding": "2006-09-30", "reportedCurrency": "CNY", "grossProfit": "16219293", "totalRevenue": "16219293", "costOfRevenue": "None", "costofGoodsAndServicesSold": "None", "operatingIncome": "16219293", "sellingGeneralAndAdministrative": "None", "researchAndDevelopment": "None", "operatingExpenses": "0", "investmentIncomeNet": "None", "netInterestIncome": "None", "interestIncome": "None", "interestExpense": "16219293", "nonInterestIncome": "None", "otherNonOperatingIncome": "None", "depreciation": "None", "depreciationAndAmortization": "-22160589.84", "incomeBeforeTax": "-5941296.74", "incomeTaxExpense": "5941296", "interestAndDebtExpense": "None", "netIncomeFromContinuingOperations": "None", "comprehensiveIncomeNetOfTax": "None", "ebit": "38379882.84", "ebitda": "16219293", "netIncome": "-5941296.74"}, {"fiscalDateEnding": "2006-06-30", "reportedCurrency": "CNY", "grossProfit": "16187968", "totalRevenue": "16187968", "costOfRevenue": "None", "costofGoodsAndServicesSold": "None", "operatingIncome": "16187968", "sellingGeneralAndAdministrative": "None", "researchAndDevelopment": "None", "operatingExpenses": "None", "investmentIncomeNet": "None", "netInterestIncome": "None", "interestIncome": "None", "interestExpense": "16187968", "nonInterestIncome": "None", "otherNonOperatingIncome": "None", "depreciation": "None", "depreciationAndAmortization": "-22117793.03", "incomeBeforeTax": "-5929824.91", "incomeTaxExpense": "5929824", "interestAndDebtExpense": "None", "netIncomeFromContinuingOperations": "None", "comprehensiveIncomeNetOfTax": "None", "ebit": "38305761.03", "ebitda": "16187968", "netIncome": "-5929824.91"}, {"fiscalDateEnding": "2005-03-31", "reportedCurrency": "CNY", "grossProfit": "6931000", "totalRevenue": "6931000", "costOfRevenue": "None", "costofGoodsAndServicesSold": "None", "operatingIncome": "-9739000", "sellingGeneralAndAdministrative": "None", "researchAndDevelopment": "None", "operatingExpenses": "20197000", "investmentIncomeNet": "None", "netInterestIncome": "None", "interestIncome": "None", "interestExpense": "1143000", "nonInterestIncome": "None", "otherNonOperatingIncome": "None", "depreciation": "None", "depreciationAndAmortization": "10882000", "incomeBeforeTax": "None", "incomeTaxExpense": "-2199000", "interestAndDebtExpense": "None", "netIncomeFromContinuingOperations": "None", "comprehensiveIncomeNetOfTax": "None", "ebit": "-9739000", "ebitda": "1143000", "netIncome": "-7540000"}]}