{"symbol": "TMUS", "annualReports": [{"fiscalDateEnding": "2025-12-31", "reportedCurrency": "USD", "grossProfit": "55535000000", "totalRevenue": "88309000000", "costOfRevenue": "32774000000", "costofGoodsAndServicesSold": "32774000000", "operatingIncome": "18279000000", "sellingGeneralAndAdministrative": "23470000000", "researchAndDevelopment": "None", "operatingExpenses": "70030000000", "investmentIncomeNet": "None", "netInterestIncome": "-3774000000", "interestIncome": "None", "interestExpense": "-3774000000", "nonInterestIncome": "None", "otherNonOperatingIncome": "None", "depreciation": "None", "depreciationAndAmortization": "13508000000", "incomeBeforeTax": "14281000000", "incomeTaxExpense": "-3289000000", "interestAndDebtExpense": "None", "netIncomeFromContinuingOperations": "10992000000", "comprehensiveIncomeNetOfTax": "None", "ebit": "3929000000", "ebitda": "17437000000", "netIncome": "10992000000"}, {"fiscalDateEnding": "2024-12-31", "reportedCurrency": "USD", "grossProfit": "51747000000", "totalRevenue": "81400000000", "costOfRevenue": "29653000000", "costofGoodsAndServicesSold": "29653000000", "operatingIncome": "18010000000", "sellingGeneralAndAdministrative": "17747000000", "researchAndDevelopment": "None", "operatingExpenses": "33737000000", "investmentIncomeNet": "None", "netInterestIncome": "-3411000000", "interestIncome": "None", "interestExpense": "3411000000", "nonInterestIncome": "None", "otherNonOperatingIncome": "None", "depreciation": "None", "depreciationAndAmortization": "12919000000", "incomeBeforeTax": "14712000000", "incomeTaxExpense": "3373000000", "interestAndDebtExpense": "None", "netIncomeFromContinuingOperations": "11339000000", "comprehensiveIncomeNetOfTax": "None", "ebit": "18123000000", "ebitda": "31042000000", "netIncome": "11339000000"}, {"fiscalDateEnding": "2023-12-31", "reportedCurrency": "USD", "grossProfit": "48370000000", "totalRevenue": "78558000000", "costOfRevenue": "30188000000", "costofGoodsAndServicesSold": "30188000000", "operatingIncome": "14266000000", "sellingGeneralAndAdministrative": "18076000000", "researchAndDevelopment": "None", "operatingExpenses": "34104000000", "investmentIncomeNet": "None", "netInterestIncome": "-3308000000", "interestIncome": "None", "interestExpense": "3335000000", "nonInterestIncome": "None", "otherNonOperatingIncome": "None", "depreciation": "None", "depreciationAndAmortization": "12818000000", "incomeBeforeTax": "10999000000", "incomeTaxExpense": "2682000000", "interestAndDebtExpense": "None", "netIncomeFromContinuingOperations": "7780000000", "comprehensiveIncomeNetOfTax": "None", "ebit": "14334000000", "ebitda": "27152000000", "netIncome": "8317000000"}, {"fiscalDateEnding": "2022-12-31", "reportedCurrency": "USD", "grossProfit": "43365000000", "totalRevenue": "79571000000", "costOfRevenue": "36206000000", "costofGoodsAndServicesSold": "36206000000", "operatingIncome": "6543000000", "sellingGeneralAndAdministrative": "19307000000", "researchAndDevelopment": "None", "operatingExpenses": "36822000000", "investmentIncomeNet": "None", "netInterestIncome": "-3364000000", "interestIncome": "None", "interestExpense": "3364000000", "nonInterestIncome": "None", "otherNonOperatingIncome": "-33000000", "depreciation": "None", "depreciationAndAmortization": "13651000000", "incomeBeforeTax": "3146000000", "incomeTaxExpense": "556000000", "interestAndDebtExpense": "None", "netIncomeFromContinuingOperations": "2590000000", "comprehensiveIncomeNetOfTax": "None", "ebit": "6510000000", "ebitda": "20161000000", "netIncome": "2590000000"}, {"fiscalDateEnding": "2021-12-31", "reportedCurrency": "USD", "grossProfit": "43513000000", "totalRevenue": "80118000000", "costOfRevenue": "36605000000", "costofGoodsAndServicesSold": "36605000000", "operatingIncome": "6892000000", "sellingGeneralAndAdministrative": "18038000000", "researchAndDevelopment": "None", "operatingExpenses": "36621000000", "investmentIncomeNet": "None", "netInterestIncome": "-3342000000", "interestIncome": "20000000", "interestExpense": "3342000000", "nonInterestIncome": "None", "otherNonOperatingIncome": "-179000000", "depreciation": "None", "depreciationAndAmortization": "16383000000", "incomeBeforeTax": "3351000000", "incomeTaxExpense": "327000000", "interestAndDebtExpense": "None", "netIncomeFromContinuingOperations": "3024000000", "comprehensiveIncomeNetOfTax": "None", "ebit": "6693000000", "ebitda": "23076000000", "netIncome": "3024000000"}, {"fiscalDateEnding": "2020-12-31", "reportedCurrency": "USD", "grossProfit": "40131000000", "totalRevenue": "68397000000", "costOfRevenue": "28266000000", "costofGoodsAndServicesSold": "28266000000", "operatingIncome": "6636000000", "sellingGeneralAndAdministrative": "17126000000", "researchAndDevelopment": "200000000", "operatingExpenses": "33495000000", "investmentIncomeNet": "None", "netInterestIncome": "-2701000000", "interestIncome": "29000000", "interestExpense": "2701000000", "nonInterestIncome": "None", "otherNonOperatingIncome": "-376000000", "depreciation": "None", "depreciationAndAmortization": "14151000000", "incomeBeforeTax": "3530000000", "incomeTaxExpense": "786000000", "interestAndDebtExpense": "None", "netIncomeFromContinuingOperations": "2744000000", "comprehensiveIncomeNetOfTax": "None", "ebit": "6231000000", "ebitda": "20382000000", "netIncome": "3064000000"}, {"fiscalDateEnding": "2019-12-31", "reportedCurrency": "USD", "grossProfit": "26477000000", "totalRevenue": "44998000000", "costOfRevenue": "18521000000", "costofGoodsAndServicesSold": "18521000000", "operatingIncome": "5722000000", "sellingGeneralAndAdministrative": "12539000000", "researchAndDevelopment": "None", "operatingExpenses": "20755000000", "investmentIncomeNet": "None", "netInterestIncome": "-1111000000", "interestIncome": "24000000", "interestExpense": "1135000000", "nonInterestIncome": "None", "otherNonOperatingIncome": "16000000", "depreciation": "None", "depreciationAndAmortization": "6616000000", "incomeBeforeTax": "4603000000", "incomeTaxExpense": "1135000000", "interestAndDebtExpense": "None", "netIncomeFromContinuingOperations": "5738000000", "comprehensiveIncomeNetOfTax": "None", "ebit": "5738000000", "ebitda": "12354000000", "netIncome": "3468000000"}, {"fiscalDateEnding": "2018-12-31", "reportedCurrency": "USD", "grossProfit": "24956000000", "totalRevenue": "43310000000", "costOfRevenue": "18354000000", "costofGoodsAndServicesSold": "18354000000", "operatingIncome": "5309000000", "sellingGeneralAndAdministrative": "13161000000", "researchAndDevelopment": "0", "operatingExpenses": "19647000000", "investmentIncomeNet": "None", "netInterestIncome": "-1338000000", "interestIncome": "19000000", "interestExpense": "1357000000", "nonInterestIncome": "None", "otherNonOperatingIncome": "-35000000", "depreciation": "None", "depreciationAndAmortization": "6486000000", "incomeBeforeTax": "3917000000", "incomeTaxExpense": "1029000000", "interestAndDebtExpense": "None", "netIncomeFromContinuingOperations": "4946000000", "comprehensiveIncomeNetOfTax": "None", "ebit": "5274000000", "ebitda": "11760000000", "netIncome": "2888000000"}, {"fiscalDateEnding": "2017-12-31", "reportedCurrency": "USD", "grossProfit": "22896000000", "totalRevenue": "40604000000", "costOfRevenue": "17708000000", "costofGoodsAndServicesSold": "17708000000", "operatingIncome": "4888000000", "sellingGeneralAndAdministrative": "12259000000", "researchAndDevelopment": "0", "operatingExpenses": "18008000000", "investmentIncomeNet": "None", "netInterestIncome": "-1654000000", "interestIncome": "17000000", "interestExpense": "1671000000", "nonInterestIncome": "None", "otherNonOperatingIncome": "-56000000", "depreciation": "None", "depreciationAndAmortization": "5984000000", "incomeBeforeTax": "3161000000", "incomeTaxExpense": "-1375000000", "interestAndDebtExpense": "None", "netIncomeFromContinuingOperations": "1786000000", "comprehensiveIncomeNetOfTax": "None", "ebit": "4832000000", "ebitda": "10816000000", "netIncome": "4536000000"}, {"fiscalDateEnding": "2016-12-31", "reportedCurrency": "USD", "grossProfit": "20940000000", "totalRevenue": "37490000000", "costOfRevenue": "16550000000", "costofGoodsAndServicesSold": "16550000000", "operatingIncome": "4050000000", "sellingGeneralAndAdministrative": "11378000000", "researchAndDevelopment": "0", "operatingExpenses": "16890000000", "investmentIncomeNet": "None", "netInterestIncome": "-1469000000", "interestIncome": "261000000", "interestExpense": "1730000000", "nonInterestIncome": "None", "otherNonOperatingIncome": "255000000", "depreciation": "None", "depreciationAndAmortization": "6243000000", "incomeBeforeTax": "2327000000", "incomeTaxExpense": "867000000", "interestAndDebtExpense": "None", "netIncomeFromContinuingOperations": "1460000000", "comprehensiveIncomeNetOfTax": "None", "ebit": "4057000000", "ebitda": "10300000000", "netIncome": "1460000000"}, {"fiscalDateEnding": "2015-12-31", "reportedCurrency": "USD", "grossProfit": "17569000000", "totalRevenue": "32467000000", "costOfRevenue": "14898000000", "costofGoodsAndServicesSold": "14898000000", "operatingIncome": "2479000000", "sellingGeneralAndAdministrative": "10189000000", "researchAndDevelopment": "0", "operatingExpenses": "15090000000", "investmentIncomeNet": "None", "netInterestIncome": "None", "interestIncome": "1076000000", "interestExpense": "1496000000", "nonInterestIncome": "None", "otherNonOperatingIncome": "409000000", "depreciation": "None", "depreciationAndAmortization": "4688000000", "incomeBeforeTax": "978000000", "incomeTaxExpense": "245000000", "interestAndDebtExpense": "None", "netIncomeFromContinuingOperations": "1223000000", "comprehensiveIncomeNetOfTax": "None", "ebit": "2474000000", "ebitda": "7162000000", "netIncome": "733000000"}, {"fiscalDateEnding": "2014-12-31", "reportedCurrency": "USD", "grossProfit": "14155000000", "totalRevenue": "29564000000", "costOfRevenue": "15409000000", "costofGoodsAndServicesSold": "15409000000", "operatingIncome": "1416000000", "sellingGeneralAndAdministrative": "8863000000", "researchAndDevelopment": "0", "operatingExpenses": "12739000000", "investmentIncomeNet": "None", "netInterestIncome": "None", "interestIncome": "None", "interestExpense": "1351000000", "nonInterestIncome": "None", "otherNonOperatingIncome": "348000000", "depreciation": "None", "depreciationAndAmortization": "4412000000", "incomeBeforeTax": "413000000", "incomeTaxExpense": "166000000", "interestAndDebtExpense": "None", "netIncomeFromContinuingOperations": "579000000", "comprehensiveIncomeNetOfTax": "None", "ebit": "1764000000", "ebitda": "6176000000", "netIncome": "247000000"}, {"fiscalDateEnding": "2013-12-31", "reportedCurrency": "USD", "grossProfit": "12165000000", "totalRevenue": "24420000000", "costOfRevenue": "12255000000", "costofGoodsAndServicesSold": "12255000000", "operatingIncome": "996000000", "sellingGeneralAndAdministrative": "7382000000", "researchAndDevelopment": "0", "operatingExpenses": "11169000000", "investmentIncomeNet": "None", "netInterestIncome": "None", "interestIncome": "None", "interestExpense": "1223000000", "nonInterestIncome": "None", "otherNonOperatingIncome": "278000000", "depreciation": "None", "depreciationAndAmortization": "3627000000", "incomeBeforeTax": "51000000", "incomeTaxExpense": "16000000", "interestAndDebtExpense": "None", "netIncomeFromContinuingOperations": "67000000", "comprehensiveIncomeNetOfTax": "None", "ebit": "1274000000", "ebitda": "4901000000", "netIncome": "35000000"}, {"fiscalDateEnding": "2012-12-31", "reportedCurrency": "USD", "grossProfit": "11621000000", "totalRevenue": "19719000000", "costOfRevenue": "8098000000", "costofGoodsAndServicesSold": "8098000000", "operatingIncome": "823969000", "sellingGeneralAndAdministrative": "6796000000", "researchAndDevelopment": "0", "operatingExpenses": "18018000000", "investmentIncomeNet": "None", "netInterestIncome": "None", "interestIncome": "None", "interestExpense": "661000000", "nonInterestIncome": "None", "otherNonOperatingIncome": "58983000", "depreciation": "None", "depreciationAndAmortization": "641425000", "incomeBeforeTax": "607458000", "incomeTaxExpense": "213286000", "interestAndDebtExpense": "None", "netIncomeFromContinuingOperations": "394172000", "comprehensiveIncomeNetOfTax": "None", "ebit": "-3779425000", "ebitda": "-3138000000", "netIncome": "394172000"}, {"fiscalDateEnding": "2011-12-31", "reportedCurrency": "USD", "grossProfit": "12020000000", "totalRevenue": "20618000000", "costOfRevenue": "8598000000", "costofGoodsAndServicesSold": "8598000000", "operatingIncome": "747538000", "sellingGeneralAndAdministrative": "6728000000", "researchAndDevelopment": "0", "operatingExpenses": "16299000000", "investmentIncomeNet": "None", "netInterestIncome": "None", "interestIncome": "None", "interestExpense": "670000000", "nonInterestIncome": "None", "otherNonOperatingIncome": "None", "depreciation": "None", "depreciationAndAmortization": "544059000", "incomeBeforeTax": "479656000", "incomeTaxExpense": "178346000", "interestAndDebtExpense": "None", "netIncomeFromContinuingOperations": "0", "comprehensiveIncomeNetOfTax": "None", "ebit": "-1826059000", "ebitda": "-1282000000", "netIncome": "301310000"}, {"fiscalDateEnding": "2010-12-31", "reportedCurrency": "USD", "grossProfit": "1751478000", "totalRevenue": "4069353000", "costOfRevenue": "2317875000", "costofGoodsAndServicesSold": "2317875000", "operatingIncome": "718898000", "sellingGeneralAndAdministrative": "621660000", "researchAndDevelopment": "0", "operatingExpenses": "1032580000", "investmentIncomeNet": "None", "netInterestIncome": "None", "interestIncome": "None", "interestExpense": "263125000", "nonInterestIncome": "None", "otherNonOperatingIncome": "-143479000", "depreciation": "None", "depreciationAndAmortization": "1223931000", "incomeBeforeTax": "312294000", "incomeTaxExpense": "118879000", "interestAndDebtExpense": "None", "netIncomeFromContinuingOperations": "193415000", "comprehensiveIncomeNetOfTax": "None", "ebit": "-198780000", "ebitda": "1025151000", "netIncome": "193415000"}, {"fiscalDateEnding": "2009-12-31", "reportedCurrency": "USD", "grossProfit": "1476191000", "totalRevenue": "3480515000", "costOfRevenue": "2004324000", "costofGoodsAndServicesSold": "2004324000", "operatingIncome": "535288000", "sellingGeneralAndAdministrative": "567730000", "researchAndDevelopment": "None", "operatingExpenses": "940903000", "investmentIncomeNet": "None", "netInterestIncome": "None", "interestIncome": "None", "interestExpense": "270285000", "nonInterestIncome": "None", "otherNonOperatingIncome": "None", "depreciation": "None", "depreciationAndAmortization": "377856000", "incomeBeforeTax": "263679000", "incomeTaxExpense": "86835000", "interestAndDebtExpense": "None", "netIncomeFromContinuingOperations": "None", "comprehensiveIncomeNetOfTax": "None", "ebit": "533964000", "ebitda": "911820000", "netIncome": "176844000"}, {"fiscalDateEnding": "2008-12-31", "reportedCurrency": "USD", "grossProfit": "1189573000", "totalRevenue": "2751516000", "costOfRevenue": "1561943000", "costofGoodsAndServicesSold": "1561943000", "operatingIncome": "467767000", "sellingGeneralAndAdministrative": "447582000", "researchAndDevelopment": "None", "operatingExpenses": "721806000", "investmentIncomeNet": "None", "netInterestIncome": "None", "interestIncome": "None", "interestExpense": "179398000", "nonInterestIncome": "None", "otherNonOperatingIncome": "None", "depreciation": "None", "depreciationAndAmortization": "255319000", "incomeBeforeTax": "279424000", "incomeTaxExpense": "129986000", "interestAndDebtExpense": "None", "netIncomeFromContinuingOperations": "None", "comprehensiveIncomeNetOfTax": "None", "ebit": "458822000", "ebitda": "714141000", "netIncome": "149438000"}, {"fiscalDateEnding": "2007-12-31", "reportedCurrency": "USD", "grossProfit": "990991000", "totalRevenue": "2235734000", "costOfRevenue": "1244743000", "costofGoodsAndServicesSold": "1244743000", "operatingIncome": "460114000", "sellingGeneralAndAdministrative": "352020000", "researchAndDevelopment": "None", "operatingExpenses": "530877000", "investmentIncomeNet": "None", "netInterestIncome": "None", "interestIncome": "None", "interestExpense": "201746000", "nonInterestIncome": "None", "otherNonOperatingIncome": "None", "depreciation": "None", "depreciationAndAmortization": "178202000", "incomeBeforeTax": "223501000", "incomeTaxExpense": "123098000", "interestAndDebtExpense": "None", "netIncomeFromContinuingOperations": "None", "comprehensiveIncomeNetOfTax": "None", "ebit": "460114000", "ebitda": "638316000", "netIncome": "100403000"}, {"fiscalDateEnding": "2006-12-31", "reportedCurrency": "USD", "grossProfit": "624705000", "totalRevenue": "1546863000", "costOfRevenue": "922158000", "costofGoodsAndServicesSold": "922158000", "operatingIncome": "237253000", "sellingGeneralAndAdministrative": "243618000", "researchAndDevelopment": "None", "operatingExpenses": "387452000", "investmentIncomeNet": "None", "netInterestIncome": "None", "interestIncome": "None", "interestExpense": "0", "nonInterestIncome": "None", "otherNonOperatingIncome": "None", "depreciation": "None", "depreciationAndAmortization": "135028000", "incomeBeforeTax": "90523000", "incomeTaxExpense": "36717000", "interestAndDebtExpense": "None", "netIncomeFromContinuingOperations": "None", "comprehensiveIncomeNetOfTax": "None", "ebit": "237253000", "ebitda": "372281000", "netIncome": "53806000"}], "quarterlyReports": [{"fiscalDateEnding": "2025-12-31", "reportedCurrency": "USD", "grossProfit": "14062000000", "totalRevenue": "24334000000", "costOfRevenue": "10272000000", "costofGoodsAndServicesSold": "10272000000", "operatingIncome": "3404000000", "sellingGeneralAndAdministrative": "6570000000", "researchAndDevelopment": "None", "operatingExpenses": "20598000000", "investmentIncomeNet": "None", "netInterestIncome": "-1012000000", "interestIncome": "None", "interestExpense": "-1012000000", "nonInterestIncome": "None", "otherNonOperatingIncome": "None", "depreciation": "None", "depreciationAndAmortization": "3756000000", "incomeBeforeTax": "2635000000", "incomeTaxExpense": "-532000000", "interestAndDebtExpense": "None", "netIncomeFromContinuingOperations": "2103000000", "comprehensiveIncomeNetOfTax": "None", "ebit": "559000000", "ebitda": "4315000000", "netIncome": "2103000000"}, {"fiscalDateEnding": "2025-09-30", "reportedCurrency": "USD", "grossProfit": "10823000000", "totalRevenue": "21957000000", "costOfRevenue": "11134000000", "costofGoodsAndServicesSold": "11134000000", "operatingIncome": "4862000000", "sellingGeneralAndAdministrative": "6015000000", "researchAndDevelopment": "None", "operatingExpenses": "5961000000", "investmentIncomeNet": "None", "netInterestIncome": "-924000000", "interestIncome": "None", "interestExpense": "860000000", "nonInterestIncome": "None", "otherNonOperatingIncome": "None", "depreciation": "None", "depreciationAndAmortization": "3408000000", "incomeBeforeTax": "3528000000", "incomeTaxExpense": "814000000", "interestAndDebtExpense": "None", "netIncomeFromContinuingOperations": "2714000000", "comprehensiveIncomeNetOfTax": "None", "ebit": "4388000000", "ebitda": "7796000000", "netIncome": "2714000000"}, {"fiscalDateEnding": "2025-06-30", "reportedCurrency": "USD", "grossProfit": "13756000000", "totalRevenue": "21132000000", "costOfRevenue": "7376000000", "costofGoodsAndServicesSold": "7376000000", "operatingIncome": "5213000000", "sellingGeneralAndAdministrative": "4533000000", "researchAndDevelopment": "None", "operatingExpenses": "8543000000", "investmentIncomeNet": "None", "netInterestIncome": "-922000000", "interestIncome": "None", "interestExpense": "922000000", "nonInterestIncome": "None", "otherNonOperatingIncome": "None", "depreciation": "None", "depreciationAndAmortization": "3146000000", "incomeBeforeTax": "4280000000", "incomeTaxExpense": "1058000000", "interestAndDebtExpense": "None", "netIncomeFromContinuingOperations": "3222000000", "comprehensiveIncomeNetOfTax": "None", "ebit": "5202000000", "ebitda": "8348000000", "netIncome": "3222000000"}, {"fiscalDateEnding": "2025-03-31", "reportedCurrency": "USD", "grossProfit": "13486000000", "totalRevenue": "20886000000", "costOfRevenue": "7400000000", "costofGoodsAndServicesSold": "7400000000", "operatingIncome": "4800000000", "sellingGeneralAndAdministrative": "5488000000", "researchAndDevelopment": "None", "operatingExpenses": "8686000000", "investmentIncomeNet": "None", "netInterestIncome": "-916000000", "interestIncome": "None", "interestExpense": "916000000", "nonInterestIncome": "None", "otherNonOperatingIncome": "None", "depreciation": "None", "depreciationAndAmortization": "3198000000", "incomeBeforeTax": "3838000000", "incomeTaxExpense": "885000000", "interestAndDebtExpense": "None", "netIncomeFromContinuingOperations": "2953000000", "comprehensiveIncomeNetOfTax": "None", "ebit": "4754000000", "ebitda": "7952000000", "netIncome": "2953000000"}, {"fiscalDateEnding": "2024-12-31", "reportedCurrency": "USD", "grossProfit": "13087000000", "totalRevenue": "21872000000", "costOfRevenue": "8785000000", "costofGoodsAndServicesSold": "8785000000", "operatingIncome": "4586000000", "sellingGeneralAndAdministrative": "5352000000", "researchAndDevelopment": "None", "operatingExpenses": "8501000000", "investmentIncomeNet": "None", "netInterestIncome": "-841000000", "interestIncome": "None", "interestExpense": "841000000", "nonInterestIncome": "None", "otherNonOperatingIncome": "None", "depreciation": "None", "depreciationAndAmortization": "3149000000", "incomeBeforeTax": "3839000000", "incomeTaxExpense": "858000000", "interestAndDebtExpense": "None", "netIncomeFromContinuingOperations": "2981000000", "comprehensiveIncomeNetOfTax": "None", "ebit": "4680000000", "ebitda": "7829000000", "netIncome": "2981000000"}, {"fiscalDateEnding": "2024-09-30", "reportedCurrency": "USD", "grossProfit": "13133000000", "totalRevenue": "20162000000", "costOfRevenue": "7029000000", "costofGoodsAndServicesSold": "7029000000", "operatingIncome": "4796000000", "sellingGeneralAndAdministrative": "5186000000", "researchAndDevelopment": "None", "operatingExpenses": "8337000000", "investmentIncomeNet": "None", "netInterestIncome": "-836000000", "interestIncome": "None", "interestExpense": "836000000", "nonInterestIncome": "None", "otherNonOperatingIncome": "None", "depreciation": "None", "depreciationAndAmortization": "3151000000", "incomeBeforeTax": "3967000000", "incomeTaxExpense": "908000000", "interestAndDebtExpense": "None", "netIncomeFromContinuingOperations": "3059000000", "comprehensiveIncomeNetOfTax": "None", "ebit": "4803000000", "ebitda": "7954000000", "netIncome": "3059000000"}, {"fiscalDateEnding": "2024-06-30", "reportedCurrency": "USD", "grossProfit": "13020000000", "totalRevenue": "19772000000", "costOfRevenue": "6752000000", "costofGoodsAndServicesSold": "6752000000", "operatingIncome": "4630000000", "sellingGeneralAndAdministrative": "5142000000", "researchAndDevelopment": "None", "operatingExpenses": "8390000000", "investmentIncomeNet": "None", "netInterestIncome": "-854000000", "interestIncome": "None", "interestExpense": "854000000", "nonInterestIncome": "None", "otherNonOperatingIncome": "None", "depreciation": "None", "depreciationAndAmortization": "3248000000", "incomeBeforeTax": "3768000000", "incomeTaxExpense": "843000000", "interestAndDebtExpense": "None", "netIncomeFromContinuingOperations": "2925000000", "comprehensiveIncomeNetOfTax": "None", "ebit": "4622000000", "ebitda": "7870000000", "netIncome": "2925000000"}, {"fiscalDateEnding": "2024-03-31", "reportedCurrency": "USD", "grossProfit": "12507000000", "totalRevenue": "19594000000", "costOfRevenue": "7087000000", "costofGoodsAndServicesSold": "7087000000", "operatingIncome": "3998000000", "sellingGeneralAndAdministrative": "5138000000", "researchAndDevelopment": "None", "operatingExpenses": "8509000000", "investmentIncomeNet": "None", "netInterestIncome": "-880000000", "interestIncome": "None", "interestExpense": "880000000", "nonInterestIncome": "None", "otherNonOperatingIncome": "None", "depreciation": "None", "depreciationAndAmortization": "3371000000", "incomeBeforeTax": "3138000000", "incomeTaxExpense": "764000000", "interestAndDebtExpense": "None", "netIncomeFromContinuingOperations": "2374000000", "comprehensiveIncomeNetOfTax": "None", "ebit": "4018000000", "ebitda": "7389000000", "netIncome": "2374000000"}, {"fiscalDateEnding": "2023-12-31", "reportedCurrency": "USD", "grossProfit": "12078000000", "totalRevenue": "20478000000", "costOfRevenue": "8400000000", "costofGoodsAndServicesSold": "8400000000", "operatingIncome": "3480000000", "sellingGeneralAndAdministrative": "2780000000", "researchAndDevelopment": "None", "operatingExpenses": "8598000000", "investmentIncomeNet": "None", "netInterestIncome": "-849000000", "interestIncome": "None", "interestExpense": "849000000", "nonInterestIncome": "None", "otherNonOperatingIncome": "None", "depreciation": "None", "depreciationAndAmortization": "3318000000", "incomeBeforeTax": "2643000000", "incomeTaxExpense": "629000000", "interestAndDebtExpense": "None", "netIncomeFromContinuingOperations": "2014000000", "comprehensiveIncomeNetOfTax": "None", "ebit": "3492000000", "ebitda": "6810000000", "netIncome": "2014000000"}, {"fiscalDateEnding": "2023-09-30", "reportedCurrency": "USD", "grossProfit": "12117000000", "totalRevenue": "19252000000", "costOfRevenue": "7135000000", "costofGoodsAndServicesSold": "7135000000", "operatingIncome": "3596000000", "sellingGeneralAndAdministrative": "5334000000", "researchAndDevelopment": "None", "operatingExpenses": "8521000000", "investmentIncomeNet": "None", "netInterestIncome": "-790000000", "interestIncome": "None", "interestExpense": "790000000", "nonInterestIncome": "None", "otherNonOperatingIncome": "None", "depreciation": "None", "depreciationAndAmortization": "3187000000", "incomeBeforeTax": "2847000000", "incomeTaxExpense": "705000000", "interestAndDebtExpense": "None", "netIncomeFromContinuingOperations": "2142000000", "comprehensiveIncomeNetOfTax": "None", "ebit": "3637000000", "ebitda": "6824000000", "netIncome": "2142000000"}, {"fiscalDateEnding": "2023-06-30", "reportedCurrency": "USD", "grossProfit": "12192000000", "totalRevenue": "19196000000", "costOfRevenue": "7004000000", "costofGoodsAndServicesSold": "7004000000", "operatingIncome": "3793000000", "sellingGeneralAndAdministrative": "5289000000", "researchAndDevelopment": "None", "operatingExpenses": "8399000000", "investmentIncomeNet": "None", "netInterestIncome": "-861000000", "interestIncome": "None", "interestExpense": "861000000", "nonInterestIncome": "None", "otherNonOperatingIncome": "6000000", "depreciation": "None", "depreciationAndAmortization": "3110000000", "incomeBeforeTax": "2938000000", "incomeTaxExpense": "717000000", "interestAndDebtExpense": "None", "netIncomeFromContinuingOperations": "2221000000", "comprehensiveIncomeNetOfTax": "None", "ebit": "3799000000", "ebitda": "6909000000", "netIncome": "2221000000"}, {"fiscalDateEnding": "2023-03-31", "reportedCurrency": "USD", "grossProfit": "11983000000", "totalRevenue": "19632000000", "costOfRevenue": "7649000000", "costofGoodsAndServicesSold": "7649000000", "operatingIncome": "3397000000", "sellingGeneralAndAdministrative": "5383000000", "researchAndDevelopment": "None", "operatingExpenses": "8586000000", "investmentIncomeNet": "None", "netInterestIncome": "-835000000", "interestIncome": "None", "interestExpense": "835000000", "nonInterestIncome": "None", "otherNonOperatingIncome": "9000000", "depreciation": "None", "depreciationAndAmortization": "3203000000", "incomeBeforeTax": "2571000000", "incomeTaxExpense": "631000000", "interestAndDebtExpense": "None", "netIncomeFromContinuingOperations": "1940000000", "comprehensiveIncomeNetOfTax": "None", "ebit": "3406000000", "ebitda": "6609000000", "netIncome": "1940000000"}, {"fiscalDateEnding": "2022-12-31", "reportedCurrency": "USD", "grossProfit": "33142000000", "totalRevenue": "20273000000", "costOfRevenue": "12869000000", "costofGoodsAndServicesSold": "12869000000", "operatingIncome": "2747000000", "sellingGeneralAndAdministrative": "5577000000", "researchAndDevelopment": "None", "operatingExpenses": "17526000000", "investmentIncomeNet": "None", "netInterestIncome": "-822000000", "interestIncome": "None", "interestExpense": "822000000", "nonInterestIncome": "None", "otherNonOperatingIncome": "2000000", "depreciation": "None", "depreciationAndAmortization": "3262000000", "incomeBeforeTax": "1927000000", "incomeTaxExpense": "450000000", "interestAndDebtExpense": "None", "netIncomeFromContinuingOperations": "1477000000", "comprehensiveIncomeNetOfTax": "None", "ebit": "2749000000", "ebitda": "6011000000", "netIncome": "1477000000"}, {"fiscalDateEnding": "2022-09-30", "reportedCurrency": "USD", "grossProfit": "10783000000", "totalRevenue": "19477000000", "costOfRevenue": "8694000000", "costofGoodsAndServicesSold": "8694000000", "operatingIncome": "1281000000", "sellingGeneralAndAdministrative": "5118000000", "researchAndDevelopment": "None", "operatingExpenses": "18196000000", "investmentIncomeNet": "None", "netInterestIncome": "-827000000", "interestIncome": "None", "interestExpense": "827000000", "nonInterestIncome": "None", "otherNonOperatingIncome": "-3000000", "depreciation": "None", "depreciationAndAmortization": "3313000000", "incomeBeforeTax": "451000000", "incomeTaxExpense": "-57000000", "interestAndDebtExpense": "None", "netIncomeFromContinuingOperations": "508000000", "comprehensiveIncomeNetOfTax": "None", "ebit": "1278000000", "ebitda": "4591000000", "netIncome": "508000000"}, {"fiscalDateEnding": "2022-06-30", "reportedCurrency": "USD", "grossProfit": "10533000000", "totalRevenue": "19701000000", "costOfRevenue": "9168000000", "costofGoodsAndServicesSold": "9168000000", "operatingIncome": "709000000", "sellingGeneralAndAdministrative": "5856000000", "researchAndDevelopment": "None", "operatingExpenses": "18992000000", "investmentIncomeNet": "None", "netInterestIncome": "-851000000", "interestIncome": "None", "interestExpense": "851000000", "nonInterestIncome": "None", "otherNonOperatingIncome": "-21000000", "depreciation": "None", "depreciationAndAmortization": "3491000000", "incomeBeforeTax": "-163000000", "incomeTaxExpense": "-55000000", "interestAndDebtExpense": "None", "netIncomeFromContinuingOperations": "-108000000", "comprehensiveIncomeNetOfTax": "None", "ebit": "688000000", "ebitda": "4179000000", "netIncome": "-108000000"}, {"fiscalDateEnding": "2022-03-31", "reportedCurrency": "USD", "grossProfit": "10447000000", "totalRevenue": "20120000000", "costOfRevenue": "9673000000", "costofGoodsAndServicesSold": "9673000000", "operatingIncome": "1806000000", "sellingGeneralAndAdministrative": "5056000000", "researchAndDevelopment": "None", "operatingExpenses": "18314000000", "investmentIncomeNet": "None", "netInterestIncome": "-864000000", "interestIncome": "None", "interestExpense": "864000000", "nonInterestIncome": "None", "otherNonOperatingIncome": "-11000000", "depreciation": "None", "depreciationAndAmortization": "3585000000", "incomeBeforeTax": "931000000", "incomeTaxExpense": "218000000", "interestAndDebtExpense": "None", "netIncomeFromContinuingOperations": "713000000", "comprehensiveIncomeNetOfTax": "None", "ebit": "1795000000", "ebitda": "5380000000", "netIncome": "713000000"}, {"fiscalDateEnding": "2021-12-31", "reportedCurrency": "USD", "grossProfit": "10333000000", "totalRevenue": "20785000000", "costOfRevenue": "10452000000", "costofGoodsAndServicesSold": "10452000000", "operatingIncome": "1063000000", "sellingGeneralAndAdministrative": "5398000000", "researchAndDevelopment": "None", "operatingExpenses": "19722000000", "investmentIncomeNet": "None", "netInterestIncome": "-821000000", "interestIncome": "13000000", "interestExpense": "834000000", "nonInterestIncome": "None", "otherNonOperatingIncome": "None", "depreciation": "None", "depreciationAndAmortization": "3872000000", "incomeBeforeTax": "229000000", "incomeTaxExpense": "-193000000", "interestAndDebtExpense": "None", "netIncomeFromContinuingOperations": "422000000", "comprehensiveIncomeNetOfTax": "None", "ebit": "1063000000", "ebitda": "4935000000", "netIncome": "422000000"}, {"fiscalDateEnding": "2021-09-30", "reportedCurrency": "USD", "grossProfit": "10941000000", "totalRevenue": "19624000000", "costOfRevenue": "8683000000", "costofGoodsAndServicesSold": "8683000000", "operatingIncome": "1584000000", "sellingGeneralAndAdministrative": "5212000000", "researchAndDevelopment": "None", "operatingExpenses": "18040000000", "investmentIncomeNet": "None", "netInterestIncome": "-836000000", "interestIncome": "2000000", "interestExpense": "838000000", "nonInterestIncome": "None", "otherNonOperatingIncome": "-58000000", "depreciation": "None", "depreciationAndAmortization": "4145000000", "incomeBeforeTax": "688000000", "incomeTaxExpense": "-3000000", "interestAndDebtExpense": "None", "netIncomeFromContinuingOperations": "691000000", "comprehensiveIncomeNetOfTax": "None", "ebit": "1526000000", "ebitda": "5671000000", "netIncome": "691000000"}, {"fiscalDateEnding": "2021-06-30", "reportedCurrency": "USD", "grossProfit": "11006000000", "totalRevenue": "19950000000", "costOfRevenue": "8944000000", "costofGoodsAndServicesSold": "8944000000", "operatingIncome": "2106000000", "sellingGeneralAndAdministrative": "4823000000", "researchAndDevelopment": "None", "operatingExpenses": "17844000000", "investmentIncomeNet": "None", "netInterestIncome": "-850000000", "interestIncome": "2000000", "interestExpense": "852000000", "nonInterestIncome": "None", "otherNonOperatingIncome": "1000000", "depreciation": "None", "depreciationAndAmortization": "4077000000", "incomeBeforeTax": "1255000000", "incomeTaxExpense": "277000000", "interestAndDebtExpense": "None", "netIncomeFromContinuingOperations": "978000000", "comprehensiveIncomeNetOfTax": "None", "ebit": "2107000000", "ebitda": "6184000000", "netIncome": "978000000"}, {"fiscalDateEnding": "2021-03-31", "reportedCurrency": "USD", "grossProfit": "11233000000", "totalRevenue": "19759000000", "costOfRevenue": "8526000000", "costofGoodsAndServicesSold": "8526000000", "operatingIncome": "2139000000", "sellingGeneralAndAdministrative": "4805000000", "researchAndDevelopment": "None", "operatingExpenses": "17620000000", "investmentIncomeNet": "None", "netInterestIncome": "-835000000", "interestIncome": "3000000", "interestExpense": "838000000", "nonInterestIncome": "None", "otherNonOperatingIncome": "-122000000", "depreciation": "None", "depreciationAndAmortization": "4289000000", "incomeBeforeTax": "1179000000", "incomeTaxExpense": "246000000", "interestAndDebtExpense": "None", "netIncomeFromContinuingOperations": "933000000", "comprehensiveIncomeNetOfTax": "None", "ebit": "2017000000", "ebitda": "6306000000", "netIncome": "933000000"}, {"fiscalDateEnding": "2020-12-31", "reportedCurrency": "USD", "grossProfit": "10689000000", "totalRevenue": "20341000000", "costOfRevenue": "9652000000", "costofGoodsAndServicesSold": "9652000000", "operatingIncome": "1712000000", "sellingGeneralAndAdministrative": "2812000000", "researchAndDevelopment": "200000000", "operatingExpenses": "8977000000", "investmentIncomeNet": "None", "netInterestIncome": "-790000000", "interestIncome": "8000000", "interestExpense": "798000000", "nonInterestIncome": "None", "otherNonOperatingIncome": "-93000000", "depreciation": "None", "depreciationAndAmortization": "4219000000", "incomeBeforeTax": "821000000", "incomeTaxExpense": "71000000", "interestAndDebtExpense": "None", "netIncomeFromContinuingOperations": "750000000", "comprehensiveIncomeNetOfTax": "None", "ebit": "1619000000", "ebitda": "5838000000", "netIncome": "750000000"}, {"fiscalDateEnding": "2020-09-30", "reportedCurrency": "USD", "grossProfit": "11591000000", "totalRevenue": "19272000000", "costOfRevenue": "7681000000", "costofGoodsAndServicesSold": "7681000000", "operatingIncome": "2565000000", "sellingGeneralAndAdministrative": "4876000000", "researchAndDevelopment": "None", "operatingExpenses": "9026000000", "investmentIncomeNet": "None", "netInterestIncome": "-806000000", "interestIncome": "3000000", "interestExpense": "809000000", "nonInterestIncome": "None", "otherNonOperatingIncome": "-96000000", "depreciation": "None", "depreciationAndAmortization": "4150000000", "incomeBeforeTax": "1660000000", "incomeTaxExpense": "407000000", "interestAndDebtExpense": "None", "netIncomeFromContinuingOperations": "1253000000", "comprehensiveIncomeNetOfTax": "None", "ebit": "2469000000", "ebitda": "6619000000", "netIncome": "1253000000"}, {"fiscalDateEnding": "2020-06-30", "reportedCurrency": "USD", "grossProfit": "10906000000", "totalRevenue": "17671000000", "costOfRevenue": "6765000000", "costofGoodsAndServicesSold": "6765000000", "operatingIncome": "820000000", "sellingGeneralAndAdministrative": "5604000000", "researchAndDevelopment": "None", "operatingExpenses": "10086000000", "investmentIncomeNet": "None", "netInterestIncome": "-833000000", "interestIncome": "6000000", "interestExpense": "839000000", "nonInterestIncome": "None", "otherNonOperatingIncome": "None", "depreciation": "None", "depreciationAndAmortization": "4064000000", "incomeBeforeTax": "-208000000", "incomeTaxExpense": "2000000", "interestAndDebtExpense": "None", "netIncomeFromContinuingOperations": "-210000000", "comprehensiveIncomeNetOfTax": "None", "ebit": "631000000", "ebitda": "4695000000", "netIncome": "110000000"}, {"fiscalDateEnding": "2020-03-31", "reportedCurrency": "USD", "grossProfit": "6945000000", "totalRevenue": "11113000000", "costOfRevenue": "4168000000", "costofGoodsAndServicesSold": "4168000000", "operatingIncome": "1539000000", "sellingGeneralAndAdministrative": "3688000000", "researchAndDevelopment": "None", "operatingExpenses": "5406000000", "investmentIncomeNet": "None", "netInterestIncome": "-272000000", "interestIncome": "12000000", "interestExpense": "284000000", "nonInterestIncome": "None", "otherNonOperatingIncome": "2000000", "depreciation": "None", "depreciationAndAmortization": "1718000000", "incomeBeforeTax": "1257000000", "incomeTaxExpense": "306000000", "interestAndDebtExpense": "None", "netIncomeFromContinuingOperations": "951000000", "comprehensiveIncomeNetOfTax": "None", "ebit": "1541000000", "ebitda": "3259000000", "netIncome": "951000000"}, {"fiscalDateEnding": "2019-12-31", "reportedCurrency": "USD", "grossProfit": "6666000000", "totalRevenue": "11878000000", "costOfRevenue": "5212000000", "costofGoodsAndServicesSold": "5212000000", "operatingIncome": "1234000000", "sellingGeneralAndAdministrative": "1930000000", "researchAndDevelopment": "None", "operatingExpenses": "5432000000", "investmentIncomeNet": "None", "netInterestIncome": "-273000000", "interestIncome": "7000000", "interestExpense": "280000000", "nonInterestIncome": "None", "otherNonOperatingIncome": "11000000", "depreciation": "None", "depreciationAndAmortization": "1776000000", "incomeBeforeTax": "965000000", "incomeTaxExpense": "214000000", "interestAndDebtExpense": "None", "netIncomeFromContinuingOperations": "1179000000", "comprehensiveIncomeNetOfTax": "None", "ebit": "1245000000", "ebitda": "3021000000", "netIncome": "751000000"}, {"fiscalDateEnding": "2019-09-30", "reportedCurrency": "USD", "grossProfit": "6624000000", "totalRevenue": "11061000000", "costOfRevenue": "4437000000", "costofGoodsAndServicesSold": "4437000000", "operatingIncome": "1471000000", "sellingGeneralAndAdministrative": "3498000000", "researchAndDevelopment": "None", "operatingExpenses": "5153000000", "investmentIncomeNet": "None", "netInterestIncome": "-279000000", "interestIncome": "5000000", "interestExpense": "284000000", "nonInterestIncome": "None", "otherNonOperatingIncome": "8000000", "depreciation": "None", "depreciationAndAmortization": "1655000000", "incomeBeforeTax": "1195000000", "incomeTaxExpense": "325000000", "interestAndDebtExpense": "None", "netIncomeFromContinuingOperations": "1520000000", "comprehensiveIncomeNetOfTax": "None", "ebit": "1479000000", "ebitda": "3134000000", "netIncome": "870000000"}, {"fiscalDateEnding": "2019-06-30", "reportedCurrency": "USD", "grossProfit": "6669000000", "totalRevenue": "10979000000", "costOfRevenue": "4310000000", "costofGoodsAndServicesSold": "4310000000", "operatingIncome": "1541000000", "sellingGeneralAndAdministrative": "3543000000", "researchAndDevelopment": "None", "operatingExpenses": "5128000000", "investmentIncomeNet": "None", "netInterestIncome": "-279000000", "interestIncome": "4000000", "interestExpense": "283000000", "nonInterestIncome": "None", "otherNonOperatingIncome": "-18000000", "depreciation": "None", "depreciationAndAmortization": "1585000000", "incomeBeforeTax": "1240000000", "incomeTaxExpense": "301000000", "interestAndDebtExpense": "None", "netIncomeFromContinuingOperations": "1541000000", "comprehensiveIncomeNetOfTax": "None", "ebit": "1523000000", "ebitda": "3108000000", "netIncome": "939000000"}, {"fiscalDateEnding": "2019-03-31", "reportedCurrency": "USD", "grossProfit": "6518000000", "totalRevenue": "11080000000", "costOfRevenue": "4562000000", "costofGoodsAndServicesSold": "4562000000", "operatingIncome": "1476000000", "sellingGeneralAndAdministrative": "3442000000", "researchAndDevelopment": "None", "operatingExpenses": "5042000000", "investmentIncomeNet": "None", "netInterestIncome": "-280000000", "interestIncome": "280000000", "interestExpense": "288000000", "nonInterestIncome": "None", "otherNonOperatingIncome": "15000000", "depreciation": "None", "depreciationAndAmortization": "1600000000", "incomeBeforeTax": "1203000000", "incomeTaxExpense": "295000000", "interestAndDebtExpense": "None", "netIncomeFromContinuingOperations": "1498000000", "comprehensiveIncomeNetOfTax": "None", "ebit": "1491000000", "ebitda": "3091000000", "netIncome": "908000000"}, {"fiscalDateEnding": "2018-12-31", "reportedCurrency": "USD", "grossProfit": "6275000000", "totalRevenue": "11445000000", "costOfRevenue": "5170000000", "costofGoodsAndServicesSold": "5170000000", "operatingIncome": "1137000000", "sellingGeneralAndAdministrative": "3498000000", "researchAndDevelopment": "0", "operatingExpenses": "5138000000", "investmentIncomeNet": "None", "netInterestIncome": "None", "interestIncome": "None", "interestExpense": "298000000", "nonInterestIncome": "None", "otherNonOperatingIncome": "-1000000", "depreciation": "None", "depreciationAndAmortization": "1640000000", "incomeBeforeTax": "838000000", "incomeTaxExpense": "198000000", "interestAndDebtExpense": "None", "netIncomeFromContinuingOperations": "1036000000", "comprehensiveIncomeNetOfTax": "None", "ebit": "1136000000", "ebitda": "2776000000", "netIncome": "640000000"}, {"fiscalDateEnding": "2018-09-30", "reportedCurrency": "USD", "grossProfit": "6391000000", "totalRevenue": "10839000000", "costOfRevenue": "4448000000", "costofGoodsAndServicesSold": "4448000000", "operatingIncome": "1440000000", "sellingGeneralAndAdministrative": "3314000000", "researchAndDevelopment": "0", "operatingExpenses": "4951000000", "investmentIncomeNet": "None", "netInterestIncome": "None", "interestIncome": "None", "interestExpense": "318000000", "nonInterestIncome": "None", "otherNonOperatingIncome": "8000000", "depreciation": "None", "depreciationAndAmortization": "1637000000", "incomeBeforeTax": "1130000000", "incomeTaxExpense": "335000000", "interestAndDebtExpense": "None", "netIncomeFromContinuingOperations": "1465000000", "comprehensiveIncomeNetOfTax": "None", "ebit": "1448000000", "ebitda": "3085000000", "netIncome": "795000000"}, {"fiscalDateEnding": "2018-06-30", "reportedCurrency": "USD", "grossProfit": "6269000000", "totalRevenue": "10571000000", "costOfRevenue": "4302000000", "costofGoodsAndServicesSold": "4302000000", "operatingIncome": "1450000000", "sellingGeneralAndAdministrative": "3185000000", "researchAndDevelopment": "0", "operatingExpenses": "4819000000", "investmentIncomeNet": "None", "netInterestIncome": "None", "interestIncome": "None", "interestExpense": "324000000", "nonInterestIncome": "None", "otherNonOperatingIncome": "-58000000", "depreciation": "None", "depreciationAndAmortization": "1634000000", "incomeBeforeTax": "1068000000", "incomeTaxExpense": "286000000", "interestAndDebtExpense": "None", "netIncomeFromContinuingOperations": "1354000000", "comprehensiveIncomeNetOfTax": "None", "ebit": "1392000000", "ebitda": "3026000000", "netIncome": "782000000"}, {"fiscalDateEnding": "2018-03-31", "reportedCurrency": "USD", "grossProfit": "6021000000", "totalRevenue": "10455000000", "costOfRevenue": "4434000000", "costofGoodsAndServicesSold": "4434000000", "operatingIncome": "1282000000", "sellingGeneralAndAdministrative": "3164000000", "researchAndDevelopment": "0", "operatingExpenses": "4739000000", "investmentIncomeNet": "None", "netInterestIncome": "None", "interestIncome": "None", "interestExpense": "417000000", "nonInterestIncome": "None", "otherNonOperatingIncome": "16000000", "depreciation": "None", "depreciationAndAmortization": "1575000000", "incomeBeforeTax": "881000000", "incomeTaxExpense": "210000000", "interestAndDebtExpense": "None", "netIncomeFromContinuingOperations": "1091000000", "comprehensiveIncomeNetOfTax": "None", "ebit": "1298000000", "ebitda": "2873000000", "netIncome": "671000000"}, {"fiscalDateEnding": "2017-12-31", "reportedCurrency": "USD", "grossProfit": "5720000000", "totalRevenue": "10759000000", "costOfRevenue": "5039000000", "costofGoodsAndServicesSold": "5039000000", "operatingIncome": "1112000000", "sellingGeneralAndAdministrative": "3291000000", "researchAndDevelopment": "0", "operatingExpenses": "4608000000", "investmentIncomeNet": "None", "netInterestIncome": "None", "interestIncome": "None", "interestExpense": "416000000", "nonInterestIncome": "None", "otherNonOperatingIncome": "18000000", "depreciation": "None", "depreciationAndAmortization": "1485000000", "incomeBeforeTax": "714000000", "incomeTaxExpense": "-1993000000", "interestAndDebtExpense": "None", "netIncomeFromContinuingOperations": "-1461000000", "comprehensiveIncomeNetOfTax": "None", "ebit": "1130000000", "ebitda": "2615000000", "netIncome": "2707000000"}, {"fiscalDateEnding": "2017-09-30", "reportedCurrency": "USD", "grossProfit": "5808000000", "totalRevenue": "10019000000", "costOfRevenue": "4211000000", "costofGoodsAndServicesSold": "4211000000", "operatingIncome": "1323000000", "sellingGeneralAndAdministrative": "3098000000", "researchAndDevelopment": "0", "operatingExpenses": "4485000000", "investmentIncomeNet": "None", "netInterestIncome": "None", "interestIncome": "None", "interestExpense": "420000000", "nonInterestIncome": "None", "otherNonOperatingIncome": "3000000", "depreciation": "None", "depreciationAndAmortization": "1416000000", "incomeBeforeTax": "906000000", "incomeTaxExpense": "356000000", "interestAndDebtExpense": "None", "netIncomeFromContinuingOperations": "1262000000", "comprehensiveIncomeNetOfTax": "None", "ebit": "1326000000", "ebitda": "2742000000", "netIncome": "550000000"}, {"fiscalDateEnding": "2017-06-30", "reportedCurrency": "USD", "grossProfit": "5849000000", "totalRevenue": "10213000000", "costOfRevenue": "4364000000", "costofGoodsAndServicesSold": "4364000000", "operatingIncome": "1416000000", "sellingGeneralAndAdministrative": "2915000000", "researchAndDevelopment": "0", "operatingExpenses": "4433000000", "investmentIncomeNet": "None", "netInterestIncome": "None", "interestIncome": "None", "interestExpense": "396000000", "nonInterestIncome": "None", "otherNonOperatingIncome": "-86000000", "depreciation": "None", "depreciationAndAmortization": "1519000000", "incomeBeforeTax": "934000000", "incomeTaxExpense": "353000000", "interestAndDebtExpense": "None", "netIncomeFromContinuingOperations": "1287000000", "comprehensiveIncomeNetOfTax": "None", "ebit": "1330000000", "ebitda": "2849000000", "netIncome": "581000000"}, {"fiscalDateEnding": "2017-03-31", "reportedCurrency": "USD", "grossProfit": "5519000000", "totalRevenue": "9613000000", "costOfRevenue": "4094000000", "costofGoodsAndServicesSold": "4094000000", "operatingIncome": "1037000000", "sellingGeneralAndAdministrative": "2955000000", "researchAndDevelopment": "0", "operatingExpenses": "4482000000", "investmentIncomeNet": "None", "netInterestIncome": "None", "interestIncome": "None", "interestExpense": "439000000", "nonInterestIncome": "None", "otherNonOperatingIncome": "9000000", "depreciation": "None", "depreciationAndAmortization": "1564000000", "incomeBeforeTax": "607000000", "incomeTaxExpense": "-91000000", "interestAndDebtExpense": "None", "netIncomeFromContinuingOperations": "698000000", "comprehensiveIncomeNetOfTax": "None", "ebit": "1046000000", "ebitda": "2610000000", "netIncome": "698000000"}, {"fiscalDateEnding": "2016-12-31", "reportedCurrency": "USD", "grossProfit": "5443000000", "totalRevenue": "10175000000", "costOfRevenue": "4732000000", "costofGoodsAndServicesSold": "4732000000", "operatingIncome": "942000000", "sellingGeneralAndAdministrative": "2959000000", "researchAndDevelopment": "0", "operatingExpenses": "4501000000", "investmentIncomeNet": "None", "netInterestIncome": "None", "interestIncome": "None", "interestExpense": "399000000", "nonInterestIncome": "None", "otherNonOperatingIncome": "63000000", "depreciation": "None", "depreciationAndAmortization": "1548000000", "incomeBeforeTax": "606000000", "incomeTaxExpense": "216000000", "interestAndDebtExpense": "None", "netIncomeFromContinuingOperations": "-912000000", "comprehensiveIncomeNetOfTax": "None", "ebit": "1005000000", "ebitda": "2553000000", "netIncome": "390000000"}, {"fiscalDateEnding": "2016-09-30", "reportedCurrency": "USD", "grossProfit": "5330000000", "totalRevenue": "9305000000", "costOfRevenue": "3975000000", "costofGoodsAndServicesSold": "3975000000", "operatingIncome": "1048000000", "sellingGeneralAndAdministrative": "2898000000", "researchAndDevelopment": "0", "operatingExpenses": "4282000000", "investmentIncomeNet": "None", "netInterestIncome": "None", "interestIncome": "None", "interestExpense": "452000000", "nonInterestIncome": "None", "otherNonOperatingIncome": "61000000", "depreciation": "None", "depreciationAndAmortization": "1568000000", "incomeBeforeTax": "598000000", "incomeTaxExpense": "232000000", "interestAndDebtExpense": "None", "netIncomeFromContinuingOperations": "830000000", "comprehensiveIncomeNetOfTax": "None", "ebit": "1050000000", "ebitda": "2618000000", "netIncome": "366000000"}, {"fiscalDateEnding": "2016-06-30", "reportedCurrency": "USD", "grossProfit": "5239000000", "totalRevenue": "9287000000", "costOfRevenue": "4048000000", "costofGoodsAndServicesSold": "4048000000", "operatingIncome": "833000000", "sellingGeneralAndAdministrative": "2772000000", "researchAndDevelopment": "0", "operatingExpenses": "4406000000", "investmentIncomeNet": "None", "netInterestIncome": "None", "interestIncome": "None", "interestExpense": "461000000", "nonInterestIncome": "None", "otherNonOperatingIncome": "65000000", "depreciation": "None", "depreciationAndAmortization": "1575000000", "incomeBeforeTax": "372000000", "incomeTaxExpense": "147000000", "interestAndDebtExpense": "None", "netIncomeFromContinuingOperations": "519000000", "comprehensiveIncomeNetOfTax": "None", "ebit": "833000000", "ebitda": "2408000000", "netIncome": "225000000"}, {"fiscalDateEnding": "2016-03-31", "reportedCurrency": "USD", "grossProfit": "4869000000", "totalRevenue": "8664000000", "costOfRevenue": "3795000000", "costofGoodsAndServicesSold": "3795000000", "operatingIncome": "1168000000", "sellingGeneralAndAdministrative": "2749000000", "researchAndDevelopment": "0", "operatingExpenses": "3701000000", "investmentIncomeNet": "None", "netInterestIncome": "None", "interestIncome": "None", "interestExpense": "418000000", "nonInterestIncome": "None", "otherNonOperatingIncome": "66000000", "depreciation": "None", "depreciationAndAmortization": "1552000000", "incomeBeforeTax": "751000000", "incomeTaxExpense": "272000000", "interestAndDebtExpense": "None", "netIncomeFromContinuingOperations": "1023000000", "comprehensiveIncomeNetOfTax": "None", "ebit": "1169000000", "ebitda": "2721000000", "netIncome": "479000000"}, {"fiscalDateEnding": "2015-12-31", "reportedCurrency": "USD", "grossProfit": "4844000000", "totalRevenue": "8247000000", "costOfRevenue": "3403000000", "costofGoodsAndServicesSold": "3403000000", "operatingIncome": "838000000", "sellingGeneralAndAdministrative": "2755000000", "researchAndDevelopment": "0", "operatingExpenses": "4006000000", "investmentIncomeNet": "None", "netInterestIncome": "None", "interestIncome": "None", "interestExpense": "439000000", "nonInterestIncome": "None", "otherNonOperatingIncome": "None", "depreciation": "None", "depreciationAndAmortization": "1369000000", "incomeBeforeTax": "481000000", "incomeTaxExpense": "184000000", "interestAndDebtExpense": "None", "netIncomeFromContinuingOperations": "733000000", "comprehensiveIncomeNetOfTax": "None", "ebit": "920000000", "ebitda": "2289000000", "netIncome": "297000000"}, {"fiscalDateEnding": "2015-09-30", "reportedCurrency": "USD", "grossProfit": "4486000000", "totalRevenue": "7849000000", "costOfRevenue": "3363000000", "costofGoodsAndServicesSold": "3363000000", "operatingIncome": "513000000", "sellingGeneralAndAdministrative": "2624000000", "researchAndDevelopment": "0", "operatingExpenses": "3973000000", "investmentIncomeNet": "None", "netInterestIncome": "None", "interestIncome": "None", "interestExpense": "383000000", "nonInterestIncome": "None", "otherNonOperatingIncome": "108000000", "depreciation": "None", "depreciationAndAmortization": "1157000000", "incomeBeforeTax": "238000000", "incomeTaxExpense": "100000000", "interestAndDebtExpense": "None", "netIncomeFromContinuingOperations": "338000000", "comprehensiveIncomeNetOfTax": "None", "ebit": "621000000", "ebitda": "1778000000", "netIncome": "138000000"}, {"fiscalDateEnding": "2015-06-30", "reportedCurrency": "USD", "grossProfit": "4121000000", "totalRevenue": "8179000000", "costOfRevenue": "4058000000", "costofGoodsAndServicesSold": "4058000000", "operatingIncome": "597000000", "sellingGeneralAndAdministrative": "2438000000", "researchAndDevelopment": "0", "operatingExpenses": "3524000000", "investmentIncomeNet": "None", "netInterestIncome": "None", "interestIncome": "None", "interestExpense": "349000000", "nonInterestIncome": "None", "otherNonOperatingIncome": "115000000", "depreciation": "None", "depreciationAndAmortization": "1075000000", "incomeBeforeTax": "363000000", "incomeTaxExpense": "2000000", "interestAndDebtExpense": "None", "netIncomeFromContinuingOperations": "365000000", "comprehensiveIncomeNetOfTax": "None", "ebit": "712000000", "ebitda": "1787000000", "netIncome": "361000000"}, {"fiscalDateEnding": "2015-03-31", "reportedCurrency": "USD", "grossProfit": "3704000000", "totalRevenue": "7778000000", "costOfRevenue": "4074000000", "costofGoodsAndServicesSold": "4074000000", "operatingIncome": "117000000", "sellingGeneralAndAdministrative": "2372000000", "researchAndDevelopment": "0", "operatingExpenses": "3587000000", "investmentIncomeNet": "None", "netInterestIncome": "None", "interestIncome": "None", "interestExpense": "325000000", "nonInterestIncome": "None", "otherNonOperatingIncome": "None", "depreciation": "None", "depreciationAndAmortization": "1087000000", "incomeBeforeTax": "-104000000", "incomeTaxExpense": "-41000000", "interestAndDebtExpense": "None", "netIncomeFromContinuingOperations": "0", "comprehensiveIncomeNetOfTax": "None", "ebit": "221000000", "ebitda": "1308000000", "netIncome": "-63000000"}, {"fiscalDateEnding": "2014-12-31", "reportedCurrency": "USD", "grossProfit": "3959000000", "totalRevenue": "8154000000", "costOfRevenue": "4195000000", "costofGoodsAndServicesSold": "4195000000", "operatingIncome": "433000000", "sellingGeneralAndAdministrative": "2333000000", "researchAndDevelopment": "0", "operatingExpenses": "3526000000", "investmentIncomeNet": "None", "netInterestIncome": "None", "interestIncome": "None", "interestExpense": "358000000", "nonInterestIncome": "None", "otherNonOperatingIncome": "None", "depreciation": "None", "depreciationAndAmortization": "1090000000", "incomeBeforeTax": "200000000", "incomeTaxExpense": "99000000", "interestAndDebtExpense": "None", "netIncomeFromContinuingOperations": "247000000", "comprehensiveIncomeNetOfTax": "None", "ebit": "558000000", "ebitda": "1648000000", "netIncome": "101000000"}, {"fiscalDateEnding": "2014-09-30", "reportedCurrency": "USD", "grossProfit": "3554000000", "totalRevenue": "7350000000", "costOfRevenue": "3796000000", "costofGoodsAndServicesSold": "3796000000", "operatingIncome": "49000000", "sellingGeneralAndAdministrative": "2283000000", "researchAndDevelopment": "0", "operatingExpenses": "3505000000", "investmentIncomeNet": "None", "netInterestIncome": "None", "interestIncome": "None", "interestExpense": "343000000", "nonInterestIncome": "None", "otherNonOperatingIncome": "None", "depreciation": "None", "depreciationAndAmortization": "1138000000", "incomeBeforeTax": "-211000000", "incomeTaxExpense": "-117000000", "interestAndDebtExpense": "None", "netIncomeFromContinuingOperations": "0", "comprehensiveIncomeNetOfTax": "None", "ebit": "132000000", "ebitda": "1270000000", "netIncome": "-94000000"}, {"fiscalDateEnding": "2014-06-30", "reportedCurrency": "USD", "grossProfit": "3517000000", "totalRevenue": "7185000000", "costOfRevenue": "3668000000", "costofGoodsAndServicesSold": "3668000000", "operatingIncome": "962000000", "sellingGeneralAndAdministrative": "2151000000", "researchAndDevelopment": "0", "operatingExpenses": "2555000000", "investmentIncomeNet": "None", "netInterestIncome": "None", "interestIncome": "None", "interestExpense": "356000000", "nonInterestIncome": "None", "otherNonOperatingIncome": "71000000", "depreciation": "None", "depreciationAndAmortization": "1129000000", "incomeBeforeTax": "677000000", "incomeTaxExpense": "286000000", "interestAndDebtExpense": "None", "netIncomeFromContinuingOperations": "963000000", "comprehensiveIncomeNetOfTax": "None", "ebit": "1033000000", "ebitda": "2162000000", "netIncome": "391000000"}, {"fiscalDateEnding": "2014-03-31", "reportedCurrency": "USD", "grossProfit": "3125000000", "totalRevenue": "6875000000", "costOfRevenue": "3750000000", "costofGoodsAndServicesSold": "3750000000", "operatingIncome": "-28000000", "sellingGeneralAndAdministrative": "2096000000", "researchAndDevelopment": "0", "operatingExpenses": "3153000000", "investmentIncomeNet": "None", "netInterestIncome": "None", "interestIncome": "None", "interestExpense": "294000000", "nonInterestIncome": "None", "otherNonOperatingIncome": "69000000", "depreciation": "None", "depreciationAndAmortization": "1055000000", "incomeBeforeTax": "-253000000", "incomeTaxExpense": "-102000000", "interestAndDebtExpense": "None", "netIncomeFromContinuingOperations": "-355000000", "comprehensiveIncomeNetOfTax": "None", "ebit": "41000000", "ebitda": "1096000000", "netIncome": "-151000000"}, {"fiscalDateEnding": "2013-12-31", "reportedCurrency": "USD", "grossProfit": "3289000000", "totalRevenue": "6827000000", "costOfRevenue": "3538000000", "costofGoodsAndServicesSold": "3538000000", "operatingIncome": "139000000", "sellingGeneralAndAdministrative": "4900000000", "researchAndDevelopment": "0", "operatingExpenses": "3150000000", "investmentIncomeNet": "None", "netInterestIncome": "None", "interestIncome": "None", "interestExpense": "326000000", "nonInterestIncome": "None", "otherNonOperatingIncome": "76543000", "depreciation": "None", "depreciationAndAmortization": "997000000", "incomeBeforeTax": "-139000000", "incomeTaxExpense": "-119000000", "interestAndDebtExpense": "None", "netIncomeFromContinuingOperations": "99604000", "comprehensiveIncomeNetOfTax": "None", "ebit": "187000000", "ebitda": "1184000000", "netIncome": "-20000000"}, {"fiscalDateEnding": "2013-09-30", "reportedCurrency": "USD", "grossProfit": "3229000000", "totalRevenue": "6688000000", "costOfRevenue": "3459000000", "costofGoodsAndServicesSold": "3459000000", "operatingIncome": "297000000", "sellingGeneralAndAdministrative": "1933000000", "researchAndDevelopment": "0", "operatingExpenses": "2932000000", "investmentIncomeNet": "None", "netInterestIncome": "None", "interestIncome": "None", "interestExpense": "334000000", "nonInterestIncome": "None", "otherNonOperatingIncome": "43000000", "depreciation": "None", "depreciationAndAmortization": "987000000", "incomeBeforeTax": "6000000", "incomeTaxExpense": "42000000", "interestAndDebtExpense": "None", "netIncomeFromContinuingOperations": "-36000000", "comprehensiveIncomeNetOfTax": "None", "ebit": "340000000", "ebitda": "1327000000", "netIncome": "-36000000"}, {"fiscalDateEnding": "2013-06-30", "reportedCurrency": "USD", "grossProfit": "2965000000", "totalRevenue": "6228000000", "costOfRevenue": "3263000000", "costofGoodsAndServicesSold": "3263000000", "operatingIncome": "181000000", "sellingGeneralAndAdministrative": "1847000000", "researchAndDevelopment": "0", "operatingExpenses": "2784000000", "investmentIncomeNet": "None", "netInterestIncome": "None", "interestIncome": "None", "interestExpense": "334000000", "nonInterestIncome": "None", "otherNonOperatingIncome": "158000000", "depreciation": "None", "depreciationAndAmortization": "888000000", "incomeBeforeTax": "5000000", "incomeTaxExpense": "21000000", "interestAndDebtExpense": "None", "netIncomeFromContinuingOperations": "-16000000", "comprehensiveIncomeNetOfTax": "None", "ebit": "339000000", "ebitda": "1227000000", "netIncome": "-16000000"}, {"fiscalDateEnding": "2013-03-31", "reportedCurrency": "USD", "grossProfit": "2682000000", "totalRevenue": "4677000000", "costOfRevenue": "1995000000", "costofGoodsAndServicesSold": "1995000000", "operatingIncome": "379000000", "sellingGeneralAndAdministrative": "1506000000", "researchAndDevelopment": "0", "operatingExpenses": "2303000000", "investmentIncomeNet": "None", "netInterestIncome": "None", "interestIncome": "None", "interestExpense": "229000000", "nonInterestIncome": "None", "otherNonOperatingIncome": "457000", "depreciation": "None", "depreciationAndAmortization": "755000000", "incomeBeforeTax": "179000000", "incomeTaxExpense": "72000000", "interestAndDebtExpense": "None", "netIncomeFromContinuingOperations": "19396000", "comprehensiveIncomeNetOfTax": "None", "ebit": "408000000", "ebitda": "1163000000", "netIncome": "107000000"}, {"fiscalDateEnding": "2012-12-31", "reportedCurrency": "USD", "grossProfit": "487400000", "totalRevenue": "1284348000", "costOfRevenue": "796948000", "costofGoodsAndServicesSold": "796948000", "operatingIncome": "121516000", "sellingGeneralAndAdministrative": "189292000", "researchAndDevelopment": "0", "operatingExpenses": "365885000", "investmentIncomeNet": "None", "netInterestIncome": "None", "interestIncome": "None", "interestExpense": "69270000", "nonInterestIncome": "None", "otherNonOperatingIncome": "None", "depreciation": "None", "depreciationAndAmortization": "1020969000", "incomeBeforeTax": "57103000", "incomeTaxExpense": "25437000", "interestAndDebtExpense": "None", "netIncomeFromContinuingOperations": "0", "comprehensiveIncomeNetOfTax": "None", "ebit": "-722430000", "ebitda": "298539000", "netIncome": "31665000"}, {"fiscalDateEnding": "2012-09-30", "reportedCurrency": "USD", "grossProfit": "2886000000", "totalRevenue": "4893000000", "costOfRevenue": "2007000000", "costofGoodsAndServicesSold": "2007000000", "operatingIncome": "292238000", "sellingGeneralAndAdministrative": "840000000", "researchAndDevelopment": "0", "operatingExpenses": "10479000000", "investmentIncomeNet": "None", "netInterestIncome": "None", "interestIncome": "None", "interestExpense": "165000000", "nonInterestIncome": "None", "otherNonOperatingIncome": "None", "depreciation": "None", "depreciationAndAmortization": "825000000", "incomeBeforeTax": "278648000", "incomeTaxExpense": "12000000", "interestAndDebtExpense": "None", "netIncomeFromContinuingOperations": "0", "comprehensiveIncomeNetOfTax": "None", "ebit": "-7558000000", "ebitda": "-6733000000", "netIncome": "-7735000000"}, {"fiscalDateEnding": "2012-06-30", "reportedCurrency": "USD", "grossProfit": "2960000000", "totalRevenue": "4883000000", "costOfRevenue": "1923000000", "costofGoodsAndServicesSold": "1923000000", "operatingIncome": "311948000", "sellingGeneralAndAdministrative": "871000000", "researchAndDevelopment": "0", "operatingExpenses": "2508000000", "investmentIncomeNet": "None", "netInterestIncome": "None", "interestIncome": "None", "interestExpense": "151000000", "nonInterestIncome": "None", "otherNonOperatingIncome": "None", "depreciation": "None", "depreciationAndAmortization": "819000000", "incomeBeforeTax": "243046000", "incomeTaxExpense": "135000000", "interestAndDebtExpense": "None", "netIncomeFromContinuingOperations": "0", "comprehensiveIncomeNetOfTax": "None", "ebit": "493000000", "ebitda": "1312000000", "netIncome": "207000000"}, {"fiscalDateEnding": "2012-03-31", "reportedCurrency": "USD", "grossProfit": "428799000", "totalRevenue": "1276590000", "costOfRevenue": "847791000", "costofGoodsAndServicesSold": "847791000", "operatingIncome": "98267000", "sellingGeneralAndAdministrative": "176593000", "researchAndDevelopment": "None", "operatingExpenses": "330532000", "investmentIncomeNet": "None", "netInterestIncome": "None", "interestIncome": "None", "interestExpense": "70083000", "nonInterestIncome": "None", "otherNonOperatingIncome": "None", "depreciation": "None", "depreciationAndAmortization": "152819000", "incomeBeforeTax": "28662000", "incomeTaxExpense": "7658000", "interestAndDebtExpense": "None", "netIncomeFromContinuingOperations": "None", "comprehensiveIncomeNetOfTax": "None", "ebit": "98745000", "ebitda": "251564000", "netIncome": "21004000"}, {"fiscalDateEnding": "2011-12-31", "reportedCurrency": "USD", "grossProfit": "509483000", "totalRevenue": "1238165000", "costOfRevenue": "728682000", "costofGoodsAndServicesSold": "728682000", "operatingIncome": "215115000", "sellingGeneralAndAdministrative": "157173000", "researchAndDevelopment": "0", "operatingExpenses": "294368000", "investmentIncomeNet": "None", "netInterestIncome": "None", "interestIncome": "None", "interestExpense": "68022000", "nonInterestIncome": "None", "otherNonOperatingIncome": "None", "depreciation": "None", "depreciationAndAmortization": "1071308000", "incomeBeforeTax": "147729000", "incomeTaxExpense": "56459000", "interestAndDebtExpense": "None", "netIncomeFromContinuingOperations": "0", "comprehensiveIncomeNetOfTax": "None", "ebit": "-719250000", "ebitda": "352058000", "netIncome": "91270000"}, {"fiscalDateEnding": "2011-09-30", "reportedCurrency": "USD", "grossProfit": "479882000", "totalRevenue": "1205388000", "costOfRevenue": "725506000", "costofGoodsAndServicesSold": "725506000", "operatingIncome": "176831000", "sellingGeneralAndAdministrative": "162459000", "researchAndDevelopment": "0", "operatingExpenses": "303051000", "investmentIncomeNet": "None", "netInterestIncome": "None", "interestIncome": "None", "interestExpense": "69511000", "nonInterestIncome": "None", "otherNonOperatingIncome": "624000", "depreciation": "None", "depreciationAndAmortization": "382033000", "incomeBeforeTax": "107944000", "incomeTaxExpense": "38618000", "interestAndDebtExpense": "None", "netIncomeFromContinuingOperations": "69326000", "comprehensiveIncomeNetOfTax": "None", "ebit": "-65269000", "ebitda": "316764000", "netIncome": "69326000"}, {"fiscalDateEnding": "2011-06-30", "reportedCurrency": "USD", "grossProfit": "500889000", "totalRevenue": "1209453000", "costOfRevenue": "708564000", "costofGoodsAndServicesSold": "708564000", "operatingIncome": "210255000", "sellingGeneralAndAdministrative": "154556000", "researchAndDevelopment": "0", "operatingExpenses": "290634000", "investmentIncomeNet": "None", "netInterestIncome": "None", "interestIncome": "None", "interestExpense": "66980000", "nonInterestIncome": "None", "otherNonOperatingIncome": "-8839000", "depreciation": "None", "depreciationAndAmortization": "366030000", "incomeBeforeTax": "134436000", "incomeTaxExpense": "50101000", "interestAndDebtExpense": "None", "netIncomeFromContinuingOperations": "84335000", "comprehensiveIncomeNetOfTax": "None", "ebit": "-30089000", "ebitda": "335941000", "netIncome": "84335000"}, {"fiscalDateEnding": "2011-03-31", "reportedCurrency": "USD", "grossProfit": "443698000", "totalRevenue": "1194377000", "costOfRevenue": "750679000", "costofGoodsAndServicesSold": "750679000", "operatingIncome": "145337000", "sellingGeneralAndAdministrative": "169771000", "researchAndDevelopment": "0", "operatingExpenses": "298361000", "investmentIncomeNet": "None", "netInterestIncome": "None", "interestIncome": "None", "interestExpense": "56561000", "nonInterestIncome": "None", "otherNonOperatingIncome": "770000", "depreciation": "None", "depreciationAndAmortization": "341417000", "incomeBeforeTax": "89546000", "incomeTaxExpense": "33168000", "interestAndDebtExpense": "None", "netIncomeFromContinuingOperations": "56378000", "comprehensiveIncomeNetOfTax": "None", "ebit": "-66615000", "ebitda": "274802000", "netIncome": "56378000"}, {"fiscalDateEnding": "2010-12-31", "reportedCurrency": "USD", "grossProfit": "459516000", "totalRevenue": "1065526000", "costOfRevenue": "606010000", "costofGoodsAndServicesSold": "606010000", "operatingIncome": "207321000", "sellingGeneralAndAdministrative": "155720000", "researchAndDevelopment": "None", "operatingExpenses": "252195000", "investmentIncomeNet": "None", "netInterestIncome": "None", "interestIncome": "None", "interestExpense": "64415000", "nonInterestIncome": "None", "otherNonOperatingIncome": "None", "depreciation": "None", "depreciationAndAmortization": "893025000", "incomeBeforeTax": "15060000", "incomeTaxExpense": "1509000", "interestAndDebtExpense": "None", "netIncomeFromContinuingOperations": "None", "comprehensiveIncomeNetOfTax": "None", "ebit": "-694724000", "ebitda": "198301000", "netIncome": "13551000"}, {"fiscalDateEnding": "2010-09-30", "reportedCurrency": "USD", "grossProfit": "450836000", "totalRevenue": "1020789000", "costOfRevenue": "569953000", "costofGoodsAndServicesSold": "569953000", "operatingIncome": "207934000", "sellingGeneralAndAdministrative": "147431000", "researchAndDevelopment": "0", "operatingExpenses": "242902000", "investmentIncomeNet": "None", "netInterestIncome": "None", "interestIncome": "None", "interestExpense": "65726000", "nonInterestIncome": "None", "otherNonOperatingIncome": "None", "depreciation": "None", "depreciationAndAmortization": "313688000", "incomeBeforeTax": "126653000", "incomeTaxExpense": "49366000", "interestAndDebtExpense": "None", "netIncomeFromContinuingOperations": "None", "comprehensiveIncomeNetOfTax": "None", "ebit": "-7505000", "ebitda": "306183000", "netIncome": "77287000"}, {"fiscalDateEnding": "2010-06-30", "reportedCurrency": "USD", "grossProfit": "469014000", "totalRevenue": "1012536000", "costOfRevenue": "543522000", "costofGoodsAndServicesSold": "543522000", "operatingIncome": "198412000", "sellingGeneralAndAdministrative": "158600000", "researchAndDevelopment": "0", "operatingExpenses": "270602000", "investmentIncomeNet": "None", "netInterestIncome": "None", "interestIncome": "None", "interestExpense": "65503000", "nonInterestIncome": "None", "otherNonOperatingIncome": "None", "depreciation": "None", "depreciationAndAmortization": "109301000", "incomeBeforeTax": "132822000", "incomeTaxExpense": "52907000", "interestAndDebtExpense": "None", "netIncomeFromContinuingOperations": "None", "comprehensiveIncomeNetOfTax": "None", "ebit": "198326000", "ebitda": "307627000", "netIncome": "79915000"}, {"fiscalDateEnding": "2010-03-31", "reportedCurrency": "USD", "grossProfit": "372113000", "totalRevenue": "970503000", "costOfRevenue": "598390000", "costofGoodsAndServicesSold": "598390000", "operatingIncome": "105231000", "sellingGeneralAndAdministrative": "159909000", "researchAndDevelopment": "None", "operatingExpenses": "266882000", "investmentIncomeNet": "None", "netInterestIncome": "None", "interestIncome": "None", "interestExpense": "67482000", "nonInterestIncome": "None", "otherNonOperatingIncome": "None", "depreciation": "None", "depreciationAndAmortization": "284652000", "incomeBeforeTax": "37758000", "incomeTaxExpense": "15097000", "interestAndDebtExpense": "None", "netIncomeFromContinuingOperations": "None", "comprehensiveIncomeNetOfTax": "None", "ebit": "-71611000", "ebitda": "213041000", "netIncome": "22661000"}, {"fiscalDateEnding": "2009-12-31", "reportedCurrency": "USD", "grossProfit": "389764000", "totalRevenue": "929981000", "costOfRevenue": "540217000", "costofGoodsAndServicesSold": "540217000", "operatingIncome": "129821000", "sellingGeneralAndAdministrative": "150539000", "researchAndDevelopment": "None", "operatingExpenses": "259943000", "investmentIncomeNet": "None", "netInterestIncome": "None", "interestIncome": "None", "interestExpense": "70927000", "nonInterestIncome": "None", "otherNonOperatingIncome": "None", "depreciation": "None", "depreciationAndAmortization": "105759000", "incomeBeforeTax": "58684000", "incomeTaxExpense": "25559000", "interestAndDebtExpense": "None", "netIncomeFromContinuingOperations": "None", "comprehensiveIncomeNetOfTax": "None", "ebit": "129611000", "ebitda": "235370000", "netIncome": "33125000"}, {"fiscalDateEnding": "2009-09-30", "reportedCurrency": "USD", "grossProfit": "398213000", "totalRevenue": "895593000", "costOfRevenue": "497380000", "costofGoodsAndServicesSold": "497380000", "operatingIncome": "158207000", "sellingGeneralAndAdministrative": "138460000", "researchAndDevelopment": "None", "operatingExpenses": "240006000", "investmentIncomeNet": "None", "netInterestIncome": "None", "interestIncome": "None", "interestExpense": "70391000", "nonInterestIncome": "None", "otherNonOperatingIncome": "None", "depreciation": "None", "depreciationAndAmortization": "98977000", "incomeBeforeTax": "87900000", "incomeTaxExpense": "14350000", "interestAndDebtExpense": "None", "netIncomeFromContinuingOperations": "None", "comprehensiveIncomeNetOfTax": "None", "ebit": "158291000", "ebitda": "257268000", "netIncome": "73550000"}, {"fiscalDateEnding": "2009-06-30", "reportedCurrency": "USD", "grossProfit": "363479000", "totalRevenue": "859612000", "costOfRevenue": "496133000", "costofGoodsAndServicesSold": "496133000", "operatingIncome": "115773000", "sellingGeneralAndAdministrative": "142321000", "researchAndDevelopment": "None", "operatingExpenses": "247706000", "investmentIncomeNet": "None", "netInterestIncome": "None", "interestIncome": "None", "interestExpense": "70535000", "nonInterestIncome": "None", "otherNonOperatingIncome": "None", "depreciation": "None", "depreciationAndAmortization": "268733000", "incomeBeforeTax": "44786000", "incomeTaxExpense": "18590000", "interestAndDebtExpense": "None", "netIncomeFromContinuingOperations": "None", "comprehensiveIncomeNetOfTax": "None", "ebit": "-62037000", "ebitda": "206696000", "netIncome": "26196000"}, {"fiscalDateEnding": "2009-03-31", "reportedCurrency": "USD", "grossProfit": "324736000", "totalRevenue": "795329000", "costOfRevenue": "470593000", "costofGoodsAndServicesSold": "470593000", "operatingIncome": "131487000", "sellingGeneralAndAdministrative": "136411000", "researchAndDevelopment": "None", "operatingExpenses": "193249000", "investmentIncomeNet": "None", "netInterestIncome": "None", "interestIncome": "None", "interestExpense": "58432000", "nonInterestIncome": "None", "otherNonOperatingIncome": "None", "depreciation": "None", "depreciationAndAmortization": "245575000", "incomeBeforeTax": "72309000", "incomeTaxExpense": "28336000", "interestAndDebtExpense": "None", "netIncomeFromContinuingOperations": "None", "comprehensiveIncomeNetOfTax": "None", "ebit": "-33088000", "ebitda": "212487000", "netIncome": "43973000"}, {"fiscalDateEnding": "2008-12-31", "reportedCurrency": "USD", "grossProfit": "296510000", "totalRevenue": "723634000", "costOfRevenue": "427124000", "costofGoodsAndServicesSold": "427124000", "operatingIncome": "99442000", "sellingGeneralAndAdministrative": "113134000", "researchAndDevelopment": "None", "operatingExpenses": "197068000", "investmentIncomeNet": "None", "netInterestIncome": "None", "interestIncome": "None", "interestExpense": "115985000", "nonInterestIncome": "None", "otherNonOperatingIncome": "None", "depreciation": "None", "depreciationAndAmortization": "69500000", "incomeBeforeTax": "47687000", "incomeTaxExpense": "33113000", "interestAndDebtExpense": "None", "netIncomeFromContinuingOperations": "None", "comprehensiveIncomeNetOfTax": "None", "ebit": "99442000", "ebitda": "168942000", "netIncome": "14574000"}, {"fiscalDateEnding": "2008-09-30", "reportedCurrency": "USD", "grossProfit": "306760000", "totalRevenue": "686721000", "costOfRevenue": "379961000", "costofGoodsAndServicesSold": "379961000", "operatingIncome": "120653000", "sellingGeneralAndAdministrative": "116654000", "researchAndDevelopment": "None", "operatingExpenses": "186107000", "investmentIncomeNet": "None", "netInterestIncome": "None", "interestIncome": "None", "interestExpense": "42950000", "nonInterestIncome": "None", "otherNonOperatingIncome": "None", "depreciation": "None", "depreciationAndAmortization": "67631000", "incomeBeforeTax": "79594000", "incomeTaxExpense": "34714000", "interestAndDebtExpense": "None", "netIncomeFromContinuingOperations": "None", "comprehensiveIncomeNetOfTax": "None", "ebit": "120653000", "ebitda": "188284000", "netIncome": "44880000"}, {"fiscalDateEnding": "2008-06-30", "reportedCurrency": "USD", "grossProfit": "312579000", "totalRevenue": "678807000", "costOfRevenue": "366228000", "costofGoodsAndServicesSold": "366228000", "operatingIncome": "135644000", "sellingGeneralAndAdministrative": "113419000", "researchAndDevelopment": "None", "operatingExpenses": "176935000", "investmentIncomeNet": "None", "netInterestIncome": "None", "interestIncome": "None", "interestExpense": "45664000", "nonInterestIncome": "None", "otherNonOperatingIncome": "None", "depreciation": "None", "depreciationAndAmortization": "60888000", "incomeBeforeTax": "85956000", "incomeTaxExpense": "35491000", "interestAndDebtExpense": "None", "netIncomeFromContinuingOperations": "None", "comprehensiveIncomeNetOfTax": "None", "ebit": "135644000", "ebitda": "196532000", "netIncome": "50465000"}, {"fiscalDateEnding": "2008-03-31", "reportedCurrency": "USD", "grossProfit": "273723000", "totalRevenue": "662354000", "costOfRevenue": "388631000", "costofGoodsAndServicesSold": "388631000", "operatingIncome": "112028000", "sellingGeneralAndAdministrative": "104374000", "researchAndDevelopment": "None", "operatingExpenses": "161695000", "investmentIncomeNet": "None", "netInterestIncome": "None", "interestIncome": "None", "interestExpense": "47425000", "nonInterestIncome": "None", "otherNonOperatingIncome": "None", "depreciation": "None", "depreciationAndAmortization": "57300000", "incomeBeforeTax": "66187000", "incomeTaxExpense": "26668000", "interestAndDebtExpense": "None", "netIncomeFromContinuingOperations": "None", "comprehensiveIncomeNetOfTax": "None", "ebit": "113612000", "ebitda": "170912000", "netIncome": "39519000"}, {"fiscalDateEnding": "2007-12-31", "reportedCurrency": "USD", "grossProfit": "255549000", "totalRevenue": "591134000", "costOfRevenue": "335585000", "costofGoodsAndServicesSold": "335585000", "operatingIncome": "92237000", "sellingGeneralAndAdministrative": "111870000", "researchAndDevelopment": "None", "operatingExpenses": "163312000", "investmentIncomeNet": "None", "netInterestIncome": "None", "interestIncome": "None", "interestExpense": "115985000", "nonInterestIncome": "None", "otherNonOperatingIncome": "None", "depreciation": "None", "depreciationAndAmortization": "52206000", "incomeBeforeTax": "-20873000", "incomeTaxExpense": "26278000", "interestAndDebtExpense": "None", "netIncomeFromContinuingOperations": "None", "comprehensiveIncomeNetOfTax": "None", "ebit": "92237000", "ebitda": "144443000", "netIncome": "-47151000"}, {"fiscalDateEnding": "2007-09-30", "reportedCurrency": "USD", "grossProfit": "261888000", "totalRevenue": "556738000", "costOfRevenue": "294850000", "costofGoodsAndServicesSold": "294850000", "operatingIncome": "133138000", "sellingGeneralAndAdministrative": "84496000", "researchAndDevelopment": "None", "operatingExpenses": "128750000", "investmentIncomeNet": "None", "netInterestIncome": "None", "interestIncome": "None", "interestExpense": "54574000", "nonInterestIncome": "None", "otherNonOperatingIncome": "None", "depreciation": "None", "depreciationAndAmortization": "45492000", "incomeBeforeTax": "86620000", "incomeTaxExpense": "33512000", "interestAndDebtExpense": "None", "netIncomeFromContinuingOperations": "None", "comprehensiveIncomeNetOfTax": "None", "ebit": "133139000", "ebitda": "178631000", "netIncome": "53108000"}, {"fiscalDateEnding": "2007-06-30", "reportedCurrency": "USD", "grossProfit": "255510000", "totalRevenue": "551176000", "costOfRevenue": "295666000", "costofGoodsAndServicesSold": "295666000", "operatingIncome": "132062000", "sellingGeneralAndAdministrative": "82717000", "researchAndDevelopment": "None", "operatingExpenses": "123448000", "investmentIncomeNet": "None", "netInterestIncome": "None", "interestIncome": "None", "interestExpense": "49168000", "nonInterestIncome": "None", "otherNonOperatingIncome": "None", "depreciation": "None", "depreciationAndAmortization": "41124000", "incomeBeforeTax": "97134000", "incomeTaxExpense": "39040000", "interestAndDebtExpense": "None", "netIncomeFromContinuingOperations": "None", "comprehensiveIncomeNetOfTax": "None", "ebit": "132062000", "ebitda": "173186000", "netIncome": "58094000"}, {"fiscalDateEnding": "2007-03-31", "reportedCurrency": "USD", "grossProfit": "218043000", "totalRevenue": "536686000", "costOfRevenue": "318643000", "costofGoodsAndServicesSold": "318643000", "operatingIncome": "102676000", "sellingGeneralAndAdministrative": "72937000", "researchAndDevelopment": "None", "operatingExpenses": "115367000", "investmentIncomeNet": "None", "netInterestIncome": "None", "interestIncome": "None", "interestExpense": "48976000", "nonInterestIncome": "None", "otherNonOperatingIncome": "None", "depreciation": "None", "depreciationAndAmortization": "39380000", "incomeBeforeTax": "60619000", "incomeTaxExpense": "24267000", "interestAndDebtExpense": "None", "netIncomeFromContinuingOperations": "None", "comprehensiveIncomeNetOfTax": "None", "ebit": "102676000", "ebitda": "142056000", "netIncome": "36352000"}, {"fiscalDateEnding": "2006-12-31", "reportedCurrency": "USD", "grossProfit": "175342000", "totalRevenue": "453092000", "costOfRevenue": "277750000", "costofGoodsAndServicesSold": "277750000", "operatingIncome": "66761000", "sellingGeneralAndAdministrative": "71697000", "researchAndDevelopment": "None", "operatingExpenses": "108581000", "investmentIncomeNet": "None", "netInterestIncome": "None", "interestIncome": "None", "interestExpense": "None", "nonInterestIncome": "None", "otherNonOperatingIncome": "None", "depreciation": "None", "depreciationAndAmortization": "38841000", "incomeBeforeTax": "-27347000", "incomeTaxExpense": "-10528000", "interestAndDebtExpense": "None", "netIncomeFromContinuingOperations": "None", "comprehensiveIncomeNetOfTax": "None", "ebit": "66761000", "ebitda": "105602000", "netIncome": "-16819000"}, {"fiscalDateEnding": "2006-09-30", "reportedCurrency": "USD", "grossProfit": "164610000", "totalRevenue": "396116000", "costOfRevenue": "231506000", "costofGoodsAndServicesSold": "231506000", "operatingIncome": "69394000", "sellingGeneralAndAdministrative": "60220000", "researchAndDevelopment": "None", "operatingExpenses": "95216000", "investmentIncomeNet": "None", "netInterestIncome": "None", "interestIncome": "None", "interestExpense": "None", "nonInterestIncome": "None", "otherNonOperatingIncome": "None", "depreciation": "None", "depreciationAndAmortization": "36611000", "incomeBeforeTax": "48766000", "incomeTaxExpense": "19500000", "interestAndDebtExpense": "None", "netIncomeFromContinuingOperations": "None", "comprehensiveIncomeNetOfTax": "None", "ebit": "69394000", "ebitda": "106005000", "netIncome": "29266000"}, {"fiscalDateEnding": "2006-06-30", "reportedCurrency": "USD", "grossProfit": "148692000", "totalRevenue": "368194000", "costOfRevenue": "219502000", "costofGoodsAndServicesSold": "219502000", "operatingIncome": "54099000", "sellingGeneralAndAdministrative": "60264000", "researchAndDevelopment": "None", "operatingExpenses": "94593000", "investmentIncomeNet": "None", "netInterestIncome": "None", "interestIncome": "None", "interestExpense": "None", "nonInterestIncome": "None", "otherNonOperatingIncome": "None", "depreciation": "None", "depreciationAndAmortization": "32300000", "incomeBeforeTax": "38357000", "incomeTaxExpense": "15368000", "interestAndDebtExpense": "None", "netIncomeFromContinuingOperations": "None", "comprehensiveIncomeNetOfTax": "None", "ebit": "54099000", "ebitda": "86399000", "netIncome": "22989000"}, {"fiscalDateEnding": "2006-03-31", "reportedCurrency": "USD", "grossProfit": "329461000", "totalRevenue": "329461000", "costOfRevenue": "None", "costofGoodsAndServicesSold": "None", "operatingIncome": "329461000", "sellingGeneralAndAdministrative": "None", "researchAndDevelopment": "None", "operatingExpenses": "329461000", "investmentIncomeNet": "None", "netInterestIncome": "None", "interestIncome": "None", "interestExpense": "None", "nonInterestIncome": "None", "otherNonOperatingIncome": "None", "depreciation": "None", "depreciationAndAmortization": "None", "incomeBeforeTax": "None", "incomeTaxExpense": "-18370000", "interestAndDebtExpense": "None", "netIncomeFromContinuingOperations": "None", "comprehensiveIncomeNetOfTax": "None", "ebit": "None", "ebitda": "329461000", "netIncome": "18370000"}, {"fiscalDateEnding": "2005-12-31", "reportedCurrency": "USD", "grossProfit": "288228000", "totalRevenue": "288228000", "costOfRevenue": "None", "costofGoodsAndServicesSold": "None", "operatingIncome": "-328023000", "sellingGeneralAndAdministrative": "None", "researchAndDevelopment": "None", "operatingExpenses": "288228000", "investmentIncomeNet": "None", "netInterestIncome": "None", "interestIncome": "None", "interestExpense": "None", "nonInterestIncome": "None", "otherNonOperatingIncome": "None", "depreciation": "None", "depreciationAndAmortization": "None", "incomeBeforeTax": "None", "incomeTaxExpense": "-18842000", "interestAndDebtExpense": "None", "netIncomeFromContinuingOperations": "None", "comprehensiveIncomeNetOfTax": "None", "ebit": "None", "ebitda": "-328023000", "netIncome": "18842000"}]}