{"symbol": "ASTI", "annualReports": [{"fiscalDateEnding": "2024-12-31", "reportedCurrency": "USD", "grossProfit": "-106483", "totalRevenue": "41893", "costOfRevenue": "148376", "costofGoodsAndServicesSold": "148376", "operatingIncome": "-8537149", "sellingGeneralAndAdministrative": "5531095", "researchAndDevelopment": "2300948", "operatingExpenses": "8430666", "investmentIncomeNet": "None", "netInterestIncome": "-665718", "interestIncome": "None", "interestExpense": "665718", "nonInterestIncome": "None", "otherNonOperatingIncome": "None", "depreciation": "None", "depreciationAndAmortization": "558442", "incomeBeforeTax": "-9130274", "incomeTaxExpense": "-9130274", "interestAndDebtExpense": "None", "netIncomeFromContinuingOperations": "-9130274", "comprehensiveIncomeNetOfTax": "None", "ebit": "-8464556", "ebitda": "-7906114", "netIncome": "-9130274"}, {"fiscalDateEnding": "2023-12-31", "reportedCurrency": "USD", "grossProfit": "-1434081", "totalRevenue": "458260", "costOfRevenue": "1892341", "costofGoodsAndServicesSold": "1892341", "operatingIncome": "-15643285", "sellingGeneralAndAdministrative": "7607968", "researchAndDevelopment": "3222283", "operatingExpenses": "14209204", "investmentIncomeNet": "None", "netInterestIncome": "-2451676", "interestIncome": "None", "interestExpense": "2174118", "nonInterestIncome": "None", "otherNonOperatingIncome": "None", "depreciation": "None", "depreciationAndAmortization": "762764", "incomeBeforeTax": "-17069896", "incomeTaxExpense": "-4", "interestAndDebtExpense": "None", "netIncomeFromContinuingOperations": "-17140202", "comprehensiveIncomeNetOfTax": "None", "ebit": "-14895778", "ebitda": "-14133014", "netIncome": "-17069896"}, {"fiscalDateEnding": "2022-12-31", "reportedCurrency": "USD", "grossProfit": "-788673", "totalRevenue": "1222786", "costOfRevenue": "2011459", "costofGoodsAndServicesSold": "2011459", "operatingIncome": "-17055535", "sellingGeneralAndAdministrative": "10215296", "researchAndDevelopment": "5975921", "operatingExpenses": "16266862", "investmentIncomeNet": "None", "netInterestIncome": "-2704909", "interestIncome": "None", "interestExpense": "2704909", "nonInterestIncome": "None", "otherNonOperatingIncome": "None", "depreciation": "None", "depreciationAndAmortization": "769874", "incomeBeforeTax": "-19782066", "incomeTaxExpense": "-27361", "interestAndDebtExpense": "None", "netIncomeFromContinuingOperations": "-19754705", "comprehensiveIncomeNetOfTax": "None", "ebit": "-17049796", "ebitda": "-16279922", "netIncome": "-19754705"}, {"fiscalDateEnding": "2021-12-31", "reportedCurrency": "USD", "grossProfit": "-1294631", "totalRevenue": "607783", "costOfRevenue": "1902414", "costofGoodsAndServicesSold": "1902414", "operatingIncome": "-8790246", "sellingGeneralAndAdministrative": "3297982", "researchAndDevelopment": "4140319", "operatingExpenses": "7495615", "investmentIncomeNet": "None", "netInterestIncome": "-1088327", "interestIncome": "None", "interestExpense": "1088327", "nonInterestIncome": "None", "otherNonOperatingIncome": "3878570", "depreciation": "None", "depreciationAndAmortization": "706289", "incomeBeforeTax": "-6000003", "incomeTaxExpense": "918904", "interestAndDebtExpense": "None", "netIncomeFromContinuingOperations": "-6000003", "comprehensiveIncomeNetOfTax": "None", "ebit": "-4911676", "ebitda": "-4205387", "netIncome": "-6000003"}, {"fiscalDateEnding": "2020-12-31", "reportedCurrency": "USD", "grossProfit": "-107975", "totalRevenue": "66613", "costOfRevenue": "174588", "costofGoodsAndServicesSold": "174588", "operatingIncome": "-2454546", "sellingGeneralAndAdministrative": "1029720", "researchAndDevelopment": "1165193", "operatingExpenses": "2346571", "investmentIncomeNet": "None", "netInterestIncome": "-3507533", "interestIncome": "None", "interestExpense": "3507533", "nonInterestIncome": "None", "otherNonOperatingIncome": "7579523", "depreciation": "None", "depreciationAndAmortization": "337485", "incomeBeforeTax": "1617444", "incomeTaxExpense": "6509703", "interestAndDebtExpense": "None", "netIncomeFromContinuingOperations": "1617444", "comprehensiveIncomeNetOfTax": "None", "ebit": "5124977", "ebitda": "5462462", "netIncome": "1617444"}, {"fiscalDateEnding": "2019-12-31", "reportedCurrency": "USD", "grossProfit": "147625", "totalRevenue": "638380", "costOfRevenue": "490755", "costofGoodsAndServicesSold": "490755", "operatingIncome": "-3253048", "sellingGeneralAndAdministrative": "1846944", "researchAndDevelopment": "1310948", "operatingExpenses": "3400673", "investmentIncomeNet": "None", "netInterestIncome": "-8850002", "interestIncome": "None", "interestExpense": "8850002", "nonInterestIncome": "None", "otherNonOperatingIncome": "7234789", "depreciation": "None", "depreciationAndAmortization": "242780", "incomeBeforeTax": "-4868261", "incomeTaxExpense": "None", "interestAndDebtExpense": "None", "netIncomeFromContinuingOperations": "-4868261", "comprehensiveIncomeNetOfTax": "None", "ebit": "3981741", "ebitda": "4224521", "netIncome": "-4868261"}, {"fiscalDateEnding": "2018-12-31", "reportedCurrency": "USD", "grossProfit": "-153384", "totalRevenue": "862412", "costOfRevenue": "1015796", "costofGoodsAndServicesSold": "1015796", "operatingIncome": "-6570124", "sellingGeneralAndAdministrative": "3244793", "researchAndDevelopment": "2794641", "operatingExpenses": "6416740", "investmentIncomeNet": "None", "netInterestIncome": "-7351681", "interestIncome": "None", "interestExpense": "7351681", "nonInterestIncome": "None", "otherNonOperatingIncome": "-2114687", "depreciation": "None", "depreciationAndAmortization": "377306", "incomeBeforeTax": "-16036492", "incomeTaxExpense": "-2114687", "interestAndDebtExpense": "None", "netIncomeFromContinuingOperations": "-16036492", "comprehensiveIncomeNetOfTax": "None", "ebit": "-8684815", "ebitda": "-8307509", "netIncome": "-16036492"}, {"fiscalDateEnding": "2017-12-31", "reportedCurrency": "USD", "grossProfit": "-2172603", "totalRevenue": "642179", "costOfRevenue": "2814782", "costofGoodsAndServicesSold": "2814782", "operatingIncome": "-14148055", "sellingGeneralAndAdministrative": "5598004", "researchAndDevelopment": "4820536", "operatingExpenses": "11612075", "investmentIncomeNet": "None", "netInterestIncome": "-6864521", "interestIncome": "None", "interestExpense": "6864521", "nonInterestIncome": "None", "otherNonOperatingIncome": "2452446", "depreciation": "None", "depreciationAndAmortization": "1193535", "incomeBeforeTax": "-18560130", "incomeTaxExpense": "7439338", "interestAndDebtExpense": "None", "netIncomeFromContinuingOperations": "-18560130", "comprehensiveIncomeNetOfTax": "None", "ebit": "-11695606", "ebitda": "-10502071", "netIncome": "-18560130"}, {"fiscalDateEnding": "2016-12-31", "reportedCurrency": "USD", "grossProfit": "-4096516", "totalRevenue": "1747356", "costOfRevenue": "5843872", "costofGoodsAndServicesSold": "5843872", "operatingIncome": "-24628551", "sellingGeneralAndAdministrative": "10304779", "researchAndDevelopment": "6627249", "operatingExpenses": "20532035", "investmentIncomeNet": "None", "netInterestIncome": "-7902926", "interestIncome": "None", "interestExpense": "7902926", "nonInterestIncome": "None", "otherNonOperatingIncome": "-6319305", "depreciation": "None", "depreciationAndAmortization": "3600007", "incomeBeforeTax": "-38850782", "incomeTaxExpense": "7985698", "interestAndDebtExpense": "None", "netIncomeFromContinuingOperations": "-38850782", "comprehensiveIncomeNetOfTax": "None", "ebit": "-30947858", "ebitda": "-27347851", "netIncome": "-38850782"}, {"fiscalDateEnding": "2015-12-31", "reportedCurrency": "USD", "grossProfit": "-3025536", "totalRevenue": "6536992", "costOfRevenue": "9562528", "costofGoodsAndServicesSold": "9562528", "operatingIncome": "-27746384", "sellingGeneralAndAdministrative": "12363037", "researchAndDevelopment": "6711813", "operatingExpenses": "24708278", "investmentIncomeNet": "None", "netInterestIncome": "None", "interestIncome": "None", "interestExpense": "27458190", "nonInterestIncome": "None", "otherNonOperatingIncome": "9406776", "depreciation": "None", "depreciationAndAmortization": "5633428", "incomeBeforeTax": "-45797798", "incomeTaxExpense": "27397896", "interestAndDebtExpense": "None", "netIncomeFromContinuingOperations": "-45797798", "comprehensiveIncomeNetOfTax": "None", "ebit": "-19248704", "ebitda": "-13615276", "netIncome": "-45797798"}, {"fiscalDateEnding": "2014-12-31", "reportedCurrency": "USD", "grossProfit": "5335545", "totalRevenue": "5335545", "costOfRevenue": "33230000", "costofGoodsAndServicesSold": "33230000", "operatingIncome": "-33858977", "sellingGeneralAndAdministrative": "14118508", "researchAndDevelopment": "24514315", "operatingExpenses": "38870491", "investmentIncomeNet": "None", "netInterestIncome": "None", "interestIncome": "None", "interestExpense": "8146789", "nonInterestIncome": "None", "otherNonOperatingIncome": "-1348683", "depreciation": "None", "depreciationAndAmortization": "5960843", "incomeBeforeTax": "-43354449", "incomeTaxExpense": "7849646", "interestAndDebtExpense": "None", "netIncomeFromContinuingOperations": "-43354449", "comprehensiveIncomeNetOfTax": "None", "ebit": "-35207657", "ebitda": "-29246814", "netIncome": "-43354449"}, {"fiscalDateEnding": "2013-12-31", "reportedCurrency": "USD", "grossProfit": "1316477", "totalRevenue": "1316477", "costOfRevenue": "23334000", "costofGoodsAndServicesSold": "23334000", "operatingIncome": "-27017276", "sellingGeneralAndAdministrative": "7390884", "researchAndDevelopment": "21342519", "operatingExpenses": "27511403", "investmentIncomeNet": "None", "netInterestIncome": "None", "interestIncome": "None", "interestExpense": "432426", "nonInterestIncome": "None", "otherNonOperatingIncome": "-7827437", "depreciation": "None", "depreciationAndAmortization": "6225854", "incomeBeforeTax": "-28908951", "incomeTaxExpense": "-4088121", "interestAndDebtExpense": "None", "netIncomeFromContinuingOperations": "-36066713", "comprehensiveIncomeNetOfTax": "None", "ebit": "-29698529", "ebitda": "-23472675", "netIncome": "-28908951"}, {"fiscalDateEnding": "2012-12-31", "reportedCurrency": "USD", "grossProfit": "1197163", "totalRevenue": "1197163", "costOfRevenue": "22975000", "costofGoodsAndServicesSold": "22975000", "operatingIncome": "-27941388", "sellingGeneralAndAdministrative": "5008388", "researchAndDevelopment": "20728553", "operatingExpenses": "25736941", "investmentIncomeNet": "None", "netInterestIncome": "None", "interestIncome": "None", "interestExpense": "272000", "nonInterestIncome": "None", "otherNonOperatingIncome": "-828029", "depreciation": "None", "depreciationAndAmortization": "6166123", "incomeBeforeTax": "-28768398", "incomeTaxExpense": "3401610", "interestAndDebtExpense": "None", "netIncomeFromContinuingOperations": "-28769417", "comprehensiveIncomeNetOfTax": "None", "ebit": "-28496408", "ebitda": "-22330285", "netIncome": "-28768398"}, {"fiscalDateEnding": "2011-12-31", "reportedCurrency": "USD", "grossProfit": "3949911", "totalRevenue": "3949911", "costOfRevenue": "101254000", "costofGoodsAndServicesSold": "101254000", "operatingIncome": "-105302385", "sellingGeneralAndAdministrative": "7130530", "researchAndDevelopment": "24121766", "operatingExpenses": "31252296", "investmentIncomeNet": "None", "netInterestIncome": "None", "interestIncome": "None", "interestExpense": "113471", "nonInterestIncome": "None", "otherNonOperatingIncome": "-441475", "depreciation": "None", "depreciationAndAmortization": "7541962", "incomeBeforeTax": "-105743860000", "incomeTaxExpense": "78441475", "interestAndDebtExpense": "None", "netIncomeFromContinuingOperations": "112760732", "comprehensiveIncomeNetOfTax": "None", "ebit": "-105630384", "ebitda": "-98088422", "netIncome": "-105743860"}, {"fiscalDateEnding": "2010-12-31", "reportedCurrency": "USD", "grossProfit": "2481489", "totalRevenue": "2481489", "costOfRevenue": "26890000", "costofGoodsAndServicesSold": "26890000", "operatingIncome": "-31096045", "sellingGeneralAndAdministrative": "None", "researchAndDevelopment": "24354224", "operatingExpenses": "33577534", "investmentIncomeNet": "None", "netInterestIncome": "None", "interestIncome": "None", "interestExpense": "42756", "nonInterestIncome": "None", "otherNonOperatingIncome": "None", "depreciation": "None", "depreciationAndAmortization": "6690601", "incomeBeforeTax": "-31233718000", "incomeTaxExpense": "137673", "interestAndDebtExpense": "None", "netIncomeFromContinuingOperations": "None", "comprehensiveIncomeNetOfTax": "None", "ebit": "-31237469", "ebitda": "-24546868", "netIncome": "-31233718"}, {"fiscalDateEnding": "2009-12-31", "reportedCurrency": "USD", "grossProfit": "1464346", "totalRevenue": "1464346", "costOfRevenue": "20624000", "costofGoodsAndServicesSold": "20624000", "operatingIncome": "-21738429", "sellingGeneralAndAdministrative": "7694566", "researchAndDevelopment": "15508209", "operatingExpenses": "23202775", "investmentIncomeNet": "None", "netInterestIncome": "None", "interestIncome": "None", "interestExpense": "531697", "nonInterestIncome": "None", "otherNonOperatingIncome": "None", "depreciation": "None", "depreciationAndAmortization": "2582706", "incomeBeforeTax": "-20922717000", "incomeTaxExpense": "-815712", "interestAndDebtExpense": "None", "netIncomeFromContinuingOperations": "None", "comprehensiveIncomeNetOfTax": "None", "ebit": "-20926469", "ebitda": "-18343763", "netIncome": "-20922717"}, {"fiscalDateEnding": "2008-12-31", "reportedCurrency": "USD", "grossProfit": "-8566326", "totalRevenue": "1499729", "costOfRevenue": "10066055", "costofGoodsAndServicesSold": "10066055", "operatingIncome": "-14236072", "sellingGeneralAndAdministrative": "5669746000", "researchAndDevelopment": "1499729000", "operatingExpenses": "5669746", "investmentIncomeNet": "None", "netInterestIncome": "None", "interestIncome": "None", "interestExpense": "3438", "nonInterestIncome": "None", "otherNonOperatingIncome": "None", "depreciation": "None", "depreciationAndAmortization": "1415424", "incomeBeforeTax": "-13215076000", "incomeTaxExpense": "-1020996", "interestAndDebtExpense": "None", "netIncomeFromContinuingOperations": "None", "comprehensiveIncomeNetOfTax": "None", "ebit": "-13215075", "ebitda": "-11799651", "netIncome": "-13215076"}, {"fiscalDateEnding": "2007-12-31", "reportedCurrency": "USD", "grossProfit": "-2972405", "totalRevenue": "1002674", "costOfRevenue": "3975079", "costofGoodsAndServicesSold": "3975079", "operatingIncome": "-7926315", "sellingGeneralAndAdministrative": "None", "researchAndDevelopment": "3975000", "operatingExpenses": "4953910", "investmentIncomeNet": "None", "netInterestIncome": "None", "interestIncome": "None", "interestExpense": "424", "nonInterestIncome": "None", "otherNonOperatingIncome": "None", "depreciation": "None", "depreciationAndAmortization": "102416", "incomeBeforeTax": "None", "incomeTaxExpense": "-1422896", "interestAndDebtExpense": "None", "netIncomeFromContinuingOperations": "None", "comprehensiveIncomeNetOfTax": "None", "ebit": "-6501716", "ebitda": "-6399300", "netIncome": "-6503419"}, {"fiscalDateEnding": "2006-12-31", "reportedCurrency": "USD", "grossProfit": "None", "totalRevenue": "None", "costOfRevenue": "3362000", "costofGoodsAndServicesSold": "3362000", "operatingIncome": "-3375304", "sellingGeneralAndAdministrative": "3056219000", "researchAndDevelopment": "319085", "operatingExpenses": "3375304", "investmentIncomeNet": "None", "netInterestIncome": "None", "interestIncome": "None", "interestExpense": "1080691", "nonInterestIncome": "None", "otherNonOperatingIncome": "None", "depreciation": "None", "depreciationAndAmortization": "12635", "incomeBeforeTax": "-4180912000", "incomeTaxExpense": "-804802392", "interestAndDebtExpense": "None", "netIncomeFromContinuingOperations": "None", "comprehensiveIncomeNetOfTax": "None", "ebit": "-3100221", "ebitda": "-3087586", "netIncome": "-4180912"}, {"fiscalDateEnding": "2005-12-31", "reportedCurrency": "USD", "grossProfit": "None", "totalRevenue": "None", "costOfRevenue": "None", "costofGoodsAndServicesSold": "None", "operatingIncome": "-1204494", "sellingGeneralAndAdministrative": "None", "researchAndDevelopment": "None", "operatingExpenses": "1204494", "investmentIncomeNet": "None", "netInterestIncome": "None", "interestIncome": "None", "interestExpense": "2740", "nonInterestIncome": "None", "otherNonOperatingIncome": "None", "depreciation": "None", "depreciationAndAmortization": "None", "incomeBeforeTax": "-1207234", "incomeTaxExpense": "None", "interestAndDebtExpense": "None", "netIncomeFromContinuingOperations": "None", "comprehensiveIncomeNetOfTax": "None", "ebit": "-1204494", "ebitda": "-1204494", "netIncome": "-1207234"}], "quarterlyReports": [{"fiscalDateEnding": "2025-09-30", "reportedCurrency": "USD", "grossProfit": "-60442", "totalRevenue": "28549", "costOfRevenue": "88991", "costofGoodsAndServicesSold": "88991", "operatingIncome": "-1967683", "sellingGeneralAndAdministrative": "1262838", "researchAndDevelopment": "620572", "operatingExpenses": "1907241", "investmentIncomeNet": "None", "netInterestIncome": "6688", "interestIncome": "18980", "interestExpense": "12292", "nonInterestIncome": "None", "otherNonOperatingIncome": "None", "depreciation": "None", "depreciationAndAmortization": "23832", "incomeBeforeTax": "-2021640", "incomeTaxExpense": "None", "interestAndDebtExpense": "None", "netIncomeFromContinuingOperations": "-2021640", "comprehensiveIncomeNetOfTax": "None", "ebit": "-2009348", "ebitda": "-1985516", "netIncome": "-2021640"}, {"fiscalDateEnding": "2025-06-30", "reportedCurrency": "USD", "grossProfit": "-11647", "totalRevenue": "16961", "costOfRevenue": "28608", "costofGoodsAndServicesSold": "28608", "operatingIncome": "-2089054", "sellingGeneralAndAdministrative": "1437044", "researchAndDevelopment": "622921", "operatingExpenses": "2077407", "investmentIncomeNet": "None", "netInterestIncome": "-12159", "interestIncome": "None", "interestExpense": "12159", "nonInterestIncome": "None", "otherNonOperatingIncome": "None", "depreciation": "None", "depreciationAndAmortization": "152205", "incomeBeforeTax": "-2065397", "incomeTaxExpense": "None", "interestAndDebtExpense": "None", "netIncomeFromContinuingOperations": "-2065397", "comprehensiveIncomeNetOfTax": "None", "ebit": "-2053238", "ebitda": "-1901033", "netIncome": "-2065397"}, {"fiscalDateEnding": "2025-03-31", "reportedCurrency": "USD", "grossProfit": "-8491", "totalRevenue": "15624", "costOfRevenue": "24115", "costofGoodsAndServicesSold": "24115", "operatingIncome": "-1746430", "sellingGeneralAndAdministrative": "1162284", "researchAndDevelopment": "558744", "operatingExpenses": "1737939", "investmentIncomeNet": "None", "netInterestIncome": "-15251", "interestIncome": "None", "interestExpense": "15251", "nonInterestIncome": "None", "otherNonOperatingIncome": "None", "depreciation": "None", "depreciationAndAmortization": "147490", "incomeBeforeTax": "-1674296", "incomeTaxExpense": "None", "interestAndDebtExpense": "None", "netIncomeFromContinuingOperations": "-1674296", "comprehensiveIncomeNetOfTax": "None", "ebit": "-1659045", "ebitda": "-1511555", "netIncome": "-1674296"}, {"fiscalDateEnding": "2024-12-31", "reportedCurrency": "USD", "grossProfit": "-584850", "totalRevenue": "547116", "costOfRevenue": "584850", "costofGoodsAndServicesSold": "584850", "operatingIncome": "-1445148", "sellingGeneralAndAdministrative": "843295", "researchAndDevelopment": "584182", "operatingExpenses": "860298", "investmentIncomeNet": "None", "netInterestIncome": "-61245", "interestIncome": "None", "interestExpense": "61245", "nonInterestIncome": "None", "otherNonOperatingIncome": "None", "depreciation": "None", "depreciationAndAmortization": "17003", "incomeBeforeTax": "-1455838", "incomeTaxExpense": "-3", "interestAndDebtExpense": "None", "netIncomeFromContinuingOperations": "-1455838", "comprehensiveIncomeNetOfTax": "None", "ebit": "-1445148", "ebitda": "-1428145", "netIncome": "-1455838"}, {"fiscalDateEnding": "2024-09-30", "reportedCurrency": "USD", "grossProfit": "-68246", "totalRevenue": "8550", "costOfRevenue": "76796", "costofGoodsAndServicesSold": "76796", "operatingIncome": "-2260896", "sellingGeneralAndAdministrative": "1571386", "researchAndDevelopment": "603534", "operatingExpenses": "2192650", "investmentIncomeNet": "None", "netInterestIncome": "-170838", "interestIncome": "35593", "interestExpense": "170838", "nonInterestIncome": "None", "otherNonOperatingIncome": "None", "depreciation": "None", "depreciationAndAmortization": "140584", "incomeBeforeTax": "-1690867", "incomeTaxExpense": "None", "interestAndDebtExpense": "None", "netIncomeFromContinuingOperations": "-1690867", "comprehensiveIncomeNetOfTax": "None", "ebit": "-1520029", "ebitda": "-1379445", "netIncome": "-1690867"}, {"fiscalDateEnding": "2024-06-30", "reportedCurrency": "USD", "grossProfit": "-33781", "totalRevenue": "27743", "costOfRevenue": "61524", "costofGoodsAndServicesSold": "61524", "operatingIncome": "-2355573", "sellingGeneralAndAdministrative": "1797140", "researchAndDevelopment": "506001", "operatingExpenses": "2321792", "investmentIncomeNet": "None", "netInterestIncome": "-307081", "interestIncome": "None", "interestExpense": "307081", "nonInterestIncome": "None", "otherNonOperatingIncome": "None", "depreciation": "None", "depreciationAndAmortization": "137838", "incomeBeforeTax": "-3445827", "incomeTaxExpense": "1", "interestAndDebtExpense": "None", "netIncomeFromContinuingOperations": "-3445827", "comprehensiveIncomeNetOfTax": "None", "ebit": "-3138746", "ebitda": "-3000908", "netIncome": "-3445827"}, {"fiscalDateEnding": "2024-03-31", "reportedCurrency": "USD", "grossProfit": "-3788", "totalRevenue": "5600", "costOfRevenue": "9388", "costofGoodsAndServicesSold": "9388", "operatingIncome": "-2475534", "sellingGeneralAndAdministrative": "1319275", "researchAndDevelopment": "607233", "operatingExpenses": "2471746", "investmentIncomeNet": "None", "netInterestIncome": "-126555", "interestIncome": "None", "interestExpense": "126555", "nonInterestIncome": "None", "otherNonOperatingIncome": "None", "depreciation": "None", "depreciationAndAmortization": "136388", "incomeBeforeTax": "-2537742", "incomeTaxExpense": "3", "interestAndDebtExpense": "None", "netIncomeFromContinuingOperations": "-2537742", "comprehensiveIncomeNetOfTax": "None", "ebit": "-2411187", "ebitda": "-2274799", "netIncome": "-2537742"}, {"fiscalDateEnding": "2023-12-31", "reportedCurrency": "USD", "grossProfit": "-68745", "totalRevenue": "2780", "costOfRevenue": "71525", "costofGoodsAndServicesSold": "71525", "operatingIncome": "-5088522", "sellingGeneralAndAdministrative": "1325444", "researchAndDevelopment": "389327", "operatingExpenses": "5019777", "investmentIncomeNet": "None", "netInterestIncome": "-56095", "interestIncome": "None", "interestExpense": "56095", "nonInterestIncome": "None", "otherNonOperatingIncome": "None", "depreciation": "None", "depreciationAndAmortization": "133577", "incomeBeforeTax": "-5163799", "incomeTaxExpense": "3", "interestAndDebtExpense": "None", "netIncomeFromContinuingOperations": "-5163799", "comprehensiveIncomeNetOfTax": "None", "ebit": "-5107704", "ebitda": "-4974127", "netIncome": "-5163799"}, {"fiscalDateEnding": "2023-09-30", "reportedCurrency": "USD", "grossProfit": "-462798", "totalRevenue": "229954", "costOfRevenue": "692752", "costofGoodsAndServicesSold": "692752", "operatingIncome": "-2378023", "sellingGeneralAndAdministrative": "1546560", "researchAndDevelopment": "344942", "operatingExpenses": "1915225", "investmentIncomeNet": "None", "netInterestIncome": "-288109", "interestIncome": "None", "interestExpense": "288109", "nonInterestIncome": "None", "otherNonOperatingIncome": "None", "depreciation": "None", "depreciationAndAmortization": "184325", "incomeBeforeTax": "-1909273", "incomeTaxExpense": "63309", "interestAndDebtExpense": "None", "netIncomeFromContinuingOperations": "-1909273", "comprehensiveIncomeNetOfTax": "None", "ebit": "-1621164", "ebitda": "-1436839", "netIncome": "-1909273"}, {"fiscalDateEnding": "2023-06-30", "reportedCurrency": "USD", "grossProfit": "-564968", "totalRevenue": "101301", "costOfRevenue": "666269", "costofGoodsAndServicesSold": "666269", "operatingIncome": "-3151425", "sellingGeneralAndAdministrative": "1739693", "researchAndDevelopment": "822321", "operatingExpenses": "2586457", "investmentIncomeNet": "None", "netInterestIncome": "-761877", "interestIncome": "None", "interestExpense": "761877", "nonInterestIncome": "None", "otherNonOperatingIncome": "None", "depreciation": "None", "depreciationAndAmortization": "236525", "incomeBeforeTax": "-3913472", "incomeTaxExpense": "114440", "interestAndDebtExpense": "None", "netIncomeFromContinuingOperations": "-3913472", "comprehensiveIncomeNetOfTax": "None", "ebit": "-3151595", "ebitda": "-2915070", "netIncome": "-3913472"}, {"fiscalDateEnding": "2023-03-31", "reportedCurrency": "USD", "grossProfit": "-337570", "totalRevenue": "124225", "costOfRevenue": "461795", "costofGoodsAndServicesSold": "461795", "operatingIncome": "-5025316", "sellingGeneralAndAdministrative": "2996271", "researchAndDevelopment": "1665694", "operatingExpenses": "4687746", "investmentIncomeNet": "None", "netInterestIncome": "-1068036", "interestIncome": "None", "interestExpense": "1068036", "nonInterestIncome": "None", "otherNonOperatingIncome": "None", "depreciation": "None", "depreciationAndAmortization": "208337", "incomeBeforeTax": "-6083352", "incomeTaxExpense": "2126072", "interestAndDebtExpense": "None", "netIncomeFromContinuingOperations": "-6083352", "comprehensiveIncomeNetOfTax": "None", "ebit": "-5015316", "ebitda": "-4806979", "netIncome": "-6083352"}, {"fiscalDateEnding": "2022-12-31", "reportedCurrency": "USD", "grossProfit": "-479095", "totalRevenue": "12661", "costOfRevenue": "491756", "costofGoodsAndServicesSold": "491756", "operatingIncome": "-4911677", "sellingGeneralAndAdministrative": "2835779", "researchAndDevelopment": "1576156", "operatingExpenses": "4432582", "investmentIncomeNet": "None", "netInterestIncome": "-333653", "interestIncome": "None", "interestExpense": "333653", "nonInterestIncome": "None", "otherNonOperatingIncome": "None", "depreciation": "None", "depreciationAndAmortization": "199073", "incomeBeforeTax": "-5234105", "incomeTaxExpense": "-27486", "interestAndDebtExpense": "None", "netIncomeFromContinuingOperations": "-5234105", "comprehensiveIncomeNetOfTax": "None", "ebit": "-4900452", "ebitda": "-4701379", "netIncome": "-5234105"}, {"fiscalDateEnding": "2022-09-30", "reportedCurrency": "USD", "grossProfit": "-403475", "totalRevenue": "6344", "costOfRevenue": "409819", "costofGoodsAndServicesSold": "409819", "operatingIncome": "-7650511", "sellingGeneralAndAdministrative": "5686369", "researchAndDevelopment": "1540170", "operatingExpenses": "7247036", "investmentIncomeNet": "None", "netInterestIncome": "-252571", "interestIncome": "None", "interestExpense": "252571", "nonInterestIncome": "None", "otherNonOperatingIncome": "-7484", "depreciation": "None", "depreciationAndAmortization": "196184", "incomeBeforeTax": "-7910566", "incomeTaxExpense": "27484", "interestAndDebtExpense": "None", "netIncomeFromContinuingOperations": "-7910566", "comprehensiveIncomeNetOfTax": "None", "ebit": "-7657995", "ebitda": "-7461811", "netIncome": "-7910566"}, {"fiscalDateEnding": "2022-06-30", "reportedCurrency": "USD", "grossProfit": "60577", "totalRevenue": "637571", "costOfRevenue": "576994", "costofGoodsAndServicesSold": "576994", "operatingIncome": "-2282415", "sellingGeneralAndAdministrative": "871881", "researchAndDevelopment": "1453273", "operatingExpenses": "2342992", "investmentIncomeNet": "None", "netInterestIncome": "-32370", "interestIncome": "None", "interestExpense": "32370", "nonInterestIncome": "None", "otherNonOperatingIncome": "2000", "depreciation": "None", "depreciationAndAmortization": "189281", "incomeBeforeTax": "-2312785", "incomeTaxExpense": "30370", "interestAndDebtExpense": "None", "netIncomeFromContinuingOperations": "-2312785", "comprehensiveIncomeNetOfTax": "None", "ebit": "-2280415", "ebitda": "-2091134", "netIncome": "-2312785"}, {"fiscalDateEnding": "2022-03-31", "reportedCurrency": "USD", "grossProfit": "33320", "totalRevenue": "566210", "costOfRevenue": "532890", "costofGoodsAndServicesSold": "532890", "operatingIncome": "-2210933", "sellingGeneralAndAdministrative": "821266", "researchAndDevelopment": "1406322", "operatingExpenses": "2244253", "investmentIncomeNet": "None", "netInterestIncome": "-2086314", "interestIncome": "None", "interestExpense": "2086314", "nonInterestIncome": "None", "otherNonOperatingIncome": "-2", "depreciation": "None", "depreciationAndAmortization": "185336", "incomeBeforeTax": "-4297249", "incomeTaxExpense": "2", "interestAndDebtExpense": "None", "netIncomeFromContinuingOperations": "-4297249", "comprehensiveIncomeNetOfTax": "None", "ebit": "-2210935", "ebitda": "-2025599", "netIncome": "-4297249"}, {"fiscalDateEnding": "2021-12-31", "reportedCurrency": "USD", "grossProfit": "-850769", "totalRevenue": "50414", "costOfRevenue": "901183", "costofGoodsAndServicesSold": "901183", "operatingIncome": "-3161874", "sellingGeneralAndAdministrative": "1053216", "researchAndDevelopment": "1423924", "operatingExpenses": "2311105", "investmentIncomeNet": "None", "netInterestIncome": "-188794", "interestIncome": "None", "interestExpense": "188794", "nonInterestIncome": "None", "otherNonOperatingIncome": "-237866", "depreciation": "None", "depreciationAndAmortization": "183297", "incomeBeforeTax": "-3588534", "incomeTaxExpense": "188794", "interestAndDebtExpense": "None", "netIncomeFromContinuingOperations": "-3588534", "comprehensiveIncomeNetOfTax": "None", "ebit": "-3399736", "ebitda": "-3216439", "netIncome": "-3588534"}, {"fiscalDateEnding": "2021-09-30", "reportedCurrency": "USD", "grossProfit": "-676162", "totalRevenue": "11723", "costOfRevenue": "687885", "costofGoodsAndServicesSold": "687885", "operatingIncome": "-2660427", "sellingGeneralAndAdministrative": "882641", "researchAndDevelopment": "1086513", "operatingExpenses": "1984265", "investmentIncomeNet": "None", "netInterestIncome": "-167983", "interestIncome": "None", "interestExpense": "167983", "nonInterestIncome": "None", "otherNonOperatingIncome": "263496", "depreciation": "None", "depreciationAndAmortization": "178588", "incomeBeforeTax": "-2564914", "incomeTaxExpense": "235627", "interestAndDebtExpense": "None", "netIncomeFromContinuingOperations": "-2564914", "comprehensiveIncomeNetOfTax": "None", "ebit": "-2396931", "ebitda": "-2218343", "netIncome": "-2564914"}, {"fiscalDateEnding": "2021-06-30", "reportedCurrency": "USD", "grossProfit": "-43373", "totalRevenue": "380488", "costOfRevenue": "423861", "costofGoodsAndServicesSold": "423861", "operatingIncome": "-1757703", "sellingGeneralAndAdministrative": "800416", "researchAndDevelopment": "901850", "operatingExpenses": "1714330", "investmentIncomeNet": "None", "netInterestIncome": "-169472", "interestIncome": "None", "interestExpense": "169472", "nonInterestIncome": "None", "otherNonOperatingIncome": "234236", "depreciation": "None", "depreciationAndAmortization": "173030", "incomeBeforeTax": "-1692939", "incomeTaxExpense": "169472", "interestAndDebtExpense": "None", "netIncomeFromContinuingOperations": "-1692939", "comprehensiveIncomeNetOfTax": "None", "ebit": "-1523467", "ebitda": "-1350437", "netIncome": "-1692939"}, {"fiscalDateEnding": "2021-03-31", "reportedCurrency": "USD", "grossProfit": "92376", "totalRevenue": "165158", "costOfRevenue": "72782", "costofGoodsAndServicesSold": "72782", "operatingIncome": "-1210241", "sellingGeneralAndAdministrative": "561709", "researchAndDevelopment": "728036", "operatingExpenses": "1302617", "investmentIncomeNet": "None", "netInterestIncome": "-562079", "interestIncome": "None", "interestExpense": "562079", "nonInterestIncome": "None", "otherNonOperatingIncome": "3618704", "depreciation": "None", "depreciationAndAmortization": "171376", "incomeBeforeTax": "1846384", "incomeTaxExpense": "-32375", "interestAndDebtExpense": "None", "netIncomeFromContinuingOperations": "1846384", "comprehensiveIncomeNetOfTax": "None", "ebit": "2408463", "ebitda": "2579839", "netIncome": "1846384"}, {"fiscalDateEnding": "2020-12-31", "reportedCurrency": "USD", "grossProfit": "27139", "totalRevenue": "50062", "costOfRevenue": "22923", "costofGoodsAndServicesSold": "22923", "operatingIncome": "-324187", "sellingGeneralAndAdministrative": "119870", "researchAndDevelopment": "176067", "operatingExpenses": "351326", "investmentIncomeNet": "None", "netInterestIncome": "-280421", "interestIncome": "None", "interestExpense": "1032774", "nonInterestIncome": "None", "otherNonOperatingIncome": "7976750", "depreciation": "None", "depreciationAndAmortization": "55386", "incomeBeforeTax": "-1356961", "incomeTaxExpense": "3", "interestAndDebtExpense": "None", "netIncomeFromContinuingOperations": "-1356961", "comprehensiveIncomeNetOfTax": "None", "ebit": "-324184", "ebitda": "-268798", "netIncome": "-1356961"}, {"fiscalDateEnding": "2020-09-30", "reportedCurrency": "USD", "grossProfit": "765", "totalRevenue": "6293", "costOfRevenue": "5528", "costofGoodsAndServicesSold": "5528", "operatingIncome": "-491280", "sellingGeneralAndAdministrative": "315660", "researchAndDevelopment": "150060", "operatingExpenses": "492045", "investmentIncomeNet": "None", "netInterestIncome": "-963648", "interestIncome": "None", "interestExpense": "963648", "nonInterestIncome": "None", "otherNonOperatingIncome": "4045549", "depreciation": "None", "depreciationAndAmortization": "55037", "incomeBeforeTax": "2590621", "incomeTaxExpense": "None", "interestAndDebtExpense": "None", "netIncomeFromContinuingOperations": "2590621", "comprehensiveIncomeNetOfTax": "None", "ebit": "3554269", "ebitda": "3609306", "netIncome": "2590621"}, {"fiscalDateEnding": "2020-06-30", "reportedCurrency": "USD", "grossProfit": "27139", "totalRevenue": "50062", "costOfRevenue": "22923", "costofGoodsAndServicesSold": "22923", "operatingIncome": "-324187", "sellingGeneralAndAdministrative": "119870", "researchAndDevelopment": "176067", "operatingExpenses": "351326", "investmentIncomeNet": "None", "netInterestIncome": "-1032774", "interestIncome": "None", "interestExpense": "1032774", "nonInterestIncome": "None", "otherNonOperatingIncome": "None", "depreciation": "None", "depreciationAndAmortization": "55386", "incomeBeforeTax": "-1356961", "incomeTaxExpense": "None", "interestAndDebtExpense": "None", "netIncomeFromContinuingOperations": "-1356961", "comprehensiveIncomeNetOfTax": "None", "ebit": "-324187", "ebitda": "-268801", "netIncome": "-1356961"}, {"fiscalDateEnding": "2020-03-31", "reportedCurrency": "USD", "grossProfit": "-68616", "totalRevenue": "4090", "costOfRevenue": "72706", "costofGoodsAndServicesSold": "72706", "operatingIncome": "-353865", "sellingGeneralAndAdministrative": "69522", "researchAndDevelopment": "159464", "operatingExpenses": "285249", "investmentIncomeNet": "None", "netInterestIncome": "-1230692", "interestIncome": "None", "interestExpense": "1230692", "nonInterestIncome": "None", "otherNonOperatingIncome": "7976750", "depreciation": "None", "depreciationAndAmortization": "56265", "incomeBeforeTax": "6392193", "incomeTaxExpense": "None", "interestAndDebtExpense": "None", "netIncomeFromContinuingOperations": "6392193", "comprehensiveIncomeNetOfTax": "None", "ebit": "7622885", "ebitda": "7679150", "netIncome": "6392193"}, {"fiscalDateEnding": "2019-12-31", "reportedCurrency": "USD", "grossProfit": "-197674", "totalRevenue": "10256", "costOfRevenue": "207930", "costofGoodsAndServicesSold": "207930", "operatingIncome": "-788490", "sellingGeneralAndAdministrative": "301088", "researchAndDevelopment": "232106", "operatingExpenses": "590816", "investmentIncomeNet": "None", "netInterestIncome": "-2109662", "interestIncome": "None", "interestExpense": "2109662", "nonInterestIncome": "None", "otherNonOperatingIncome": "-37759", "depreciation": "None", "depreciationAndAmortization": "57617", "incomeBeforeTax": "-2935911", "incomeTaxExpense": "None", "interestAndDebtExpense": "None", "netIncomeFromContinuingOperations": "-2935911", "comprehensiveIncomeNetOfTax": "None", "ebit": "-826249", "ebitda": "-768632", "netIncome": "-2935911"}, {"fiscalDateEnding": "2019-09-30", "reportedCurrency": "USD", "grossProfit": "264102", "totalRevenue": "338373", "costOfRevenue": "74271", "costofGoodsAndServicesSold": "74271", "operatingIncome": "-888393", "sellingGeneralAndAdministrative": "633566", "researchAndDevelopment": "460775", "operatingExpenses": "1152495", "investmentIncomeNet": "None", "netInterestIncome": "-1907895", "interestIncome": "None", "interestExpense": "1907895", "nonInterestIncome": "None", "otherNonOperatingIncome": "1516883", "depreciation": "None", "depreciationAndAmortization": "58154", "incomeBeforeTax": "-1279405", "incomeTaxExpense": "1913895", "interestAndDebtExpense": "None", "netIncomeFromContinuingOperations": "-1279405", "comprehensiveIncomeNetOfTax": "None", "ebit": "628490", "ebitda": "686644", "netIncome": "-1279405"}, {"fiscalDateEnding": "2019-06-30", "reportedCurrency": "USD", "grossProfit": "-42750", "totalRevenue": "74368", "costOfRevenue": "117118", "costofGoodsAndServicesSold": "117118", "operatingIncome": "-636325", "sellingGeneralAndAdministrative": "403915", "researchAndDevelopment": "129003", "operatingExpenses": "593575", "investmentIncomeNet": "None", "netInterestIncome": "-2006195", "interestIncome": "None", "interestExpense": "2006195", "nonInterestIncome": "None", "otherNonOperatingIncome": "-1251162", "depreciation": "None", "depreciationAndAmortization": "60657", "incomeBeforeTax": "-3893682", "incomeTaxExpense": "2006195", "interestAndDebtExpense": "None", "netIncomeFromContinuingOperations": "-3893682", "comprehensiveIncomeNetOfTax": "None", "ebit": "-1887487", "ebitda": "-1826830", "netIncome": "-3893682"}, {"fiscalDateEnding": "2019-03-31", "reportedCurrency": "USD", "grossProfit": "123948", "totalRevenue": "215384", "costOfRevenue": "91436", "costofGoodsAndServicesSold": "91436", "operatingIncome": "-939842", "sellingGeneralAndAdministrative": "508375", "researchAndDevelopment": "489063", "operatingExpenses": "1063790", "investmentIncomeNet": "None", "netInterestIncome": "-2826248", "interestIncome": "None", "interestExpense": "2826248", "nonInterestIncome": "None", "otherNonOperatingIncome": "7006827", "depreciation": "None", "depreciationAndAmortization": "66352", "incomeBeforeTax": "3240737", "incomeTaxExpense": "2826248", "interestAndDebtExpense": "None", "netIncomeFromContinuingOperations": "3240737", "comprehensiveIncomeNetOfTax": "None", "ebit": "6066985", "ebitda": "6133337", "netIncome": "3240737"}, {"fiscalDateEnding": "2018-12-31", "reportedCurrency": "USD", "grossProfit": "-162248", "totalRevenue": "349939", "costOfRevenue": "512187", "costofGoodsAndServicesSold": "512187", "operatingIncome": "-1655876", "sellingGeneralAndAdministrative": "1000868", "researchAndDevelopment": "404778", "operatingExpenses": "1493628", "investmentIncomeNet": "None", "netInterestIncome": "None", "interestIncome": "None", "interestExpense": "2072422", "nonInterestIncome": "None", "otherNonOperatingIncome": "-4727701", "depreciation": "None", "depreciationAndAmortization": "91732", "incomeBeforeTax": "-8455999", "incomeTaxExpense": "None", "interestAndDebtExpense": "None", "netIncomeFromContinuingOperations": "-8455999", "comprehensiveIncomeNetOfTax": "None", "ebit": "-6383577", "ebitda": "-6291845", "netIncome": "-8455999"}, {"fiscalDateEnding": "2018-09-30", "reportedCurrency": "USD", "grossProfit": "32000", "totalRevenue": "32000", "costOfRevenue": "516782", "costofGoodsAndServicesSold": "516782", "operatingIncome": "-1183669", "sellingGeneralAndAdministrative": "607784", "researchAndDevelopment": "516782", "operatingExpenses": "1215670", "investmentIncomeNet": "None", "netInterestIncome": "None", "interestIncome": "None", "interestExpense": "1730717", "nonInterestIncome": "None", "otherNonOperatingIncome": "3297880", "depreciation": "None", "depreciationAndAmortization": "91104", "incomeBeforeTax": "383494", "incomeTaxExpense": "1743861", "interestAndDebtExpense": "None", "netIncomeFromContinuingOperations": "383494", "comprehensiveIncomeNetOfTax": "None", "ebit": "2114207", "ebitda": "2205311", "netIncome": "383494"}, {"fiscalDateEnding": "2018-06-30", "reportedCurrency": "USD", "grossProfit": "-127619", "totalRevenue": "102962", "costOfRevenue": "230581", "costofGoodsAndServicesSold": "230581", "operatingIncome": "-1625725", "sellingGeneralAndAdministrative": "700615", "researchAndDevelopment": "700045", "operatingExpenses": "1498106", "investmentIncomeNet": "None", "netInterestIncome": "None", "interestIncome": "None", "interestExpense": "2128698", "nonInterestIncome": "None", "otherNonOperatingIncome": "299595", "depreciation": "None", "depreciationAndAmortization": "96508", "incomeBeforeTax": "-3454828", "incomeTaxExpense": "2129636", "interestAndDebtExpense": "None", "netIncomeFromContinuingOperations": "-3454828", "comprehensiveIncomeNetOfTax": "None", "ebit": "-1325192", "ebitda": "-1228684", "netIncome": "-3454828"}, {"fiscalDateEnding": "2018-03-31", "reportedCurrency": "USD", "grossProfit": "104483", "totalRevenue": "377511", "costOfRevenue": "273028", "costofGoodsAndServicesSold": "273028", "operatingIncome": "-2104855", "sellingGeneralAndAdministrative": "934591", "researchAndDevelopment": "1173035", "operatingExpenses": "2209338", "investmentIncomeNet": "None", "netInterestIncome": "None", "interestIncome": "None", "interestExpense": "1343730", "nonInterestIncome": "None", "otherNonOperatingIncome": "-984461", "depreciation": "None", "depreciationAndAmortization": "101712", "incomeBeforeTax": "-4433046", "incomeTaxExpense": "1343730", "interestAndDebtExpense": "None", "netIncomeFromContinuingOperations": "-4433046", "comprehensiveIncomeNetOfTax": "None", "ebit": "-3089316", "ebitda": "-2987604", "netIncome": "-4433046"}, {"fiscalDateEnding": "2017-12-31", "reportedCurrency": "USD", "grossProfit": "-397270", "totalRevenue": "94387", "costOfRevenue": "491657", "costofGoodsAndServicesSold": "491657", "operatingIncome": "-2654919", "sellingGeneralAndAdministrative": "1086060", "researchAndDevelopment": "990618", "operatingExpenses": "2258030", "investmentIncomeNet": "None", "netInterestIncome": "None", "interestIncome": "None", "interestExpense": "1726546", "nonInterestIncome": "None", "otherNonOperatingIncome": "-1865111", "depreciation": "None", "depreciationAndAmortization": "185102", "incomeBeforeTax": "-5910838", "incomeTaxExpense": "1737270", "interestAndDebtExpense": "None", "netIncomeFromContinuingOperations": "-5910838", "comprehensiveIncomeNetOfTax": "None", "ebit": "-4523785", "ebitda": "-4338683", "netIncome": "-5910838"}, {"fiscalDateEnding": "2017-09-30", "reportedCurrency": "USD", "grossProfit": "-293203", "totalRevenue": "242055", "costOfRevenue": "535258", "costofGoodsAndServicesSold": "535258", "operatingIncome": "-3257204", "sellingGeneralAndAdministrative": "1341850", "researchAndDevelopment": "1311944", "operatingExpenses": "2964000", "investmentIncomeNet": "None", "netInterestIncome": "None", "interestIncome": "None", "interestExpense": "898916", "nonInterestIncome": "None", "otherNonOperatingIncome": "2136425", "depreciation": "None", "depreciationAndAmortization": "310207", "incomeBeforeTax": "-2355434", "incomeTaxExpense": "883863", "interestAndDebtExpense": "None", "netIncomeFromContinuingOperations": "-2355434", "comprehensiveIncomeNetOfTax": "None", "ebit": "-1456516", "ebitda": "-1146309", "netIncome": "-2355434"}, {"fiscalDateEnding": "2017-06-30", "reportedCurrency": "USD", "grossProfit": "-269892", "totalRevenue": "25134", "costOfRevenue": "295026", "costofGoodsAndServicesSold": "295026", "operatingIncome": "-3247187", "sellingGeneralAndAdministrative": "1405863", "researchAndDevelopment": "1241108", "operatingExpenses": "2977295", "investmentIncomeNet": "None", "netInterestIncome": "None", "interestIncome": "None", "interestExpense": "2247707", "nonInterestIncome": "None", "otherNonOperatingIncome": "779569", "depreciation": "None", "depreciationAndAmortization": "330323", "incomeBeforeTax": "-4715325", "incomeTaxExpense": "2098368", "interestAndDebtExpense": "None", "netIncomeFromContinuingOperations": "-4715325", "comprehensiveIncomeNetOfTax": "None", "ebit": "-2467617", "ebitda": "-2137294", "netIncome": "-4715325"}, {"fiscalDateEnding": "2017-03-31", "reportedCurrency": "USD", "grossProfit": "-1212238", "totalRevenue": "280603", "costOfRevenue": "1492841", "costofGoodsAndServicesSold": "1492841", "operatingIncome": "-4988744", "sellingGeneralAndAdministrative": "1764230", "researchAndDevelopment": "1276865", "operatingExpenses": "3412748", "investmentIncomeNet": "None", "netInterestIncome": "None", "interestIncome": "None", "interestExpense": "1991352", "nonInterestIncome": "None", "otherNonOperatingIncome": "1401563", "depreciation": "None", "depreciationAndAmortization": "371653", "incomeBeforeTax": "-5578533", "incomeTaxExpense": "2719837", "interestAndDebtExpense": "None", "netIncomeFromContinuingOperations": "-5578533", "comprehensiveIncomeNetOfTax": "None", "ebit": "-3587186", "ebitda": "-3215533", "netIncome": "-5578533"}, {"fiscalDateEnding": "2016-12-31", "reportedCurrency": "USD", "grossProfit": "-745676", "totalRevenue": "329137", "costOfRevenue": "1074813", "costofGoodsAndServicesSold": "1074813", "operatingIncome": "-4445220", "sellingGeneralAndAdministrative": "1784786", "researchAndDevelopment": "1495280", "operatingExpenses": "3699544", "investmentIncomeNet": "None", "netInterestIncome": "None", "interestIncome": "None", "interestExpense": "2460335", "nonInterestIncome": "None", "otherNonOperatingIncome": "1534150", "depreciation": "None", "depreciationAndAmortization": "419478", "incomeBeforeTax": "-5371404", "incomeTaxExpense": "0", "interestAndDebtExpense": "None", "netIncomeFromContinuingOperations": "-5371404", "comprehensiveIncomeNetOfTax": "None", "ebit": "-2911069", "ebitda": "-2491591", "netIncome": "-5371404"}, {"fiscalDateEnding": "2016-09-30", "reportedCurrency": "USD", "grossProfit": "-879479", "totalRevenue": "452674", "costOfRevenue": "1332153", "costofGoodsAndServicesSold": "1332153", "operatingIncome": "-5538950", "sellingGeneralAndAdministrative": "2576297", "researchAndDevelopment": "1660203", "operatingExpenses": "4659471", "investmentIncomeNet": "None", "netInterestIncome": "None", "interestIncome": "None", "interestExpense": "1789599", "nonInterestIncome": "None", "otherNonOperatingIncome": "-4457362", "depreciation": "None", "depreciationAndAmortization": "422970", "incomeBeforeTax": "-11785911", "incomeTaxExpense": "1832389", "interestAndDebtExpense": "None", "netIncomeFromContinuingOperations": "-11785911", "comprehensiveIncomeNetOfTax": "None", "ebit": "-9996310", "ebitda": "-9573340", "netIncome": "-11785911"}, {"fiscalDateEnding": "2016-06-30", "reportedCurrency": "USD", "grossProfit": "-1017187", "totalRevenue": "255323", "costOfRevenue": "1272510", "costofGoodsAndServicesSold": "1272510", "operatingIncome": "-7140741", "sellingGeneralAndAdministrative": "2956848", "researchAndDevelopment": "1785349", "operatingExpenses": "6123554", "investmentIncomeNet": "None", "netInterestIncome": "None", "interestIncome": "None", "interestExpense": "1404853", "nonInterestIncome": "None", "otherNonOperatingIncome": "-2622857", "depreciation": "None", "depreciationAndAmortization": "1381358", "incomeBeforeTax": "-11168451", "incomeTaxExpense": "1437186", "interestAndDebtExpense": "None", "netIncomeFromContinuingOperations": "-11168451", "comprehensiveIncomeNetOfTax": "None", "ebit": "-9763598", "ebitda": "-8382240", "netIncome": "-11168451"}, {"fiscalDateEnding": "2016-03-31", "reportedCurrency": "USD", "grossProfit": "-1454174", "totalRevenue": "710222", "costOfRevenue": "2164396", "costofGoodsAndServicesSold": "2164396", "operatingIncome": "-7503639", "sellingGeneralAndAdministrative": "2986847", "researchAndDevelopment": "1686417", "operatingExpenses": "6049465", "investmentIncomeNet": "None", "netInterestIncome": "None", "interestIncome": "None", "interestExpense": "2248139", "nonInterestIncome": "None", "otherNonOperatingIncome": "-773236", "depreciation": "None", "depreciationAndAmortization": "1376201", "incomeBeforeTax": "-10525014", "incomeTaxExpense": "2248139", "interestAndDebtExpense": "None", "netIncomeFromContinuingOperations": "-10525014", "comprehensiveIncomeNetOfTax": "None", "ebit": "-8276875", "ebitda": "-6900674", "netIncome": "-10525014"}, {"fiscalDateEnding": "2015-12-31", "reportedCurrency": "USD", "grossProfit": "-725173", "totalRevenue": "2392073", "costOfRevenue": "3117246", "costofGoodsAndServicesSold": "3117246", "operatingIncome": "-6863687", "sellingGeneralAndAdministrative": "3127430", "researchAndDevelopment": "1609434", "operatingExpenses": "6125944", "investmentIncomeNet": "None", "netInterestIncome": "None", "interestIncome": "None", "interestExpense": "7760434", "nonInterestIncome": "None", "otherNonOperatingIncome": "4064972", "depreciation": "None", "depreciationAndAmortization": "1389079", "incomeBeforeTax": "-10559150", "incomeTaxExpense": "7760434", "interestAndDebtExpense": "None", "netIncomeFromContinuingOperations": "-10559150", "comprehensiveIncomeNetOfTax": "None", "ebit": "-2798716", "ebitda": "-1409637", "netIncome": "-10559150"}, {"fiscalDateEnding": "2015-09-30", "reportedCurrency": "USD", "grossProfit": "-1038515", "totalRevenue": "1253056", "costOfRevenue": "2291571", "costofGoodsAndServicesSold": "2291571", "operatingIncome": "-7034246", "sellingGeneralAndAdministrative": "2872114", "researchAndDevelopment": "1731670", "operatingExpenses": "5995731", "investmentIncomeNet": "None", "netInterestIncome": "None", "interestIncome": "None", "interestExpense": "3580371", "nonInterestIncome": "None", "otherNonOperatingIncome": "4501415", "depreciation": "None", "depreciationAndAmortization": "1392300", "incomeBeforeTax": "-6113202", "incomeTaxExpense": "3485388", "interestAndDebtExpense": "None", "netIncomeFromContinuingOperations": "-6113202", "comprehensiveIncomeNetOfTax": "None", "ebit": "-2532831", "ebitda": "-1140531", "netIncome": "-6113202"}, {"fiscalDateEnding": "2015-06-30", "reportedCurrency": "USD", "grossProfit": "-337995", "totalRevenue": "2234223", "costOfRevenue": "2572218", "costofGoodsAndServicesSold": "2572218", "operatingIncome": "-6927146", "sellingGeneralAndAdministrative": "3522694", "researchAndDevelopment": "1654674", "operatingExpenses": "6589151", "investmentIncomeNet": "None", "netInterestIncome": "None", "interestIncome": "None", "interestExpense": "5256532", "nonInterestIncome": "None", "otherNonOperatingIncome": "846002", "depreciation": "None", "depreciationAndAmortization": "1411783", "incomeBeforeTax": "-11337676", "incomeTaxExpense": "5273368", "interestAndDebtExpense": "None", "netIncomeFromContinuingOperations": "-11337676", "comprehensiveIncomeNetOfTax": "None", "ebit": "-6081144", "ebitda": "-4669361", "netIncome": "-11337676"}, {"fiscalDateEnding": "2015-03-31", "reportedCurrency": "USD", "grossProfit": "-923853", "totalRevenue": "657640", "costOfRevenue": "1581493", "costofGoodsAndServicesSold": "1581493", "operatingIncome": "-6921305", "sellingGeneralAndAdministrative": "3044099", "researchAndDevelopment": "1716387", "operatingExpenses": "5997452", "investmentIncomeNet": "None", "netInterestIncome": "None", "interestIncome": "None", "interestExpense": "10860852", "nonInterestIncome": "None", "otherNonOperatingIncome": "-5613", "depreciation": "None", "depreciationAndAmortization": "1440266", "incomeBeforeTax": "-17787770", "incomeTaxExpense": "10878705", "interestAndDebtExpense": "None", "netIncomeFromContinuingOperations": "-17787770", "comprehensiveIncomeNetOfTax": "None", "ebit": "-6926918", "ebitda": "-5486652", "netIncome": "-17787770"}, {"fiscalDateEnding": "2014-12-31", "reportedCurrency": "USD", "grossProfit": "2355370", "totalRevenue": "2355370", "costOfRevenue": "9891000", "costofGoodsAndServicesSold": "9891000", "operatingIncome": "-9004765", "sellingGeneralAndAdministrative": "4052101", "researchAndDevelopment": "6984003", "operatingExpenses": "11036104", "investmentIncomeNet": "None", "netInterestIncome": "None", "interestIncome": "None", "interestExpense": "4109272000", "nonInterestIncome": "None", "otherNonOperatingIncome": "5234535", "depreciation": "None", "depreciationAndAmortization": "1480181", "incomeBeforeTax": "-11917019", "incomeTaxExpense": "4389447", "interestAndDebtExpense": "None", "netIncomeFromContinuingOperations": "-11917020", "comprehensiveIncomeNetOfTax": "None", "ebit": "-12438076", "ebitda": "-10957895", "netIncome": "-11917019"}, {"fiscalDateEnding": "2014-09-30", "reportedCurrency": "USD", "grossProfit": "1136732", "totalRevenue": "1136732", "costOfRevenue": "9026000", "costofGoodsAndServicesSold": "9026000", "operatingIncome": "-9382901", "sellingGeneralAndAdministrative": "3996689", "researchAndDevelopment": "6522944", "operatingExpenses": "10519633", "investmentIncomeNet": "None", "netInterestIncome": "None", "interestIncome": "None", "interestExpense": "139169", "nonInterestIncome": "None", "otherNonOperatingIncome": "-2864663", "depreciation": "None", "depreciationAndAmortization": "1505234", "incomeBeforeTax": "-12247564", "incomeTaxExpense": "1272084", "interestAndDebtExpense": "None", "netIncomeFromContinuingOperations": "-12247564", "comprehensiveIncomeNetOfTax": "None", "ebit": "-12108395", "ebitda": "-10603161", "netIncome": "-12247564"}, {"fiscalDateEnding": "2014-06-30", "reportedCurrency": "USD", "grossProfit": "1090380", "totalRevenue": "1090380", "costOfRevenue": "7489000", "costofGoodsAndServicesSold": "7489000", "operatingIncome": "-7892989", "sellingGeneralAndAdministrative": "3196079", "researchAndDevelopment": "5787290", "operatingExpenses": "8983369", "investmentIncomeNet": "None", "netInterestIncome": "None", "interestIncome": "None", "interestExpense": "142919", "nonInterestIncome": "None", "otherNonOperatingIncome": "-2526652", "depreciation": "None", "depreciationAndAmortization": "1505279", "incomeBeforeTax": "-10419641", "incomeTaxExpense": "1452661", "interestAndDebtExpense": "None", "netIncomeFromContinuingOperations": "-10419641", "comprehensiveIncomeNetOfTax": "None", "ebit": "-10276722", "ebitda": "-8771443", "netIncome": "-10419641"}, {"fiscalDateEnding": "2014-03-31", "reportedCurrency": "USD", "grossProfit": "753063", "totalRevenue": "753063", "costOfRevenue": "6863000", "costofGoodsAndServicesSold": "6863000", "operatingIncome": "-7578321", "sellingGeneralAndAdministrative": "3111307", "researchAndDevelopment": "5220077", "operatingExpenses": "8331384", "investmentIncomeNet": "None", "netInterestIncome": "None", "interestIncome": "None", "interestExpense": "105480", "nonInterestIncome": "None", "otherNonOperatingIncome": "-1191903", "depreciation": "None", "depreciationAndAmortization": "1470149", "incomeBeforeTax": "-8770224", "incomeTaxExpense": "735454", "interestAndDebtExpense": "None", "netIncomeFromContinuingOperations": "-8770224", "comprehensiveIncomeNetOfTax": "None", "ebit": "-8664744", "ebitda": "-7194595", "netIncome": "-8770224"}, {"fiscalDateEnding": "2013-12-31", "reportedCurrency": "USD", "grossProfit": "581656", "totalRevenue": "581656", "costOfRevenue": "7516000", "costofGoodsAndServicesSold": "7516000", "operatingIncome": "-7267787", "sellingGeneralAndAdministrative": "3152821", "researchAndDevelopment": "5096272", "operatingExpenses": "7027093", "investmentIncomeNet": "None", "netInterestIncome": "None", "interestIncome": "None", "interestExpense": "106463", "nonInterestIncome": "None", "otherNonOperatingIncome": "-7577572", "depreciation": "None", "depreciationAndAmortization": "1565914", "incomeBeforeTax": "-8909597", "incomeTaxExpense": "642091", "interestAndDebtExpense": "None", "netIncomeFromContinuingOperations": "-16067359", "comprehensiveIncomeNetOfTax": "None", "ebit": "-7667439", "ebitda": "-6101525", "netIncome": "-8909597"}, {"fiscalDateEnding": "2013-09-30", "reportedCurrency": "USD", "grossProfit": "274833", "totalRevenue": "274833", "costOfRevenue": "5167000", "costofGoodsAndServicesSold": "5167000", "operatingIncome": "-6445499", "sellingGeneralAndAdministrative": "1384650", "researchAndDevelopment": "5335682", "operatingExpenses": "6720332", "investmentIncomeNet": "None", "netInterestIncome": "None", "interestIncome": "None", "interestExpense": "108000", "nonInterestIncome": "None", "otherNonOperatingIncome": "-36380", "depreciation": "None", "depreciationAndAmortization": "1563514", "incomeBeforeTax": "-6481879", "incomeTaxExpense": "-70272", "interestAndDebtExpense": "None", "netIncomeFromContinuingOperations": "-6481879", "comprehensiveIncomeNetOfTax": "None", "ebit": "-6445499", "ebitda": "-4881985", "netIncome": "-6481879"}, {"fiscalDateEnding": "2013-06-30", "reportedCurrency": "USD", "grossProfit": "225051", "totalRevenue": "225051", "costOfRevenue": "5657000", "costofGoodsAndServicesSold": "5657000", "operatingIncome": "-6976107", "sellingGeneralAndAdministrative": "1610822", "researchAndDevelopment": "5590336", "operatingExpenses": "7201158", "investmentIncomeNet": "None", "netInterestIncome": "None", "interestIncome": "None", "interestExpense": "108660", "nonInterestIncome": "None", "otherNonOperatingIncome": "-107017", "depreciation": "None", "depreciationAndAmortization": "1553947", "incomeBeforeTax": "-7083124", "incomeTaxExpense": "0", "interestAndDebtExpense": "None", "netIncomeFromContinuingOperations": "-7083124", "comprehensiveIncomeNetOfTax": "None", "ebit": "-6976107", "ebitda": "-5422160", "netIncome": "-7083124"}, {"fiscalDateEnding": "2013-03-31", "reportedCurrency": "USD", "grossProfit": "234937", "totalRevenue": "234937", "costOfRevenue": "5029000", "costofGoodsAndServicesSold": "5029000", "operatingIncome": "-6327883", "sellingGeneralAndAdministrative": "1242591", "researchAndDevelopment": "5320229", "operatingExpenses": "6562820", "investmentIncomeNet": "None", "netInterestIncome": "None", "interestIncome": "None", "interestExpense": "109732", "nonInterestIncome": "None", "otherNonOperatingIncome": "-106468", "depreciation": "None", "depreciationAndAmortization": "1542479", "incomeBeforeTax": "-6434351", "incomeTaxExpense": "0", "interestAndDebtExpense": "None", "netIncomeFromContinuingOperations": "-6434351", "comprehensiveIncomeNetOfTax": "None", "ebit": "-6327883", "ebitda": "-4785404", "netIncome": "-6434351"}, {"fiscalDateEnding": "2012-12-31", "reportedCurrency": "USD", "grossProfit": "45359", "totalRevenue": "45359", "costOfRevenue": "8819000", "costofGoodsAndServicesSold": "8819000", "operatingIncome": "-10275096", "sellingGeneralAndAdministrative": "1140353", "researchAndDevelopment": "5778492", "operatingExpenses": "6918845", "investmentIncomeNet": "None", "netInterestIncome": "None", "interestIncome": "None", "interestExpense": "67516", "nonInterestIncome": "None", "otherNonOperatingIncome": "-679494", "depreciation": "None", "depreciationAndAmortization": "1501138", "incomeBeforeTax": "-28762492133", "incomeTaxExpense": "-11908961", "interestAndDebtExpense": "None", "netIncomeFromContinuingOperations": "-10954589", "comprehensiveIncomeNetOfTax": "None", "ebit": "-6873486", "ebitda": "-5372348", "netIncome": "-10953571"}, {"fiscalDateEnding": "2012-09-30", "reportedCurrency": "USD", "grossProfit": "555687", "totalRevenue": "555687", "costOfRevenue": "5333000", "costofGoodsAndServicesSold": "5333000", "operatingIncome": "-6361622", "sellingGeneralAndAdministrative": "1187711", "researchAndDevelopment": "5729598", "operatingExpenses": "6917309", "investmentIncomeNet": "None", "netInterestIncome": "None", "interestIncome": "None", "interestExpense": "112000", "nonInterestIncome": "None", "otherNonOperatingIncome": "-36833", "depreciation": "None", "depreciationAndAmortization": "1583822", "incomeBeforeTax": "-6398455000", "incomeTaxExpense": "36833", "interestAndDebtExpense": "None", "netIncomeFromContinuingOperations": "-6398455", "comprehensiveIncomeNetOfTax": "None", "ebit": "-6361622", "ebitda": "-4777800", "netIncome": "-6398455"}, {"fiscalDateEnding": "2012-06-30", "reportedCurrency": "USD", "grossProfit": "154551", "totalRevenue": "154551", "costOfRevenue": "4379000", "costofGoodsAndServicesSold": "4379000", "operatingIncome": "-5861801", "sellingGeneralAndAdministrative": "1186213", "researchAndDevelopment": "4830139", "operatingExpenses": "6016352", "investmentIncomeNet": "None", "netInterestIncome": "None", "interestIncome": "None", "interestExpense": "112000", "nonInterestIncome": "None", "otherNonOperatingIncome": "-44066", "depreciation": "None", "depreciationAndAmortization": "1637152", "incomeBeforeTax": "-5905867", "incomeTaxExpense": "44066", "interestAndDebtExpense": "None", "netIncomeFromContinuingOperations": "-5905867", "comprehensiveIncomeNetOfTax": "None", "ebit": "-5861801", "ebitda": "-4224649", "netIncome": "-5905867"}, {"fiscalDateEnding": "2012-03-31", "reportedCurrency": "USD", "grossProfit": "441566", "totalRevenue": "441566", "costOfRevenue": "4441000", "costofGoodsAndServicesSold": "4441000", "operatingIncome": "-5442870", "sellingGeneralAndAdministrative": "1494111", "researchAndDevelopment": "4390325", "operatingExpenses": "5884436", "investmentIncomeNet": "None", "netInterestIncome": "None", "interestIncome": "None", "interestExpense": "67516", "nonInterestIncome": "None", "otherNonOperatingIncome": "-67636", "depreciation": "None", "depreciationAndAmortization": "1444011", "incomeBeforeTax": "-5510506000", "incomeTaxExpense": "67636", "interestAndDebtExpense": "None", "netIncomeFromContinuingOperations": "-5510506", "comprehensiveIncomeNetOfTax": "None", "ebit": "-5442870", "ebitda": "-3998859", "netIncome": "-5510506"}, {"fiscalDateEnding": "2011-12-31", "reportedCurrency": "USD", "grossProfit": "750766", "totalRevenue": "750766", "costOfRevenue": "4798000", "costofGoodsAndServicesSold": "4798000", "operatingIncome": "-5441382", "sellingGeneralAndAdministrative": "None", "researchAndDevelopment": "4681387", "operatingExpenses": "6192148", "investmentIncomeNet": "None", "netInterestIncome": "None", "interestIncome": "None", "interestExpense": "53406", "nonInterestIncome": "None", "otherNonOperatingIncome": "None", "depreciation": "None", "depreciationAndAmortization": "1395009", "incomeBeforeTax": "-105734205411", "incomeTaxExpense": "-90532313", "interestAndDebtExpense": "None", "netIncomeFromContinuingOperations": "None", "comprehensiveIncomeNetOfTax": "None", "ebit": "-5441382", "ebitda": "-4046373", "netIncome": "-5556960"}, {"fiscalDateEnding": "2011-09-30", "reportedCurrency": "USD", "grossProfit": "988507", "totalRevenue": "988507", "costOfRevenue": "4295000", "costofGoodsAndServicesSold": "4295000", "operatingIncome": "-4680292", "sellingGeneralAndAdministrative": "1524191", "researchAndDevelopment": "4144608", "operatingExpenses": "5668799", "investmentIncomeNet": "None", "netInterestIncome": "None", "interestIncome": "None", "interestExpense": "60065", "nonInterestIncome": "None", "otherNonOperatingIncome": "-683086", "depreciation": "None", "depreciationAndAmortization": "1373195", "incomeBeforeTax": "-5363378000", "incomeTaxExpense": "683086", "interestAndDebtExpense": "None", "netIncomeFromContinuingOperations": "-5363378", "comprehensiveIncomeNetOfTax": "None", "ebit": "-4680292", "ebitda": "-3307097", "netIncome": "-5363378"}, {"fiscalDateEnding": "2011-06-30", "reportedCurrency": "USD", "grossProfit": "1026984", "totalRevenue": "1026984", "costOfRevenue": "83896000", "costofGoodsAndServicesSold": "83896000", "operatingIncome": "-85315772", "sellingGeneralAndAdministrative": "1641710", "researchAndDevelopment": "6701046", "operatingExpenses": "8342756", "investmentIncomeNet": "None", "netInterestIncome": "None", "interestIncome": "None", "interestExpense": "13916", "nonInterestIncome": "None", "otherNonOperatingIncome": "146837", "depreciation": "None", "depreciationAndAmortization": "2445389", "incomeBeforeTax": "-85168935000", "incomeTaxExpense": "77853163", "interestAndDebtExpense": "None", "netIncomeFromContinuingOperations": "-85168935", "comprehensiveIncomeNetOfTax": "None", "ebit": "-7315772", "ebitda": "-4870383", "netIncome": "-85168935"}, {"fiscalDateEnding": "2011-03-31", "reportedCurrency": "USD", "grossProfit": "1183655", "totalRevenue": "1183655", "costOfRevenue": "8272000", "costofGoodsAndServicesSold": "8272000", "operatingIncome": "-9865386", "sellingGeneralAndAdministrative": "None", "researchAndDevelopment": "8595173", "operatingExpenses": "11049041", "investmentIncomeNet": "None", "netInterestIncome": "None", "interestIncome": "None", "interestExpense": "15603", "nonInterestIncome": "None", "otherNonOperatingIncome": "None", "depreciation": "None", "depreciationAndAmortization": "2328369", "incomeBeforeTax": "-9654589", "incomeTaxExpense": "None", "interestAndDebtExpense": "None", "netIncomeFromContinuingOperations": "None", "comprehensiveIncomeNetOfTax": "None", "ebit": "-9865386", "ebitda": "-7537017", "netIncome": "-9654589"}, {"fiscalDateEnding": "2010-12-31", "reportedCurrency": "USD", "grossProfit": "1195939", "totalRevenue": "1195939", "costOfRevenue": "8697000", "costofGoodsAndServicesSold": "8697000", "operatingIncome": "-9672763", "sellingGeneralAndAdministrative": "2131105", "researchAndDevelopment": "7449483", "operatingExpenses": "10868702", "investmentIncomeNet": "None", "netInterestIncome": "None", "interestIncome": "None", "interestExpense": "8769", "nonInterestIncome": "None", "otherNonOperatingIncome": "None", "depreciation": "None", "depreciationAndAmortization": "2170822", "incomeBeforeTax": "-31233718000", "incomeTaxExpense": "-21477150", "interestAndDebtExpense": "None", "netIncomeFromContinuingOperations": "None", "comprehensiveIncomeNetOfTax": "None", "ebit": "-9672763", "ebitda": "-7501941", "netIncome": "-9756567"}, {"fiscalDateEnding": "2010-09-30", "reportedCurrency": "USD", "grossProfit": "623340", "totalRevenue": "623340", "costOfRevenue": "6218000", "costofGoodsAndServicesSold": "6218000", "operatingIncome": "-7548972", "sellingGeneralAndAdministrative": "None", "researchAndDevelopment": "6418402", "operatingExpenses": "8172312", "investmentIncomeNet": "None", "netInterestIncome": "None", "interestIncome": "None", "interestExpense": "17422", "nonInterestIncome": "None", "otherNonOperatingIncome": "None", "depreciation": "None", "depreciationAndAmortization": "1952943", "incomeBeforeTax": "-7180972", "incomeTaxExpense": "-368000", "interestAndDebtExpense": "None", "netIncomeFromContinuingOperations": "None", "comprehensiveIncomeNetOfTax": "None", "ebit": "-7548972", "ebitda": "-5596029", "netIncome": "-7180972"}, {"fiscalDateEnding": "2010-06-30", "reportedCurrency": "USD", "grossProfit": "446014", "totalRevenue": "446014", "costOfRevenue": "6277000", "costofGoodsAndServicesSold": "6277000", "operatingIncome": "-7401082", "sellingGeneralAndAdministrative": "None", "researchAndDevelopment": "5928020", "operatingExpenses": "7847096", "investmentIncomeNet": "None", "netInterestIncome": "None", "interestIncome": "None", "interestExpense": "4456", "nonInterestIncome": "None", "otherNonOperatingIncome": "None", "depreciation": "None", "depreciationAndAmortization": "1571993", "incomeBeforeTax": "-7692430", "incomeTaxExpense": "291348", "interestAndDebtExpense": "None", "netIncomeFromContinuingOperations": "None", "comprehensiveIncomeNetOfTax": "None", "ebit": "-7401082", "ebitda": "-5829089", "netIncome": "-7692430"}, {"fiscalDateEnding": "2010-03-31", "reportedCurrency": "USD", "grossProfit": "216196", "totalRevenue": "216196", "costOfRevenue": "5694000", "costofGoodsAndServicesSold": "5694000", "operatingIncome": "-6473228", "sellingGeneralAndAdministrative": "2131105", "researchAndDevelopment": "4558319", "operatingExpenses": "6689424", "investmentIncomeNet": "None", "netInterestIncome": "None", "interestIncome": "None", "interestExpense": "12110", "nonInterestIncome": "None", "otherNonOperatingIncome": "None", "depreciation": "None", "depreciationAndAmortization": "994843", "incomeBeforeTax": "-6603748", "incomeTaxExpense": "130520", "interestAndDebtExpense": "None", "netIncomeFromContinuingOperations": "None", "comprehensiveIncomeNetOfTax": "None", "ebit": "-6603748", "ebitda": "-5608905", "netIncome": "-6603748"}, {"fiscalDateEnding": "2009-12-31", "reportedCurrency": "USD", "grossProfit": "268534", "totalRevenue": "268534", "costOfRevenue": "6125000", "costofGoodsAndServicesSold": "6125000", "operatingIncome": "-6792559", "sellingGeneralAndAdministrative": "1971525", "researchAndDevelopment": "5089568", "operatingExpenses": "7061093", "investmentIncomeNet": "None", "netInterestIncome": "None", "interestIncome": "None", "interestExpense": "334359", "nonInterestIncome": "None", "otherNonOperatingIncome": "None", "depreciation": "None", "depreciationAndAmortization": "936720", "incomeBeforeTax": "-20922717000", "incomeTaxExpense": "-14212574", "interestAndDebtExpense": "None", "netIncomeFromContinuingOperations": "None", "comprehensiveIncomeNetOfTax": "None", "ebit": "-6792559", "ebitda": "-5855839", "netIncome": "-6710143"}, {"fiscalDateEnding": "2009-09-30", "reportedCurrency": "USD", "grossProfit": "417006", "totalRevenue": "417006", "costOfRevenue": "5751000", "costofGoodsAndServicesSold": "5751000", "operatingIncome": "-5961346", "sellingGeneralAndAdministrative": "2519095", "researchAndDevelopment": "3859257", "operatingExpenses": "6378352", "investmentIncomeNet": "None", "netInterestIncome": "None", "interestIncome": "None", "interestExpense": "123026", "nonInterestIncome": "None", "otherNonOperatingIncome": "None", "depreciation": "None", "depreciationAndAmortization": "628672", "incomeBeforeTax": "-5269857", "incomeTaxExpense": "-691489", "interestAndDebtExpense": "None", "netIncomeFromContinuingOperations": "None", "comprehensiveIncomeNetOfTax": "None", "ebit": "-5961346", "ebitda": "-5332674", "netIncome": "-5269857"}, {"fiscalDateEnding": "2009-06-30", "reportedCurrency": "USD", "grossProfit": "262674", "totalRevenue": "262674", "costOfRevenue": "4421000", "costofGoodsAndServicesSold": "4421000", "operatingIncome": "-4724126", "sellingGeneralAndAdministrative": "1623068", "researchAndDevelopment": "3363732", "operatingExpenses": "4986800", "investmentIncomeNet": "None", "netInterestIncome": "None", "interestIncome": "None", "interestExpense": "127988", "nonInterestIncome": "None", "otherNonOperatingIncome": "None", "depreciation": "None", "depreciationAndAmortization": "566659", "incomeBeforeTax": "-4530159000", "incomeTaxExpense": "-193967", "interestAndDebtExpense": "None", "netIncomeFromContinuingOperations": "None", "comprehensiveIncomeNetOfTax": "None", "ebit": "-4724126", "ebitda": "-4157467", "netIncome": "-4530159"}, {"fiscalDateEnding": "2009-03-31", "reportedCurrency": "USD", "grossProfit": "516133", "totalRevenue": "516133", "costOfRevenue": "4327000", "costofGoodsAndServicesSold": "4327000", "operatingIncome": "-4260398", "sellingGeneralAndAdministrative": "1580878", "researchAndDevelopment": "3195653", "operatingExpenses": "4776531", "investmentIncomeNet": "None", "netInterestIncome": "None", "interestIncome": "None", "interestExpense": "83345", "nonInterestIncome": "None", "otherNonOperatingIncome": "None", "depreciation": "None", "depreciationAndAmortization": "450655", "incomeBeforeTax": "-4412558", "incomeTaxExpense": "152160", "interestAndDebtExpense": "None", "netIncomeFromContinuingOperations": "None", "comprehensiveIncomeNetOfTax": "None", "ebit": "-4260398", "ebitda": "-3809743", "netIncome": "-4412558"}, {"fiscalDateEnding": "2008-12-31", "reportedCurrency": "USD", "grossProfit": "428229", "totalRevenue": "428229", "costOfRevenue": "3906000", "costofGoodsAndServicesSold": "3906000", "operatingIncome": "-3895161", "sellingGeneralAndAdministrative": "None", "researchAndDevelopment": "6522587", "operatingExpenses": "-5742665", "investmentIncomeNet": "None", "netInterestIncome": "None", "interestIncome": "None", "interestExpense": "106455", "nonInterestIncome": "None", "otherNonOperatingIncome": "None", "depreciation": "None", "depreciationAndAmortization": "418121", "incomeBeforeTax": "9843876", "incomeTaxExpense": "-523960", "interestAndDebtExpense": "None", "netIncomeFromContinuingOperations": "None", "comprehensiveIncomeNetOfTax": "None", "ebit": "-3895161", "ebitda": "-3477040", "netIncome": "-3371201"}, {"fiscalDateEnding": "2008-09-30", "reportedCurrency": "USD", "grossProfit": "422487", "totalRevenue": "422487", "costOfRevenue": "4517000", "costofGoodsAndServicesSold": "4517000", "operatingIncome": "-4472278", "sellingGeneralAndAdministrative": "2284839", "researchAndDevelopment": "2609926", "operatingExpenses": "4894765", "investmentIncomeNet": "None", "netInterestIncome": "None", "interestIncome": "None", "interestExpense": "938", "nonInterestIncome": "None", "otherNonOperatingIncome": "None", "depreciation": "None", "depreciationAndAmortization": "377348", "incomeBeforeTax": "-4765890", "incomeTaxExpense": "293612", "interestAndDebtExpense": "None", "netIncomeFromContinuingOperations": "None", "comprehensiveIncomeNetOfTax": "None", "ebit": "-4470716", "ebitda": "-4093368", "netIncome": "-4765890"}, {"fiscalDateEnding": "2008-06-30", "reportedCurrency": "USD", "grossProfit": "344115", "totalRevenue": "344115", "costOfRevenue": "3173000", "costofGoodsAndServicesSold": "3173000", "operatingIncome": "-3181235", "sellingGeneralAndAdministrative": "1298061", "researchAndDevelopment": "2227289", "operatingExpenses": "3525350", "investmentIncomeNet": "None", "netInterestIncome": "None", "interestIncome": "None", "interestExpense": "67879", "nonInterestIncome": "None", "otherNonOperatingIncome": "None", "depreciation": "None", "depreciationAndAmortization": "351813", "incomeBeforeTax": "-2679295", "incomeTaxExpense": "None", "interestAndDebtExpense": "None", "netIncomeFromContinuingOperations": "None", "comprehensiveIncomeNetOfTax": "None", "ebit": "-3181235", "ebitda": "-2829422", "netIncome": "-2679295"}, {"fiscalDateEnding": "2008-03-31", "reportedCurrency": "USD", "grossProfit": "304898", "totalRevenue": "304898", "costOfRevenue": "2728000", "costofGoodsAndServicesSold": "2728000", "operatingIncome": "-2711224", "sellingGeneralAndAdministrative": "1330750", "researchAndDevelopment": "1685372", "operatingExpenses": "3016122", "investmentIncomeNet": "None", "netInterestIncome": "None", "interestIncome": "None", "interestExpense": "39514", "nonInterestIncome": "None", "otherNonOperatingIncome": "None", "depreciation": "None", "depreciationAndAmortization": "268142", "incomeBeforeTax": "-2398691", "incomeTaxExpense": "None", "interestAndDebtExpense": "None", "netIncomeFromContinuingOperations": "None", "comprehensiveIncomeNetOfTax": "None", "ebit": "-2711224", "ebitda": "-2443082", "netIncome": "-2398691"}, {"fiscalDateEnding": "2007-12-31", "reportedCurrency": "USD", "grossProfit": "235423", "totalRevenue": "235423", "costOfRevenue": "2279000", "costofGoodsAndServicesSold": "2279000", "operatingIncome": "-2100846", "sellingGeneralAndAdministrative": "None", "researchAndDevelopment": "1907406", "operatingExpenses": "-1638810", "investmentIncomeNet": "None", "netInterestIncome": "None", "interestIncome": "None", "interestExpense": "18", "nonInterestIncome": "None", "otherNonOperatingIncome": "None", "depreciation": "None", "depreciationAndAmortization": "57876", "incomeBeforeTax": "4900415", "incomeTaxExpense": "-1422897", "interestAndDebtExpense": "None", "netIncomeFromContinuingOperations": "None", "comprehensiveIncomeNetOfTax": "None", "ebit": "-2100846", "ebitda": "-2042970", "netIncome": "-1603004"}, {"fiscalDateEnding": "2007-09-30", "reportedCurrency": "USD", "grossProfit": "324064", "totalRevenue": "324064", "costOfRevenue": "2892000", "costofGoodsAndServicesSold": "2892000", "operatingIncome": "-2584037", "sellingGeneralAndAdministrative": "2147443000", "researchAndDevelopment": "760658", "operatingExpenses": "2908101", "investmentIncomeNet": "None", "netInterestIncome": "None", "interestIncome": "None", "interestExpense": "270", "nonInterestIncome": "None", "otherNonOperatingIncome": "None", "depreciation": "None", "depreciationAndAmortization": "16763", "incomeBeforeTax": "-2065398000", "incomeTaxExpense": "518120361", "interestAndDebtExpense": "None", "netIncomeFromContinuingOperations": "None", "comprehensiveIncomeNetOfTax": "None", "ebit": "-2584037", "ebitda": "-2567274", "netIncome": "-2065398"}, {"fiscalDateEnding": "2007-06-30", "reportedCurrency": "USD", "grossProfit": "208006", "totalRevenue": "208006", "costOfRevenue": "1915000", "costofGoodsAndServicesSold": "1915000", "operatingIncome": "-1722730", "sellingGeneralAndAdministrative": "1309004000", "researchAndDevelopment": "621732", "operatingExpenses": "1930736", "investmentIncomeNet": "None", "netInterestIncome": "None", "interestIncome": "None", "interestExpense": "72", "nonInterestIncome": "None", "otherNonOperatingIncome": "None", "depreciation": "None", "depreciationAndAmortization": "14807", "incomeBeforeTax": "-1461549000", "incomeTaxExpense": "260919819", "interestAndDebtExpense": "None", "netIncomeFromContinuingOperations": "None", "comprehensiveIncomeNetOfTax": "None", "ebit": "-1722730", "ebitda": "-1707923", "netIncome": "-1461549"}, {"fiscalDateEnding": "2007-03-31", "reportedCurrency": "USD", "grossProfit": "235181", "totalRevenue": "235181", "costOfRevenue": "1741000", "costofGoodsAndServicesSold": "1741000", "operatingIncome": "-1518703", "sellingGeneralAndAdministrative": "1228868000", "researchAndDevelopment": "525016", "operatingExpenses": "1753884", "investmentIncomeNet": "None", "netInterestIncome": "None", "interestIncome": "None", "interestExpense": "63000", "nonInterestIncome": "None", "otherNonOperatingIncome": "None", "depreciation": "None", "depreciationAndAmortization": "12970", "incomeBeforeTax": "-1373468000", "incomeTaxExpense": "145089765", "interestAndDebtExpense": "None", "netIncomeFromContinuingOperations": "None", "comprehensiveIncomeNetOfTax": "None", "ebit": "-1518703", "ebitda": "-1505733", "netIncome": "-1373468"}, {"fiscalDateEnding": "2006-12-31", "reportedCurrency": "USD", "grossProfit": "-19784", "totalRevenue": "-11958", "costOfRevenue": "7826", "costofGoodsAndServicesSold": "7826", "operatingIncome": "-1118816", "sellingGeneralAndAdministrative": "3056219000", "researchAndDevelopment": "37348", "operatingExpenses": "1114683", "investmentIncomeNet": "None", "netInterestIncome": "None", "interestIncome": "None", "interestExpense": "47", "nonInterestIncome": "None", "otherNonOperatingIncome": "None", "depreciation": "None", "depreciationAndAmortization": "5097", "incomeBeforeTax": "-4180912000", "incomeTaxExpense": "-3236241", "interestAndDebtExpense": "None", "netIncomeFromContinuingOperations": "None", "comprehensiveIncomeNetOfTax": "None", "ebit": "-1118816", "ebitda": "-1113719", "netIncome": "-944670"}, {"fiscalDateEnding": "2006-09-30", "reportedCurrency": "USD", "grossProfit": "492", "totalRevenue": "1781", "costOfRevenue": "1289", "costofGoodsAndServicesSold": "1289", "operatingIncome": "-999244", "sellingGeneralAndAdministrative": "897520000", "researchAndDevelopment": "102216", "operatingExpenses": "999736", "investmentIncomeNet": "None", "netInterestIncome": "None", "interestIncome": "None", "interestExpense": "561687", "nonInterestIncome": "None", "otherNonOperatingIncome": "None", "depreciation": "None", "depreciationAndAmortization": "3469", "incomeBeforeTax": "-1460041000", "incomeTaxExpense": "-460336203", "interestAndDebtExpense": "None", "netIncomeFromContinuingOperations": "None", "comprehensiveIncomeNetOfTax": "None", "ebit": "-999244", "ebitda": "-995775", "netIncome": "-1460041"}, {"fiscalDateEnding": "2006-06-30", "reportedCurrency": "USD", "grossProfit": "2831", "totalRevenue": "6797", "costOfRevenue": "3966", "costofGoodsAndServicesSold": "3966", "operatingIncome": "-754469", "sellingGeneralAndAdministrative": "None", "researchAndDevelopment": "139297", "operatingExpenses": "757300", "investmentIncomeNet": "None", "netInterestIncome": "None", "interestIncome": "None", "interestExpense": "288217", "nonInterestIncome": "None", "otherNonOperatingIncome": "None", "depreciation": "None", "depreciationAndAmortization": "2756", "incomeBeforeTax": "None", "incomeTaxExpense": "288217", "interestAndDebtExpense": "None", "netIncomeFromContinuingOperations": "None", "comprehensiveIncomeNetOfTax": "None", "ebit": "-754469", "ebitda": "-751713", "netIncome": "-1042686"}, {"fiscalDateEnding": "2006-03-31", "reportedCurrency": "USD", "grossProfit": "809", "totalRevenue": "3380", "costOfRevenue": "2571", "costofGoodsAndServicesSold": "2571", "operatingIncome": "-502776", "sellingGeneralAndAdministrative": "None", "researchAndDevelopment": "40223", "operatingExpenses": "503585", "investmentIncomeNet": "None", "netInterestIncome": "None", "interestIncome": "None", "interestExpense": "230738", "nonInterestIncome": "None", "otherNonOperatingIncome": "None", "depreciation": "None", "depreciationAndAmortization": "1313", "incomeBeforeTax": "None", "incomeTaxExpense": "230738", "interestAndDebtExpense": "None", "netIncomeFromContinuingOperations": "None", "comprehensiveIncomeNetOfTax": "None", "ebit": "-502776", "ebitda": "-501463", "netIncome": "-733514"}]}