{"symbol": "WFC", "annualReports": [{"fiscalDateEnding": "2025-12-31", "reportedCurrency": "USD", "grossProfit": "80041000000", "totalRevenue": "123529000000", "costOfRevenue": "43488000000", "costofGoodsAndServicesSold": "43488000000", "operatingIncome": "25199000000", "sellingGeneralAndAdministrative": "39432000000", "researchAndDevelopment": "1319000000", "operatingExpenses": "54842000000", "investmentIncomeNet": "None", "netInterestIncome": "None", "interestIncome": "None", "interestExpense": "39830000000", "nonInterestIncome": "None", "otherNonOperatingIncome": "None", "depreciation": "None", "depreciationAndAmortization": "4147000000", "incomeBeforeTax": "25199000000", "incomeTaxExpense": "3841000000", "interestAndDebtExpense": "None", "netIncomeFromContinuingOperations": "None", "comprehensiveIncomeNetOfTax": "None", "ebit": "25199000000", "ebitda": "29346000000", "netIncome": "21338000000"}, {"fiscalDateEnding": "2024-12-31", "reportedCurrency": "USD", "grossProfit": "77962000000", "totalRevenue": "125397000000", "costOfRevenue": "47435000000", "costofGoodsAndServicesSold": "47435000000", "operatingIncome": "23364000000", "sellingGeneralAndAdministrative": "36362000000", "researchAndDevelopment": "None", "operatingExpenses": "54598000000", "investmentIncomeNet": "None", "netInterestIncome": "47676000000", "interestIncome": "90777000000", "interestExpense": "43101000000", "nonInterestIncome": "None", "otherNonOperatingIncome": "None", "depreciation": "None", "depreciationAndAmortization": "7558000000", "incomeBeforeTax": "23364000000", "incomeTaxExpense": "3399000000", "interestAndDebtExpense": "None", "netIncomeFromContinuingOperations": "19965000000", "comprehensiveIncomeNetOfTax": "None", "ebit": "23364000000", "ebitda": "30922000000", "netIncome": "19722000000"}, {"fiscalDateEnding": "2023-12-31", "reportedCurrency": "USD", "grossProfit": "77198000000", "totalRevenue": "77198000000", "costOfRevenue": "-5399000000", "costofGoodsAndServicesSold": "-5399000000", "operatingIncome": "28668000000", "sellingGeneralAndAdministrative": "35829000000", "researchAndDevelopment": "None", "operatingExpenses": "48530000000", "investmentIncomeNet": "None", "netInterestIncome": "53037000000", "interestIncome": "80072000000", "interestExpense": "32743000000", "nonInterestIncome": "None", "otherNonOperatingIncome": "None", "depreciation": "None", "depreciationAndAmortization": "6271000000", "incomeBeforeTax": "21636000000", "incomeTaxExpense": "2607000000", "interestAndDebtExpense": "None", "netIncomeFromContinuingOperations": "17943000000", "comprehensiveIncomeNetOfTax": "None", "ebit": "21636000000", "ebitda": "27907000000", "netIncome": "19142000000"}, {"fiscalDateEnding": "2022-12-31", "reportedCurrency": "USD", "grossProfit": "72834000000", "totalRevenue": "83442000000", "costOfRevenue": "10608000000", "costofGoodsAndServicesSold": "10608000000", "operatingIncome": "15629000000", "sellingGeneralAndAdministrative": "35090000000", "researchAndDevelopment": "None", "operatingExpenses": "57205000000", "investmentIncomeNet": "None", "netInterestIncome": "44950000000", "interestIncome": "54024000000", "interestExpense": "9074000000", "nonInterestIncome": "None", "otherNonOperatingIncome": "None", "depreciation": "None", "depreciationAndAmortization": "6832000000", "incomeBeforeTax": "15629000000", "incomeTaxExpense": "2251000000", "interestAndDebtExpense": "None", "netIncomeFromContinuingOperations": "12882000000", "comprehensiveIncomeNetOfTax": "None", "ebit": "15629000000", "ebitda": "22461000000", "netIncome": "13677000000"}, {"fiscalDateEnding": "2021-12-31", "reportedCurrency": "USD", "grossProfit": "83321000000", "totalRevenue": "83081000000", "costOfRevenue": "-240000000", "costofGoodsAndServicesSold": "-240000000", "operatingIncome": "29563000000", "sellingGeneralAndAdministrative": "35541000000", "researchAndDevelopment": "None", "operatingExpenses": "53758000000", "investmentIncomeNet": "None", "netInterestIncome": "35779000000", "interestIncome": "39694000000", "interestExpense": "3915000000", "nonInterestIncome": "None", "otherNonOperatingIncome": "None", "depreciation": "None", "depreciationAndAmortization": "7890000000", "incomeBeforeTax": "29563000000", "incomeTaxExpense": "5764000000", "interestAndDebtExpense": "None", "netIncomeFromContinuingOperations": "23238000000", "comprehensiveIncomeNetOfTax": "None", "ebit": "29563000000", "ebitda": "37453000000", "netIncome": "22109000000"}, {"fiscalDateEnding": "2020-12-31", "reportedCurrency": "USD", "grossProfit": "60135000000", "totalRevenue": "82227000000", "costOfRevenue": "22092000000", "costofGoodsAndServicesSold": "22092000000", "operatingIncome": "2505000000", "sellingGeneralAndAdministrative": "34811000000", "researchAndDevelopment": "None", "operatingExpenses": "57630000000", "investmentIncomeNet": "None", "netInterestIncome": "39835000000", "interestIncome": "47798000000", "interestExpense": "7963000000", "nonInterestIncome": "None", "otherNonOperatingIncome": "None", "depreciation": "None", "depreciationAndAmortization": "8219000000", "incomeBeforeTax": "2505000000", "incomeTaxExpense": "-1157000000", "interestAndDebtExpense": "None", "netIncomeFromContinuingOperations": "3586000000", "comprehensiveIncomeNetOfTax": "None", "ebit": "2505000000", "ebitda": "10724000000", "netIncome": "3377000000"}, {"fiscalDateEnding": "2019-12-31", "reportedCurrency": "USD", "grossProfit": "84145000000", "totalRevenue": "105684000000", "costOfRevenue": "21539000000", "costofGoodsAndServicesSold": "21539000000", "operatingIncome": "25967000000", "sellingGeneralAndAdministrative": "35128000000", "researchAndDevelopment": "None", "operatingExpenses": "58178000000", "investmentIncomeNet": "None", "netInterestIncome": "47231000000", "interestIncome": "66083000000", "interestExpense": "18852000000", "nonInterestIncome": "None", "otherNonOperatingIncome": "None", "depreciation": "None", "depreciationAndAmortization": "6573000000", "incomeBeforeTax": "25967000000", "incomeTaxExpense": "5761000000", "interestAndDebtExpense": "None", "netIncomeFromContinuingOperations": "20041000000", "comprehensiveIncomeNetOfTax": "None", "ebit": "25967000000", "ebitda": "32540000000", "netIncome": "19715000000"}, {"fiscalDateEnding": "2018-12-31", "reportedCurrency": "USD", "grossProfit": "84664000000", "totalRevenue": "101060000000", "costOfRevenue": "16396000000", "costofGoodsAndServicesSold": "16396000000", "operatingIncome": "28538000000", "sellingGeneralAndAdministrative": "33085000000", "researchAndDevelopment": "0", "operatingExpenses": "56126000000", "investmentIncomeNet": "None", "netInterestIncome": "49995000000", "interestIncome": "64647000000", "interestExpense": "14652000000", "nonInterestIncome": "None", "otherNonOperatingIncome": "None", "depreciation": "None", "depreciationAndAmortization": "5593000000", "incomeBeforeTax": "28538000000", "incomeTaxExpense": "5662000000", "interestAndDebtExpense": "None", "netIncomeFromContinuingOperations": "22876000000", "comprehensiveIncomeNetOfTax": "None", "ebit": "28538000000", "ebitda": "34131000000", "netIncome": "22393000000"}, {"fiscalDateEnding": "2017-12-31", "reportedCurrency": "USD", "grossProfit": "85861000000", "totalRevenue": "97741000000", "costOfRevenue": "11880000000", "costofGoodsAndServicesSold": "11880000000", "operatingIncome": "27377000000", "sellingGeneralAndAdministrative": "36009000000", "researchAndDevelopment": "0", "operatingExpenses": "58484000000", "investmentIncomeNet": "None", "netInterestIncome": "49557000000", "interestIncome": "58909000000", "interestExpense": "9352000000", "nonInterestIncome": "None", "otherNonOperatingIncome": "None", "depreciation": "None", "depreciationAndAmortization": "5406000000", "incomeBeforeTax": "27377000000", "incomeTaxExpense": "4917000000", "interestAndDebtExpense": "None", "netIncomeFromContinuingOperations": "22460000000", "comprehensiveIncomeNetOfTax": "None", "ebit": "27377000000", "ebitda": "32783000000", "netIncome": "22183000000"}, {"fiscalDateEnding": "2016-12-31", "reportedCurrency": "USD", "grossProfit": "84497000000", "totalRevenue": "94176000000", "costOfRevenue": "9679000000", "costofGoodsAndServicesSold": "9679000000", "operatingIncome": "32120000000", "sellingGeneralAndAdministrative": "33061000000", "researchAndDevelopment": "0", "operatingExpenses": "52377000000", "investmentIncomeNet": "None", "netInterestIncome": "47754000000", "interestIncome": "53663000000", "interestExpense": "5909000000", "nonInterestIncome": "None", "otherNonOperatingIncome": "None", "depreciation": "None", "depreciationAndAmortization": "4970000000", "incomeBeforeTax": "32120000000", "incomeTaxExpense": "10075000000", "interestAndDebtExpense": "None", "netIncomeFromContinuingOperations": "22045000000", "comprehensiveIncomeNetOfTax": "None", "ebit": "32120000000", "ebitda": "37090000000", "netIncome": "21938000000"}, {"fiscalDateEnding": "2015-12-31", "reportedCurrency": "USD", "grossProfit": "81385000000", "totalRevenue": "87803000000", "costOfRevenue": "6418000000", "costofGoodsAndServicesSold": "6418000000", "operatingIncome": "33641000000", "sellingGeneralAndAdministrative": "31654000000", "researchAndDevelopment": "0", "operatingExpenses": "47744000000", "investmentIncomeNet": "None", "netInterestIncome": "45301000000", "interestIncome": "49277000000", "interestExpense": "3976000000", "nonInterestIncome": "None", "otherNonOperatingIncome": "None", "depreciation": "None", "depreciationAndAmortization": "3288000000", "incomeBeforeTax": "33641000000", "incomeTaxExpense": "10365000000", "interestAndDebtExpense": "None", "netIncomeFromContinuingOperations": "23276000000", "comprehensiveIncomeNetOfTax": "None", "ebit": "33641000000", "ebitda": "36929000000", "netIncome": "22894000000"}, {"fiscalDateEnding": "2014-12-31", "reportedCurrency": "USD", "grossProfit": "80572000000", "totalRevenue": "85992000000", "costOfRevenue": "5420000000", "costofGoodsAndServicesSold": "5420000000", "operatingIncome": "33915000000", "sellingGeneralAndAdministrative": "30870000000", "researchAndDevelopment": "0", "operatingExpenses": "46657000000", "investmentIncomeNet": "None", "netInterestIncome": "None", "interestIncome": "None", "interestExpense": "4025000000", "nonInterestIncome": "None", "otherNonOperatingIncome": "None", "depreciation": "None", "depreciationAndAmortization": "2515000000", "incomeBeforeTax": "33915000000", "incomeTaxExpense": "10307000000", "interestAndDebtExpense": "None", "netIncomeFromContinuingOperations": "23608000000", "comprehensiveIncomeNetOfTax": "None", "ebit": "33915000000", "ebitda": "36430000000", "netIncome": "23057000000"}, {"fiscalDateEnding": "2013-12-31", "reportedCurrency": "USD", "grossProfit": "79999000000", "totalRevenue": "86597000000", "costOfRevenue": "6598000000", "costofGoodsAndServicesSold": "6598000000", "operatingIncome": "32629000000", "sellingGeneralAndAdministrative": "31097000000", "researchAndDevelopment": "0", "operatingExpenses": "47370000000", "investmentIncomeNet": "None", "netInterestIncome": "None", "interestIncome": "None", "interestExpense": "4289000000", "nonInterestIncome": "None", "otherNonOperatingIncome": "None", "depreciation": "None", "depreciationAndAmortization": "3293000000", "incomeBeforeTax": "32629000000", "incomeTaxExpense": "10405000000", "interestAndDebtExpense": "None", "netIncomeFromContinuingOperations": "22224000000", "comprehensiveIncomeNetOfTax": "None", "ebit": "32629000000", "ebitda": "35922000000", "netIncome": "21878000000"}, {"fiscalDateEnding": "2012-12-31", "reportedCurrency": "USD", "grossProfit": "77384000000", "totalRevenue": "89762000000", "costOfRevenue": "12378000000", "costofGoodsAndServicesSold": "12378000000", "operatingIncome": "28471000000", "sellingGeneralAndAdministrative": "30160000000", "researchAndDevelopment": "0", "operatingExpenses": "48913000000", "investmentIncomeNet": "None", "netInterestIncome": "None", "interestIncome": "None", "interestExpense": "5161000000", "nonInterestIncome": "None", "otherNonOperatingIncome": "None", "depreciation": "None", "depreciationAndAmortization": "2807000000", "incomeBeforeTax": "28471000000", "incomeTaxExpense": "9103000000", "interestAndDebtExpense": "None", "netIncomeFromContinuingOperations": "19368000000", "comprehensiveIncomeNetOfTax": "None", "ebit": "28471000000", "ebitda": "31278000000", "netIncome": "18897000000"}, {"fiscalDateEnding": "2011-12-31", "reportedCurrency": "USD", "grossProfit": "71567000000", "totalRevenue": "86115000000", "costOfRevenue": "14548000000", "costofGoodsAndServicesSold": "14548000000", "operatingIncome": "23656000000", "sellingGeneralAndAdministrative": "28933000000", "researchAndDevelopment": "0", "operatingExpenses": "47911000000", "investmentIncomeNet": "None", "netInterestIncome": "None", "interestIncome": "None", "interestExpense": "6649000000", "nonInterestIncome": "None", "otherNonOperatingIncome": "None", "depreciation": "None", "depreciationAndAmortization": "2208000000", "incomeBeforeTax": "23656000000", "incomeTaxExpense": "7445000000", "interestAndDebtExpense": "None", "netIncomeFromContinuingOperations": "None", "comprehensiveIncomeNetOfTax": "None", "ebit": "23656000000", "ebitda": "25864000000", "netIncome": "15869000000"}, {"fiscalDateEnding": "2010-12-31", "reportedCurrency": "USD", "grossProfit": "68678000000", "totalRevenue": "92470000000", "costOfRevenue": "23792000000", "costofGoodsAndServicesSold": "23792000000", "operatingIncome": "19001000000", "sellingGeneralAndAdministrative": "28409000000", "researchAndDevelopment": "0", "operatingExpenses": "49677000000", "investmentIncomeNet": "None", "netInterestIncome": "None", "interestIncome": "None", "interestExpense": "8039000000", "nonInterestIncome": "None", "otherNonOperatingIncome": "None", "depreciation": "None", "depreciationAndAmortization": "1924000000", "incomeBeforeTax": "19001000000", "incomeTaxExpense": "6338000000", "interestAndDebtExpense": "None", "netIncomeFromContinuingOperations": "12663000000", "comprehensiveIncomeNetOfTax": "None", "ebit": "19001000000", "ebitda": "20925000000", "netIncome": "12362000000"}, {"fiscalDateEnding": "2009-12-31", "reportedCurrency": "USD", "grossProfit": "66833000000", "totalRevenue": "98451000000", "costOfRevenue": "31618000000", "costofGoodsAndServicesSold": "31618000000", "operatingIncome": "17998000000", "sellingGeneralAndAdministrative": "28316000000", "researchAndDevelopment": "0", "operatingExpenses": "48835000000", "investmentIncomeNet": "None", "netInterestIncome": "None", "interestIncome": "None", "interestExpense": "9950000000", "nonInterestIncome": "None", "otherNonOperatingIncome": "None", "depreciation": "None", "depreciationAndAmortization": "2841000000", "incomeBeforeTax": "17998000000", "incomeTaxExpense": "5331000000", "interestAndDebtExpense": "None", "netIncomeFromContinuingOperations": "None", "comprehensiveIncomeNetOfTax": "None", "ebit": "17998000000", "ebitda": "20839000000", "netIncome": "12275000000"}, {"fiscalDateEnding": "2008-12-31", "reportedCurrency": "USD", "grossProfit": "26655000000", "totalRevenue": "52389000000", "costOfRevenue": "25734000000", "costofGoodsAndServicesSold": "25734000000", "operatingIncome": "3300000000", "sellingGeneralAndAdministrative": "13060000000", "researchAndDevelopment": "None", "operatingExpenses": "23355000000", "investmentIncomeNet": "None", "netInterestIncome": "None", "interestIncome": "None", "interestExpense": "9755000000", "nonInterestIncome": "None", "otherNonOperatingIncome": "None", "depreciation": "None", "depreciationAndAmortization": "1669000000", "incomeBeforeTax": "3300000000", "incomeTaxExpense": "602000000", "interestAndDebtExpense": "None", "netIncomeFromContinuingOperations": "None", "comprehensiveIncomeNetOfTax": "None", "ebit": "3300000000", "ebitda": "4969000000", "netIncome": "2655000000"}, {"fiscalDateEnding": "2007-12-31", "reportedCurrency": "USD", "grossProfit": "33717000000", "totalRevenue": "52859000000", "costOfRevenue": "19142000000", "costofGoodsAndServicesSold": "19142000000", "operatingIncome": "11835000000", "sellingGeneralAndAdministrative": "13402000000", "researchAndDevelopment": "None", "operatingExpenses": "21882000000", "investmentIncomeNet": "None", "netInterestIncome": "None", "interestIncome": "None", "interestExpense": "14203000000", "nonInterestIncome": "None", "otherNonOperatingIncome": "None", "depreciation": "None", "depreciationAndAmortization": "1532000000", "incomeBeforeTax": "11835000000", "incomeTaxExpense": "3570000000", "interestAndDebtExpense": "None", "netIncomeFromContinuingOperations": "None", "comprehensiveIncomeNetOfTax": "None", "ebit": "11835000000", "ebitda": "13367000000", "netIncome": "8057000000"}, {"fiscalDateEnding": "2006-12-31", "reportedCurrency": "USD", "grossProfit": "32749000000", "totalRevenue": "47241000000", "costOfRevenue": "14492000000", "costofGoodsAndServicesSold": "14492000000", "operatingIncome": "12650000000", "sellingGeneralAndAdministrative": "11927000000", "researchAndDevelopment": "None", "operatingExpenses": "20099000000", "investmentIncomeNet": "None", "netInterestIncome": "None", "interestIncome": "None", "interestExpense": "12288000000", "nonInterestIncome": "None", "otherNonOperatingIncome": "None", "depreciation": "None", "depreciationAndAmortization": "3221000000", "incomeBeforeTax": "12650000000", "incomeTaxExpense": "4230000000", "interestAndDebtExpense": "None", "netIncomeFromContinuingOperations": "None", "comprehensiveIncomeNetOfTax": "None", "ebit": "12650000000", "ebitda": "15871000000", "netIncome": "8420000000"}], "quarterlyReports": [{"fiscalDateEnding": "2025-12-31", "reportedCurrency": "USD", "grossProfit": "20505000000", "totalRevenue": "31816000000", "costOfRevenue": "11311000000", "costofGoodsAndServicesSold": "11311000000", "operatingIncome": "6526000000", "sellingGeneralAndAdministrative": "11773000000", "researchAndDevelopment": "None", "operatingExpenses": "13979000000", "investmentIncomeNet": "None", "netInterestIncome": "None", "interestIncome": "None", "interestExpense": "10271000000", "nonInterestIncome": "None", "otherNonOperatingIncome": "None", "depreciation": "None", "depreciationAndAmortization": "-1443000000", "incomeBeforeTax": "6526000000", "incomeTaxExpense": "1103000000", "interestAndDebtExpense": "None", "netIncomeFromContinuingOperations": "None", "comprehensiveIncomeNetOfTax": "None", "ebit": "6526000000", "ebitda": "5083000000", "netIncome": "5361000000"}, {"fiscalDateEnding": "2025-09-30", "reportedCurrency": "USD", "grossProfit": "20755000000", "totalRevenue": "31905000000", "costOfRevenue": "11150000000", "costofGoodsAndServicesSold": "11150000000", "operatingIncome": "6909000000", "sellingGeneralAndAdministrative": "9165000000", "researchAndDevelopment": "1319000000", "operatingExpenses": "13846000000", "investmentIncomeNet": "None", "netInterestIncome": "11950000000", "interestIncome": "22419000000", "interestExpense": "10469000000", "nonInterestIncome": "None", "otherNonOperatingIncome": "None", "depreciation": "None", "depreciationAndAmortization": "1839000000", "incomeBeforeTax": "6909000000", "incomeTaxExpense": "1300000000", "interestAndDebtExpense": "None", "netIncomeFromContinuingOperations": "5609000000", "comprehensiveIncomeNetOfTax": "None", "ebit": "6909000000", "ebitda": "8748000000", "netIncome": "5589000000"}, {"fiscalDateEnding": "2025-06-30", "reportedCurrency": "USD", "grossProfit": "19564000000", "totalRevenue": "30181000000", "costOfRevenue": "10617000000", "costofGoodsAndServicesSold": "10617000000", "operatingIncome": "6438000000", "sellingGeneralAndAdministrative": "8863000000", "researchAndDevelopment": "None", "operatingExpenses": "13126000000", "investmentIncomeNet": "None", "netInterestIncome": "11708000000", "interestIncome": "21320000000", "interestExpense": "9612000000", "nonInterestIncome": "None", "otherNonOperatingIncome": "None", "depreciation": "None", "depreciationAndAmortization": "1893000000", "incomeBeforeTax": "6438000000", "incomeTaxExpense": "916000000", "interestAndDebtExpense": "None", "netIncomeFromContinuingOperations": "5522000000", "comprehensiveIncomeNetOfTax": "None", "ebit": "6438000000", "ebitda": "8331000000", "netIncome": "5494000000"}, {"fiscalDateEnding": "2025-03-31", "reportedCurrency": "USD", "grossProfit": "19217000000", "totalRevenue": "29627000000", "costOfRevenue": "10410000000", "costofGoodsAndServicesSold": "10410000000", "operatingIncome": "5326000000", "sellingGeneralAndAdministrative": "9631000000", "researchAndDevelopment": "None", "operatingExpenses": "13891000000", "investmentIncomeNet": "None", "netInterestIncome": "11495000000", "interestIncome": "20973000000", "interestExpense": "9478000000", "nonInterestIncome": "None", "otherNonOperatingIncome": "None", "depreciation": "None", "depreciationAndAmortization": "1858000000", "incomeBeforeTax": "5326000000", "incomeTaxExpense": "522000000", "interestAndDebtExpense": "None", "netIncomeFromContinuingOperations": "4804000000", "comprehensiveIncomeNetOfTax": "None", "ebit": "5326000000", "ebitda": "7184000000", "netIncome": "4894000000"}, {"fiscalDateEnding": "2024-12-31", "reportedCurrency": "USD", "grossProfit": "19283000000", "totalRevenue": "30597000000", "costOfRevenue": "11314000000", "costofGoodsAndServicesSold": "11314000000", "operatingIncome": "5383000000", "sellingGeneralAndAdministrative": "9229000000", "researchAndDevelopment": "None", "operatingExpenses": "13900000000", "investmentIncomeNet": "None", "netInterestIncome": "11836000000", "interestIncome": "22055000000", "interestExpense": "10219000000", "nonInterestIncome": "None", "otherNonOperatingIncome": "None", "depreciation": "None", "depreciationAndAmortization": "1984000000", "incomeBeforeTax": "5383000000", "incomeTaxExpense": "120000000", "interestAndDebtExpense": "None", "netIncomeFromContinuingOperations": "5263000000", "comprehensiveIncomeNetOfTax": "None", "ebit": "5383000000", "ebitda": "7367000000", "netIncome": "5079000000"}, {"fiscalDateEnding": "2024-09-30", "reportedCurrency": "USD", "grossProfit": "19301000000", "totalRevenue": "31674000000", "costOfRevenue": "12373000000", "costofGoodsAndServicesSold": "12373000000", "operatingIncome": "6234000000", "sellingGeneralAndAdministrative": "8743000000", "researchAndDevelopment": "None", "operatingExpenses": "13067000000", "investmentIncomeNet": "None", "netInterestIncome": "11690000000", "interestIncome": "22998000000", "interestExpense": "11308000000", "nonInterestIncome": "None", "otherNonOperatingIncome": "None", "depreciation": "None", "depreciationAndAmortization": "1783000000", "incomeBeforeTax": "6234000000", "incomeTaxExpense": "1064000000", "interestAndDebtExpense": "None", "netIncomeFromContinuingOperations": "5170000000", "comprehensiveIncomeNetOfTax": "None", "ebit": "6234000000", "ebitda": "8017000000", "netIncome": "5114000000"}, {"fiscalDateEnding": "2024-06-30", "reportedCurrency": "USD", "grossProfit": "19453000000", "totalRevenue": "31650000000", "costOfRevenue": "12197000000", "costofGoodsAndServicesSold": "12197000000", "operatingIncome": "6160000000", "sellingGeneralAndAdministrative": "8575000000", "researchAndDevelopment": "None", "operatingExpenses": "13293000000", "investmentIncomeNet": "None", "netInterestIncome": "11923000000", "interestIncome": "22884000000", "interestExpense": "10961000000", "nonInterestIncome": "None", "otherNonOperatingIncome": "None", "depreciation": "None", "depreciationAndAmortization": "1972000000", "incomeBeforeTax": "6160000000", "incomeTaxExpense": "1251000000", "interestAndDebtExpense": "None", "netIncomeFromContinuingOperations": "4909000000", "comprehensiveIncomeNetOfTax": "None", "ebit": "6160000000", "ebitda": "8132000000", "netIncome": "4910000000"}, {"fiscalDateEnding": "2024-03-31", "reportedCurrency": "USD", "grossProfit": "19925000000", "totalRevenue": "31476000000", "costOfRevenue": "11551000000", "costofGoodsAndServicesSold": "11551000000", "operatingIncome": "5587000000", "sellingGeneralAndAdministrative": "9656000000", "researchAndDevelopment": "None", "operatingExpenses": "14338000000", "investmentIncomeNet": "None", "netInterestIncome": "12227000000", "interestIncome": "22840000000", "interestExpense": "10613000000", "nonInterestIncome": "None", "otherNonOperatingIncome": "None", "depreciation": "None", "depreciationAndAmortization": "1819000000", "incomeBeforeTax": "5587000000", "incomeTaxExpense": "964000000", "interestAndDebtExpense": "None", "netIncomeFromContinuingOperations": "4623000000", "comprehensiveIncomeNetOfTax": "None", "ebit": "5587000000", "ebitda": "7406000000", "netIncome": "4619000000"}, {"fiscalDateEnding": "2023-12-31", "reportedCurrency": "USD", "grossProfit": "19196000000", "totalRevenue": "30546000000", "costOfRevenue": "11350000000", "costofGoodsAndServicesSold": "11350000000", "operatingIncome": "3410000000", "sellingGeneralAndAdministrative": "8652000000", "researchAndDevelopment": "None", "operatingExpenses": "15786000000", "investmentIncomeNet": "None", "netInterestIncome": "12771000000", "interestIncome": "22839000000", "interestExpense": "10068000000", "nonInterestIncome": "None", "otherNonOperatingIncome": "None", "depreciation": "None", "depreciationAndAmortization": "1494000000", "incomeBeforeTax": "3410000000", "incomeTaxExpense": "-100000000", "interestAndDebtExpense": "None", "netIncomeFromContinuingOperations": "3510000000", "comprehensiveIncomeNetOfTax": "None", "ebit": "3410000000", "ebitda": "4904000000", "netIncome": "3446000000"}, {"fiscalDateEnding": "2023-09-30", "reportedCurrency": "USD", "grossProfit": "19660000000", "totalRevenue": "29845000000", "costOfRevenue": "10185000000", "costofGoodsAndServicesSold": "10185000000", "operatingIncome": "6547000000", "sellingGeneralAndAdministrative": "8799000000", "researchAndDevelopment": "None", "operatingExpenses": "13113000000", "investmentIncomeNet": "None", "netInterestIncome": "13105000000", "interestIncome": "22093000000", "interestExpense": "8988000000", "nonInterestIncome": "None", "otherNonOperatingIncome": "None", "depreciation": "None", "depreciationAndAmortization": "1597000000", "incomeBeforeTax": "6547000000", "incomeTaxExpense": "811000000", "interestAndDebtExpense": "None", "netIncomeFromContinuingOperations": "5736000000", "comprehensiveIncomeNetOfTax": "None", "ebit": "6547000000", "ebitda": "8144000000", "netIncome": "5767000000"}, {"fiscalDateEnding": "2023-06-30", "reportedCurrency": "USD", "grossProfit": "18820000000", "totalRevenue": "28200000000", "costOfRevenue": "9380000000", "costofGoodsAndServicesSold": "9380000000", "operatingIncome": "5833000000", "sellingGeneralAndAdministrative": "8606000000", "researchAndDevelopment": "None", "operatingExpenses": "12987000000", "investmentIncomeNet": "None", "netInterestIncome": "13163000000", "interestIncome": "20830000000", "interestExpense": "7667000000", "nonInterestIncome": "None", "otherNonOperatingIncome": "None", "depreciation": "None", "depreciationAndAmortization": "1628000000", "incomeBeforeTax": "5833000000", "incomeTaxExpense": "930000000", "interestAndDebtExpense": "None", "netIncomeFromContinuingOperations": "4903000000", "comprehensiveIncomeNetOfTax": "None", "ebit": "5833000000", "ebitda": "7461000000", "netIncome": "4938000000"}, {"fiscalDateEnding": "2023-03-31", "reportedCurrency": "USD", "grossProfit": "19522000000", "totalRevenue": "26749000000", "costOfRevenue": "7227000000", "costofGoodsAndServicesSold": "7227000000", "operatingIncome": "5846000000", "sellingGeneralAndAdministrative": "9592000000", "researchAndDevelopment": "None", "operatingExpenses": "13676000000", "investmentIncomeNet": "None", "netInterestIncome": "13336000000", "interestIncome": "19356000000", "interestExpense": "6020000000", "nonInterestIncome": "None", "otherNonOperatingIncome": "None", "depreciation": "None", "depreciationAndAmortization": "1552000000", "incomeBeforeTax": "5846000000", "incomeTaxExpense": "966000000", "interestAndDebtExpense": "None", "netIncomeFromContinuingOperations": "4880000000", "comprehensiveIncomeNetOfTax": "None", "ebit": "5846000000", "ebitda": "7398000000", "netIncome": "4991000000"}, {"fiscalDateEnding": "2022-12-31", "reportedCurrency": "USD", "grossProfit": "18703000000", "totalRevenue": "24020000000", "costOfRevenue": "5317000000", "costofGoodsAndServicesSold": "5317000000", "operatingIncome": "2501000000", "sellingGeneralAndAdministrative": "8415000000", "researchAndDevelopment": "None", "operatingExpenses": "16202000000", "investmentIncomeNet": "None", "netInterestIncome": "13433000000", "interestIncome": "17793000000", "interestExpense": "4360000000", "nonInterestIncome": "None", "otherNonOperatingIncome": "None", "depreciation": "None", "depreciationAndAmortization": "1579000000", "incomeBeforeTax": "2501000000", "incomeTaxExpense": "-127000000", "interestAndDebtExpense": "None", "netIncomeFromContinuingOperations": "2628000000", "comprehensiveIncomeNetOfTax": "None", "ebit": "2501000000", "ebitda": "4080000000", "netIncome": "2864000000"}, {"fiscalDateEnding": "2022-09-30", "reportedCurrency": "USD", "grossProfit": "18782000000", "totalRevenue": "21962000000", "costOfRevenue": "3180000000", "costofGoodsAndServicesSold": "3180000000", "operatingIncome": "4476000000", "sellingGeneralAndAdministrative": "8398000000", "researchAndDevelopment": "None", "operatingExpenses": "14306000000", "investmentIncomeNet": "None", "netInterestIncome": "12098000000", "interestIncome": "14494000000", "interestExpense": "2396000000", "nonInterestIncome": "None", "otherNonOperatingIncome": "None", "depreciation": "None", "depreciationAndAmortization": "1690000000", "incomeBeforeTax": "4476000000", "incomeTaxExpense": "912000000", "interestAndDebtExpense": "None", "netIncomeFromContinuingOperations": "3500000000", "comprehensiveIncomeNetOfTax": "None", "ebit": "4476000000", "ebitda": "6166000000", "netIncome": "3592000000"}, {"fiscalDateEnding": "2022-06-30", "reportedCurrency": "USD", "grossProfit": "16460000000", "totalRevenue": "18398000000", "costOfRevenue": "1938000000", "costofGoodsAndServicesSold": "1938000000", "operatingIncome": "3598000000", "sellingGeneralAndAdministrative": "8627000000", "researchAndDevelopment": "None", "operatingExpenses": "12862000000", "investmentIncomeNet": "None", "netInterestIncome": "10198000000", "interestIncome": "11556000000", "interestExpense": "1358000000", "nonInterestIncome": "None", "otherNonOperatingIncome": "None", "depreciation": "None", "depreciationAndAmortization": "1772000000", "incomeBeforeTax": "3598000000", "incomeTaxExpense": "622000000", "interestAndDebtExpense": "None", "netIncomeFromContinuingOperations": "2952000000", "comprehensiveIncomeNetOfTax": "None", "ebit": "3598000000", "ebitda": "5370000000", "netIncome": "3142000000"}, {"fiscalDateEnding": "2022-03-31", "reportedCurrency": "USD", "grossProfit": "18515000000", "totalRevenue": "18688000000", "costOfRevenue": "173000000", "costofGoodsAndServicesSold": "173000000", "operatingIncome": "4664000000", "sellingGeneralAndAdministrative": "9459000000", "researchAndDevelopment": "None", "operatingExpenses": "13851000000", "investmentIncomeNet": "None", "netInterestIncome": "9221000000", "interestIncome": "10181000000", "interestExpense": "960000000", "nonInterestIncome": "None", "otherNonOperatingIncome": "None", "depreciation": "None", "depreciationAndAmortization": "1791000000", "incomeBeforeTax": "4664000000", "incomeTaxExpense": "746000000", "interestAndDebtExpense": "None", "netIncomeFromContinuingOperations": "3802000000", "comprehensiveIncomeNetOfTax": "None", "ebit": "4664000000", "ebitda": "6455000000", "netIncome": "3788000000"}, {"fiscalDateEnding": "2021-12-31", "reportedCurrency": "USD", "grossProfit": "21308000000", "totalRevenue": "21715000000", "costOfRevenue": "407000000", "costofGoodsAndServicesSold": "407000000", "operatingIncome": "8110000000", "sellingGeneralAndAdministrative": "8475000000", "researchAndDevelopment": "None", "operatingExpenses": "13198000000", "investmentIncomeNet": "None", "netInterestIncome": "9262000000", "interestIncome": "10121000000", "interestExpense": "859000000", "nonInterestIncome": "None", "otherNonOperatingIncome": "None", "depreciation": "None", "depreciationAndAmortization": "1800000000", "incomeBeforeTax": "8110000000", "incomeTaxExpense": "1711000000", "interestAndDebtExpense": "None", "netIncomeFromContinuingOperations": "6293000000", "comprehensiveIncomeNetOfTax": "None", "ebit": "8110000000", "ebitda": "9910000000", "netIncome": "5750000000"}, {"fiscalDateEnding": "2021-09-30", "reportedCurrency": "USD", "grossProfit": "20229000000", "totalRevenue": "19759000000", "costOfRevenue": "-470000000", "costofGoodsAndServicesSold": "-470000000", "operatingIncome": "6926000000", "sellingGeneralAndAdministrative": "8690000000", "researchAndDevelopment": "None", "operatingExpenses": "13303000000", "investmentIncomeNet": "None", "netInterestIncome": "8909000000", "interestIncome": "9841000000", "interestExpense": "925000000", "nonInterestIncome": "None", "otherNonOperatingIncome": "None", "depreciation": "None", "depreciationAndAmortization": "1917000000", "incomeBeforeTax": "6926000000", "incomeTaxExpense": "1521000000", "interestAndDebtExpense": "None", "netIncomeFromContinuingOperations": "5405000000", "comprehensiveIncomeNetOfTax": "None", "ebit": "6926000000", "ebitda": "8843000000", "netIncome": "5122000000"}, {"fiscalDateEnding": "2021-06-30", "reportedCurrency": "USD", "grossProfit": "21530000000", "totalRevenue": "21163000000", "costOfRevenue": "-367000000", "costofGoodsAndServicesSold": "-367000000", "operatingIncome": "8189000000", "sellingGeneralAndAdministrative": "8818000000", "researchAndDevelopment": "None", "operatingExpenses": "13341000000", "investmentIncomeNet": "None", "netInterestIncome": "8800000000", "interestIncome": "9693000000", "interestExpense": "893000000", "nonInterestIncome": "None", "otherNonOperatingIncome": "None", "depreciation": "None", "depreciationAndAmortization": "2023000000", "incomeBeforeTax": "8189000000", "incomeTaxExpense": "1445000000", "interestAndDebtExpense": "None", "netIncomeFromContinuingOperations": "6744000000", "comprehensiveIncomeNetOfTax": "None", "ebit": "8189000000", "ebitda": "10212000000", "netIncome": "6040000000"}, {"fiscalDateEnding": "2021-03-31", "reportedCurrency": "USD", "grossProfit": "19580000000", "totalRevenue": "19770000000", "costOfRevenue": "190000000", "costofGoodsAndServicesSold": "190000000", "operatingIncome": "5591000000", "sellingGeneralAndAdministrative": "9558000000", "researchAndDevelopment": "None", "operatingExpenses": "13989000000", "investmentIncomeNet": "None", "netInterestIncome": "8798000000", "interestIncome": "10036000000", "interestExpense": "1238000000", "nonInterestIncome": "None", "otherNonOperatingIncome": "None", "depreciation": "None", "depreciationAndAmortization": "2150000000", "incomeBeforeTax": "5591000000", "incomeTaxExpense": "901000000", "interestAndDebtExpense": "None", "netIncomeFromContinuingOperations": "4796000000", "comprehensiveIncomeNetOfTax": "None", "ebit": "5591000000", "ebitda": "7741000000", "netIncome": "4636000000"}, {"fiscalDateEnding": "2020-12-31", "reportedCurrency": "USD", "grossProfit": "18104000000", "totalRevenue": "19279000000", "costOfRevenue": "1175000000", "costofGoodsAndServicesSold": "1175000000", "operatingIncome": "3302000000", "sellingGeneralAndAdministrative": "8153000000", "researchAndDevelopment": "None", "operatingExpenses": "14802000000", "investmentIncomeNet": "None", "netInterestIncome": "9275000000", "interestIncome": "10470000000", "interestExpense": "1195000000", "nonInterestIncome": "None", "otherNonOperatingIncome": "None", "depreciation": "None", "depreciationAndAmortization": "2292000000", "incomeBeforeTax": "3302000000", "incomeTaxExpense": "108000000", "interestAndDebtExpense": "None", "netIncomeFromContinuingOperations": "3194000000", "comprehensiveIncomeNetOfTax": "None", "ebit": "3302000000", "ebitda": "5594000000", "netIncome": "2992000000"}, {"fiscalDateEnding": "2020-09-30", "reportedCurrency": "USD", "grossProfit": "18547000000", "totalRevenue": "20748000000", "costOfRevenue": "2201000000", "costofGoodsAndServicesSold": "2201000000", "operatingIncome": "3318000000", "sellingGeneralAndAdministrative": "8624000000", "researchAndDevelopment": "None", "operatingExpenses": "15229000000", "investmentIncomeNet": "None", "netInterestIncome": "9368000000", "interestIncome": "10800000000", "interestExpense": "1432000000", "nonInterestIncome": "None", "otherNonOperatingIncome": "None", "depreciation": "None", "depreciationAndAmortization": "2279000000", "incomeBeforeTax": "3318000000", "incomeTaxExpense": "-83000000", "interestAndDebtExpense": "None", "netIncomeFromContinuingOperations": "2219000000", "comprehensiveIncomeNetOfTax": "None", "ebit": "3318000000", "ebitda": "5597000000", "netIncome": "3216000000"}, {"fiscalDateEnding": "2020-06-30", "reportedCurrency": "USD", "grossProfit": "8752000000", "totalRevenue": "20207000000", "costOfRevenue": "11455000000", "costofGoodsAndServicesSold": "11455000000", "operatingIncome": "-5799000000", "sellingGeneralAndAdministrative": "9160000000", "researchAndDevelopment": "None", "operatingExpenses": "14551000000", "investmentIncomeNet": "None", "netInterestIncome": "9880000000", "interestIncome": "11801000000", "interestExpense": "1921000000", "nonInterestIncome": "None", "otherNonOperatingIncome": "None", "depreciation": "None", "depreciationAndAmortization": "1990000000", "incomeBeforeTax": "-5799000000", "incomeTaxExpense": "-2001000000", "interestAndDebtExpense": "None", "netIncomeFromContinuingOperations": "-2332000000", "comprehensiveIncomeNetOfTax": "None", "ebit": "-5799000000", "ebitda": "-3809000000", "netIncome": "-3846000000"}, {"fiscalDateEnding": "2020-03-31", "reportedCurrency": "USD", "grossProfit": "13712000000", "totalRevenue": "21132000000", "costOfRevenue": "7420000000", "costofGoodsAndServicesSold": "7420000000", "operatingIncome": "664000000", "sellingGeneralAndAdministrative": "8323000000", "researchAndDevelopment": "None", "operatingExpenses": "13048000000", "investmentIncomeNet": "None", "netInterestIncome": "11312000000", "interestIncome": "14727000000", "interestExpense": "3415000000", "nonInterestIncome": "None", "otherNonOperatingIncome": "None", "depreciation": "None", "depreciationAndAmortization": "1868000000", "incomeBeforeTax": "664000000", "incomeTaxExpense": "159000000", "interestAndDebtExpense": "None", "netIncomeFromContinuingOperations": "505000000", "comprehensiveIncomeNetOfTax": "None", "ebit": "664000000", "ebitda": "2532000000", "netIncome": "653000000"}, {"fiscalDateEnding": "2019-12-31", "reportedCurrency": "USD", "grossProfit": "19216000000", "totalRevenue": "24255000000", "costOfRevenue": "5039000000", "costofGoodsAndServicesSold": "5039000000", "operatingIncome": "3602000000", "sellingGeneralAndAdministrative": "10093000000", "researchAndDevelopment": "None", "operatingExpenses": "15614000000", "investmentIncomeNet": "None", "netInterestIncome": "11200000000", "interestIncome": "15595000000", "interestExpense": "4395000000", "nonInterestIncome": "None", "otherNonOperatingIncome": "None", "depreciation": "None", "depreciationAndAmortization": "2135000000", "incomeBeforeTax": "3602000000", "incomeTaxExpense": "678000000", "interestAndDebtExpense": "None", "netIncomeFromContinuingOperations": "2924000000", "comprehensiveIncomeNetOfTax": "None", "ebit": "3602000000", "ebitda": "5737000000", "netIncome": "2873000000"}, {"fiscalDateEnding": "2019-09-30", "reportedCurrency": "USD", "grossProfit": "21315000000", "totalRevenue": "26884000000", "costOfRevenue": "5569000000", "costofGoodsAndServicesSold": "5569000000", "operatingIncome": "6116000000", "sellingGeneralAndAdministrative": "8876000000", "researchAndDevelopment": "None", "operatingExpenses": "15199000000", "investmentIncomeNet": "None", "netInterestIncome": "11625000000", "interestIncome": "16499000000", "interestExpense": "4874000000", "nonInterestIncome": "None", "otherNonOperatingIncome": "None", "depreciation": "None", "depreciationAndAmortization": "1840000000", "incomeBeforeTax": "6116000000", "incomeTaxExpense": "1304000000", "interestAndDebtExpense": "None", "netIncomeFromContinuingOperations": "4812000000", "comprehensiveIncomeNetOfTax": "None", "ebit": "6116000000", "ebitda": "7956000000", "netIncome": "4610000000"}, {"fiscalDateEnding": "2019-06-30", "reportedCurrency": "USD", "grossProfit": "21081000000", "totalRevenue": "26475000000", "costOfRevenue": "5394000000", "costofGoodsAndServicesSold": "5394000000", "operatingIncome": "7632000000", "sellingGeneralAndAdministrative": "8929000000", "researchAndDevelopment": "None", "operatingExpenses": "13449000000", "investmentIncomeNet": "None", "netInterestIncome": "12095000000", "interestIncome": "16986000000", "interestExpense": "4891000000", "nonInterestIncome": "None", "otherNonOperatingIncome": "None", "depreciation": "None", "depreciationAndAmortization": "1651000000", "incomeBeforeTax": "7632000000", "incomeTaxExpense": "1294000000", "interestAndDebtExpense": "None", "netIncomeFromContinuingOperations": "6338000000", "comprehensiveIncomeNetOfTax": "None", "ebit": "7632000000", "ebitda": "9283000000", "netIncome": "6206000000"}, {"fiscalDateEnding": "2019-03-31", "reportedCurrency": "USD", "grossProfit": "20764000000", "totalRevenue": "26301000000", "costOfRevenue": "5537000000", "costofGoodsAndServicesSold": "5537000000", "operatingIncome": "6848000000", "sellingGeneralAndAdministrative": "9653000000", "researchAndDevelopment": "None", "operatingExpenses": "13916000000", "investmentIncomeNet": "None", "netInterestIncome": "12311000000", "interestIncome": "17003000000", "interestExpense": "4692000000", "nonInterestIncome": "None", "otherNonOperatingIncome": "None", "depreciation": "None", "depreciationAndAmortization": "1449000000", "incomeBeforeTax": "6848000000", "incomeTaxExpense": "881000000", "interestAndDebtExpense": "None", "netIncomeFromContinuingOperations": "5967000000", "comprehensiveIncomeNetOfTax": "None", "ebit": "6848000000", "ebitda": "8297000000", "netIncome": "5860000000"}, {"fiscalDateEnding": "2018-12-31", "reportedCurrency": "USD", "grossProfit": "20459000000", "totalRevenue": "25257000000", "costOfRevenue": "4798000000", "costofGoodsAndServicesSold": "4798000000", "operatingIncome": "7120000000", "sellingGeneralAndAdministrative": "7831000000", "researchAndDevelopment": "0", "operatingExpenses": "13339000000", "investmentIncomeNet": "None", "netInterestIncome": "None", "interestIncome": "None", "interestExpense": "4277000000", "nonInterestIncome": "None", "otherNonOperatingIncome": "None", "depreciation": "None", "depreciationAndAmortization": "1371000000", "incomeBeforeTax": "7120000000", "incomeTaxExpense": "966000000", "interestAndDebtExpense": "None", "netIncomeFromContinuingOperations": "6154000000", "comprehensiveIncomeNetOfTax": "None", "ebit": "7120000000", "ebitda": "8491000000", "netIncome": "6064000000"}, {"fiscalDateEnding": "2018-09-30", "reportedCurrency": "USD", "grossProfit": "21361000000", "totalRevenue": "25733000000", "costOfRevenue": "4372000000", "costofGoodsAndServicesSold": "4372000000", "operatingIncome": "7598000000", "sellingGeneralAndAdministrative": "8601000000", "researchAndDevelopment": "0", "operatingExpenses": "13763000000", "investmentIncomeNet": "None", "netInterestIncome": "None", "interestIncome": "None", "interestExpense": "3792000000", "nonInterestIncome": "None", "otherNonOperatingIncome": "None", "depreciation": "None", "depreciationAndAmortization": "1387000000", "incomeBeforeTax": "7598000000", "incomeTaxExpense": "1512000000", "interestAndDebtExpense": "None", "netIncomeFromContinuingOperations": "6086000000", "comprehensiveIncomeNetOfTax": "None", "ebit": "7598000000", "ebitda": "8985000000", "netIncome": "6007000000"}, {"fiscalDateEnding": "2018-06-30", "reportedCurrency": "USD", "grossProfit": "21101000000", "totalRevenue": "25027000000", "costOfRevenue": "3926000000", "costofGoodsAndServicesSold": "3926000000", "operatingIncome": "7119000000", "sellingGeneralAndAdministrative": "9350000000", "researchAndDevelopment": "0", "operatingExpenses": "13982000000", "investmentIncomeNet": "None", "netInterestIncome": "None", "interestIncome": "None", "interestExpense": "3474000000", "nonInterestIncome": "None", "otherNonOperatingIncome": "None", "depreciation": "None", "depreciationAndAmortization": "1404000000", "incomeBeforeTax": "7119000000", "incomeTaxExpense": "1810000000", "interestAndDebtExpense": "None", "netIncomeFromContinuingOperations": "5309000000", "comprehensiveIncomeNetOfTax": "None", "ebit": "7119000000", "ebitda": "8523000000", "netIncome": "5186000000"}, {"fiscalDateEnding": "2018-03-31", "reportedCurrency": "USD", "grossProfit": "21743000000", "totalRevenue": "25043000000", "costOfRevenue": "3300000000", "costofGoodsAndServicesSold": "3300000000", "operatingIncome": "6701000000", "sellingGeneralAndAdministrative": "9785000000", "researchAndDevelopment": "0", "operatingExpenses": "15042000000", "investmentIncomeNet": "None", "netInterestIncome": "None", "interestIncome": "None", "interestExpense": "3109000000", "nonInterestIncome": "None", "otherNonOperatingIncome": "None", "depreciation": "None", "depreciationAndAmortization": "1431000000", "incomeBeforeTax": "6701000000", "incomeTaxExpense": "1374000000", "interestAndDebtExpense": "None", "netIncomeFromContinuingOperations": "5327000000", "comprehensiveIncomeNetOfTax": "None", "ebit": "6701000000", "ebitda": "8132000000", "netIncome": "5136000000"}, {"fiscalDateEnding": "2017-12-31", "reportedCurrency": "USD", "grossProfit": "20354000000", "totalRevenue": "23617000000", "costOfRevenue": "3263000000", "costofGoodsAndServicesSold": "3263000000", "operatingIncome": "4841000000", "sellingGeneralAndAdministrative": "8673000000", "researchAndDevelopment": "0", "operatingExpenses": "15513000000", "investmentIncomeNet": "None", "netInterestIncome": "None", "interestIncome": "None", "interestExpense": "2612000000", "nonInterestIncome": "None", "otherNonOperatingIncome": "None", "depreciation": "None", "depreciationAndAmortization": "1612000000", "incomeBeforeTax": "4841000000", "incomeTaxExpense": "-1569000000", "interestAndDebtExpense": "None", "netIncomeFromContinuingOperations": "6410000000", "comprehensiveIncomeNetOfTax": "None", "ebit": "4841000000", "ebitda": "6453000000", "netIncome": "6320000000"}, {"fiscalDateEnding": "2017-09-30", "reportedCurrency": "USD", "grossProfit": "21132000000", "totalRevenue": "24444000000", "costOfRevenue": "3312000000", "costofGoodsAndServicesSold": "3312000000", "operatingIncome": "6781000000", "sellingGeneralAndAdministrative": "8502000000", "researchAndDevelopment": "0", "operatingExpenses": "14351000000", "investmentIncomeNet": "None", "netInterestIncome": "None", "interestIncome": "None", "interestExpense": "2595000000", "nonInterestIncome": "None", "otherNonOperatingIncome": "None", "depreciation": "None", "depreciationAndAmortization": "1316000000", "incomeBeforeTax": "6781000000", "incomeTaxExpense": "2181000000", "interestAndDebtExpense": "None", "netIncomeFromContinuingOperations": "4654000000", "comprehensiveIncomeNetOfTax": "None", "ebit": "6781000000", "ebitda": "8097000000", "netIncome": "4542000000"}, {"fiscalDateEnding": "2017-06-30", "reportedCurrency": "USD", "grossProfit": "21680000000", "totalRevenue": "24458000000", "costOfRevenue": "2778000000", "costofGoodsAndServicesSold": "2778000000", "operatingIncome": "8139000000", "sellingGeneralAndAdministrative": "8478000000", "researchAndDevelopment": "0", "operatingExpenses": "13541000000", "investmentIncomeNet": "None", "netInterestIncome": "None", "interestIncome": "None", "interestExpense": "2223000000", "nonInterestIncome": "None", "otherNonOperatingIncome": "None", "depreciation": "None", "depreciationAndAmortization": "1241000000", "incomeBeforeTax": "8139000000", "incomeTaxExpense": "2245000000", "interestAndDebtExpense": "None", "netIncomeFromContinuingOperations": "5848000000", "comprehensiveIncomeNetOfTax": "None", "ebit": "8139000000", "ebitda": "9380000000", "netIncome": "5856000000"}, {"fiscalDateEnding": "2017-03-31", "reportedCurrency": "USD", "grossProfit": "21650000000", "totalRevenue": "24144000000", "costOfRevenue": "2494000000", "costofGoodsAndServicesSold": "2494000000", "operatingIncome": "7858000000", "sellingGeneralAndAdministrative": "9005000000", "researchAndDevelopment": "0", "operatingExpenses": "13792000000", "investmentIncomeNet": "None", "netInterestIncome": "None", "interestIncome": "None", "interestExpense": "1889000000", "nonInterestIncome": "None", "otherNonOperatingIncome": "None", "depreciation": "None", "depreciationAndAmortization": "1237000000", "incomeBeforeTax": "7858000000", "incomeTaxExpense": "2133000000", "interestAndDebtExpense": "None", "netIncomeFromContinuingOperations": "5548000000", "comprehensiveIncomeNetOfTax": "None", "ebit": "7858000000", "ebitda": "9095000000", "netIncome": "5634000000"}, {"fiscalDateEnding": "2016-12-31", "reportedCurrency": "USD", "grossProfit": "19811000000", "totalRevenue": "22272000000", "costOfRevenue": "2461000000", "costofGoodsAndServicesSold": "2461000000", "operatingIncome": "7562000000", "sellingGeneralAndAdministrative": "8125000000", "researchAndDevelopment": "0", "operatingExpenses": "12249000000", "investmentIncomeNet": "None", "netInterestIncome": "None", "interestIncome": "None", "interestExpense": "1656000000", "nonInterestIncome": "None", "otherNonOperatingIncome": "None", "depreciation": "None", "depreciationAndAmortization": "1372000000", "incomeBeforeTax": "7562000000", "incomeTaxExpense": "2258000000", "interestAndDebtExpense": "None", "netIncomeFromContinuingOperations": "5304000000", "comprehensiveIncomeNetOfTax": "None", "ebit": "7562000000", "ebitda": "8934000000", "netIncome": "5274000000"}, {"fiscalDateEnding": "2016-09-30", "reportedCurrency": "USD", "grossProfit": "21383000000", "totalRevenue": "23723000000", "costOfRevenue": "2340000000", "costofGoodsAndServicesSold": "2340000000", "operatingIncome": "8255000000", "sellingGeneralAndAdministrative": "8277000000", "researchAndDevelopment": "0", "operatingExpenses": "13128000000", "investmentIncomeNet": "None", "netInterestIncome": "None", "interestIncome": "None", "interestExpense": "1535000000", "nonInterestIncome": "None", "otherNonOperatingIncome": "None", "depreciation": "None", "depreciationAndAmortization": "1365000000", "incomeBeforeTax": "8255000000", "incomeTaxExpense": "2601000000", "interestAndDebtExpense": "None", "netIncomeFromContinuingOperations": "5654000000", "comprehensiveIncomeNetOfTax": "None", "ebit": "8255000000", "ebitda": "9620000000", "netIncome": "5644000000"}, {"fiscalDateEnding": "2016-06-30", "reportedCurrency": "USD", "grossProfit": "20899000000", "totalRevenue": "23386000000", "costOfRevenue": "2487000000", "costofGoodsAndServicesSold": "2487000000", "operatingIncome": "8222000000", "sellingGeneralAndAdministrative": "8202000000", "researchAndDevelopment": "0", "operatingExpenses": "12677000000", "investmentIncomeNet": "None", "netInterestIncome": "None", "interestIncome": "None", "interestExpense": "1413000000", "nonInterestIncome": "None", "otherNonOperatingIncome": "None", "depreciation": "None", "depreciationAndAmortization": "938000000", "incomeBeforeTax": "8222000000", "incomeTaxExpense": "2649000000", "interestAndDebtExpense": "None", "netIncomeFromContinuingOperations": "5573000000", "comprehensiveIncomeNetOfTax": "None", "ebit": "8222000000", "ebitda": "9160000000", "netIncome": "5558000000"}, {"fiscalDateEnding": "2016-03-31", "reportedCurrency": "USD", "grossProfit": "20865000000", "totalRevenue": "23256000000", "costOfRevenue": "2391000000", "costofGoodsAndServicesSold": "2391000000", "operatingIncome": "8081000000", "sellingGeneralAndAdministrative": "8457000000", "researchAndDevelopment": "0", "operatingExpenses": "12784000000", "investmentIncomeNet": "None", "netInterestIncome": "None", "interestIncome": "None", "interestExpense": "1305000000", "nonInterestIncome": "None", "otherNonOperatingIncome": "None", "depreciation": "None", "depreciationAndAmortization": "1295000000", "incomeBeforeTax": "8081000000", "incomeTaxExpense": "2567000000", "interestAndDebtExpense": "None", "netIncomeFromContinuingOperations": "5514000000", "comprehensiveIncomeNetOfTax": "None", "ebit": "8081000000", "ebitda": "9376000000", "netIncome": "5462000000"}, {"fiscalDateEnding": "2015-12-31", "reportedCurrency": "USD", "grossProfit": "20332000000", "totalRevenue": "22218000000", "costOfRevenue": "1886000000", "costofGoodsAndServicesSold": "1886000000", "operatingIncome": "8156000000", "sellingGeneralAndAdministrative": "7818000000", "researchAndDevelopment": "0", "operatingExpenses": "12176000000", "investmentIncomeNet": "None", "netInterestIncome": "None", "interestIncome": "None", "interestExpense": "1055000000", "nonInterestIncome": "None", "otherNonOperatingIncome": "None", "depreciation": "None", "depreciationAndAmortization": "892000000", "incomeBeforeTax": "8156000000", "incomeTaxExpense": "2533000000", "interestAndDebtExpense": "None", "netIncomeFromContinuingOperations": "5623000000", "comprehensiveIncomeNetOfTax": "None", "ebit": "8156000000", "ebitda": "9048000000", "netIncome": "5575000000"}, {"fiscalDateEnding": "2015-09-30", "reportedCurrency": "USD", "grossProfit": "20252000000", "totalRevenue": "21943000000", "costOfRevenue": "1691000000", "costofGoodsAndServicesSold": "1691000000", "operatingIncome": "8773000000", "sellingGeneralAndAdministrative": "7705000000", "researchAndDevelopment": "0", "operatingExpenses": "11479000000", "investmentIncomeNet": "None", "netInterestIncome": "None", "interestIncome": "None", "interestExpense": "988000000", "nonInterestIncome": "None", "otherNonOperatingIncome": "None", "depreciation": "None", "depreciationAndAmortization": "838000000", "incomeBeforeTax": "8773000000", "incomeTaxExpense": "2790000000", "interestAndDebtExpense": "None", "netIncomeFromContinuingOperations": "5983000000", "comprehensiveIncomeNetOfTax": "None", "ebit": "8773000000", "ebitda": "9611000000", "netIncome": "5796000000"}, {"fiscalDateEnding": "2015-06-30", "reportedCurrency": "USD", "grossProfit": "20501000000", "totalRevenue": "21757000000", "costOfRevenue": "1256000000", "costofGoodsAndServicesSold": "1256000000", "operatingIncome": "8549000000", "sellingGeneralAndAdministrative": "7870000000", "researchAndDevelopment": "0", "operatingExpenses": "11952000000", "investmentIncomeNet": "None", "netInterestIncome": "None", "interestIncome": "None", "interestExpense": "956000000", "nonInterestIncome": "None", "otherNonOperatingIncome": "None", "depreciation": "None", "depreciationAndAmortization": "831000000", "incomeBeforeTax": "8549000000", "incomeTaxExpense": "2763000000", "interestAndDebtExpense": "None", "netIncomeFromContinuingOperations": "5786000000", "comprehensiveIncomeNetOfTax": "None", "ebit": "8549000000", "ebitda": "9380000000", "netIncome": "5719000000"}, {"fiscalDateEnding": "2015-03-31", "reportedCurrency": "USD", "grossProfit": "20300000000", "totalRevenue": "21885000000", "costOfRevenue": "1585000000", "costofGoodsAndServicesSold": "1585000000", "operatingIncome": "8163000000", "sellingGeneralAndAdministrative": "8261000000", "researchAndDevelopment": "0", "operatingExpenses": "12137000000", "investmentIncomeNet": "None", "netInterestIncome": "None", "interestIncome": "None", "interestExpense": "977000000", "nonInterestIncome": "None", "otherNonOperatingIncome": "None", "depreciation": "None", "depreciationAndAmortization": "727000000", "incomeBeforeTax": "8163000000", "incomeTaxExpense": "2279000000", "interestAndDebtExpense": "None", "netIncomeFromContinuingOperations": "5884000000", "comprehensiveIncomeNetOfTax": "None", "ebit": "8163000000", "ebitda": "8890000000", "netIncome": "5804000000"}, {"fiscalDateEnding": "2014-12-31", "reportedCurrency": "USD", "grossProfit": "20586000000", "totalRevenue": "22074000000", "costOfRevenue": "1488000000", "costofGoodsAndServicesSold": "1488000000", "operatingIncome": "8311000000", "sellingGeneralAndAdministrative": "7875000000", "researchAndDevelopment": "0", "operatingExpenses": "12275000000", "investmentIncomeNet": "None", "netInterestIncome": "None", "interestIncome": "None", "interestExpense": "1003000000", "nonInterestIncome": "None", "otherNonOperatingIncome": "None", "depreciation": "None", "depreciationAndAmortization": "582000000", "incomeBeforeTax": "8311000000", "incomeTaxExpense": "2519000000", "interestAndDebtExpense": "None", "netIncomeFromContinuingOperations": "5792000000", "comprehensiveIncomeNetOfTax": "None", "ebit": "8311000000", "ebitda": "8893000000", "netIncome": "5709000000"}, {"fiscalDateEnding": "2014-09-30", "reportedCurrency": "USD", "grossProfit": "20133000000", "totalRevenue": "21524000000", "costOfRevenue": "1391000000", "costofGoodsAndServicesSold": "1391000000", "operatingIncome": "8597000000", "sellingGeneralAndAdministrative": "7601000000", "researchAndDevelopment": "0", "operatingExpenses": "11536000000", "investmentIncomeNet": "None", "netInterestIncome": "None", "interestIncome": "None", "interestExpense": "1023000000", "nonInterestIncome": "None", "otherNonOperatingIncome": "None", "depreciation": "None", "depreciationAndAmortization": "630000000", "incomeBeforeTax": "8597000000", "incomeTaxExpense": "2642000000", "interestAndDebtExpense": "None", "netIncomeFromContinuingOperations": "5955000000", "comprehensiveIncomeNetOfTax": "None", "ebit": "8597000000", "ebitda": "9227000000", "netIncome": "5729000000"}, {"fiscalDateEnding": "2014-06-30", "reportedCurrency": "USD", "grossProfit": "20400000000", "totalRevenue": "21619000000", "costOfRevenue": "1219000000", "costofGoodsAndServicesSold": "1219000000", "operatingIncome": "8655000000", "sellingGeneralAndAdministrative": "7635000000", "researchAndDevelopment": "0", "operatingExpenses": "11745000000", "investmentIncomeNet": "None", "netInterestIncome": "None", "interestIncome": "None", "interestExpense": "1002000000", "nonInterestIncome": "None", "otherNonOperatingIncome": "None", "depreciation": "None", "depreciationAndAmortization": "732000000", "incomeBeforeTax": "8655000000", "incomeTaxExpense": "2869000000", "interestAndDebtExpense": "None", "netIncomeFromContinuingOperations": "5786000000", "comprehensiveIncomeNetOfTax": "None", "ebit": "8655000000", "ebitda": "9387000000", "netIncome": "5726000000"}, {"fiscalDateEnding": "2014-03-31", "reportedCurrency": "USD", "grossProfit": "19453000000", "totalRevenue": "20775000000", "costOfRevenue": "1322000000", "costofGoodsAndServicesSold": "1322000000", "operatingIncome": "8352000000", "sellingGeneralAndAdministrative": "7759000000", "researchAndDevelopment": "0", "operatingExpenses": "11101000000", "investmentIncomeNet": "None", "netInterestIncome": "None", "interestIncome": "None", "interestExpense": "997000000", "nonInterestIncome": "None", "otherNonOperatingIncome": "None", "depreciation": "None", "depreciationAndAmortization": "571000000", "incomeBeforeTax": "8352000000", "incomeTaxExpense": "2277000000", "interestAndDebtExpense": "None", "netIncomeFromContinuingOperations": "6075000000", "comprehensiveIncomeNetOfTax": "None", "ebit": "8352000000", "ebitda": "8923000000", "netIncome": "5893000000"}, {"fiscalDateEnding": "2013-12-31", "reportedCurrency": "USD", "grossProfit": "19648000000", "totalRevenue": "21044000000", "costOfRevenue": "1396000000", "costofGoodsAndServicesSold": "1396000000", "operatingIncome": "8217000000", "sellingGeneralAndAdministrative": "7514000000", "researchAndDevelopment": "0", "operatingExpenses": "11431000000", "investmentIncomeNet": "None", "netInterestIncome": "None", "interestIncome": "None", "interestExpense": "1033000000", "nonInterestIncome": "None", "otherNonOperatingIncome": "None", "depreciation": "None", "depreciationAndAmortization": "785000000", "incomeBeforeTax": "8217000000", "incomeTaxExpense": "2504000000", "interestAndDebtExpense": "None", "netIncomeFromContinuingOperations": "5713000000", "comprehensiveIncomeNetOfTax": "None", "ebit": "8217000000", "ebitda": "9002000000", "netIncome": "5610000000"}, {"fiscalDateEnding": "2013-09-30", "reportedCurrency": "USD", "grossProfit": "19901000000", "totalRevenue": "21004000000", "costOfRevenue": "1103000000", "costofGoodsAndServicesSold": "1103000000", "operatingIncome": "8301000000", "sellingGeneralAndAdministrative": "7697000000", "researchAndDevelopment": "0", "operatingExpenses": "11600000000", "investmentIncomeNet": "None", "netInterestIncome": "None", "interestIncome": "None", "interestExpense": "1028000000", "nonInterestIncome": "None", "otherNonOperatingIncome": "None", "depreciation": "None", "depreciationAndAmortization": "865000000", "incomeBeforeTax": "8301000000", "incomeTaxExpense": "2618000000", "interestAndDebtExpense": "None", "netIncomeFromContinuingOperations": "5683000000", "comprehensiveIncomeNetOfTax": "None", "ebit": "8301000000", "ebitda": "9166000000", "netIncome": "5578000000"}, {"fiscalDateEnding": "2013-06-30", "reportedCurrency": "USD", "grossProfit": "20523000000", "totalRevenue": "22252000000", "costOfRevenue": "1729000000", "costofGoodsAndServicesSold": "1729000000", "operatingIncome": "8471000000", "sellingGeneralAndAdministrative": "7771000000", "researchAndDevelopment": "0", "operatingExpenses": "12052000000", "investmentIncomeNet": "None", "netInterestIncome": "None", "interestIncome": "None", "interestExpense": "1077000000", "nonInterestIncome": "None", "otherNonOperatingIncome": "None", "depreciation": "None", "depreciationAndAmortization": "809000000", "incomeBeforeTax": "8471000000", "incomeTaxExpense": "2863000000", "interestAndDebtExpense": "None", "netIncomeFromContinuingOperations": "5608000000", "comprehensiveIncomeNetOfTax": "None", "ebit": "8471000000", "ebitda": "9280000000", "netIncome": "5519000000"}, {"fiscalDateEnding": "2013-03-31", "reportedCurrency": "USD", "grossProfit": "19927000000", "totalRevenue": "22297000000", "costOfRevenue": "2370000000", "costofGoodsAndServicesSold": "2370000000", "operatingIncome": "7640000000", "sellingGeneralAndAdministrative": "8115000000", "researchAndDevelopment": "0", "operatingExpenses": "12287000000", "investmentIncomeNet": "None", "netInterestIncome": "None", "interestIncome": "None", "interestExpense": "1151000000", "nonInterestIncome": "None", "otherNonOperatingIncome": "None", "depreciation": "None", "depreciationAndAmortization": "834000000", "incomeBeforeTax": "7640000000", "incomeTaxExpense": "2420000000", "interestAndDebtExpense": "None", "netIncomeFromContinuingOperations": "5220000000", "comprehensiveIncomeNetOfTax": "None", "ebit": "7640000000", "ebitda": "8474000000", "netIncome": "5171000000"}, {"fiscalDateEnding": "2012-12-31", "reportedCurrency": "USD", "grossProfit": "19402000000", "totalRevenue": "22447000000", "costOfRevenue": "3045000000", "costofGoodsAndServicesSold": "3045000000", "operatingIncome": "7221000000", "sellingGeneralAndAdministrative": "14437000000", "researchAndDevelopment": "0", "operatingExpenses": "12181000000", "investmentIncomeNet": "None", "netInterestIncome": "None", "interestIncome": "None", "interestExpense": "1214000000", "nonInterestIncome": "None", "otherNonOperatingIncome": "None", "depreciation": "None", "depreciationAndAmortization": "724000000", "incomeBeforeTax": "7221000000", "incomeTaxExpense": "1924000000", "interestAndDebtExpense": "None", "netIncomeFromContinuingOperations": "0", "comprehensiveIncomeNetOfTax": "None", "ebit": "7221000000", "ebitda": "7945000000", "netIncome": "5090000000"}, {"fiscalDateEnding": "2012-09-30", "reportedCurrency": "USD", "grossProfit": "19458000000", "totalRevenue": "22312000000", "costOfRevenue": "2854000000", "costofGoodsAndServicesSold": "2854000000", "operatingIncome": "7510000000", "sellingGeneralAndAdministrative": "7438000000", "researchAndDevelopment": "0", "operatingExpenses": "11948000000", "investmentIncomeNet": "None", "netInterestIncome": "None", "interestIncome": "None", "interestExpense": "1263000000", "nonInterestIncome": "None", "otherNonOperatingIncome": "None", "depreciation": "None", "depreciationAndAmortization": "699000000", "incomeBeforeTax": "7510000000", "incomeTaxExpense": "2480000000", "interestAndDebtExpense": "None", "netIncomeFromContinuingOperations": "0", "comprehensiveIncomeNetOfTax": "None", "ebit": "7510000000", "ebitda": "8209000000", "netIncome": "4937000000"}, {"fiscalDateEnding": "2012-06-30", "reportedCurrency": "USD", "grossProfit": "19247000000", "totalRevenue": "22364000000", "costOfRevenue": "3117000000", "costofGoodsAndServicesSold": "3117000000", "operatingIncome": "7092000000", "sellingGeneralAndAdministrative": "7441000000", "researchAndDevelopment": "0", "operatingExpenses": "12155000000", "investmentIncomeNet": "None", "netInterestIncome": "None", "interestIncome": "None", "interestExpense": "1317000000", "nonInterestIncome": "None", "otherNonOperatingIncome": "None", "depreciation": "None", "depreciationAndAmortization": "735000000", "incomeBeforeTax": "7092000000", "incomeTaxExpense": "2371000000", "interestAndDebtExpense": "None", "netIncomeFromContinuingOperations": "0", "comprehensiveIncomeNetOfTax": "None", "ebit": "7092000000", "ebitda": "7827000000", "netIncome": "4622000000"}, {"fiscalDateEnding": "2012-03-31", "reportedCurrency": "USD", "grossProfit": "19277000000", "totalRevenue": "22639000000", "costOfRevenue": "3362000000", "costofGoodsAndServicesSold": "3362000000", "operatingIncome": "6648000000", "sellingGeneralAndAdministrative": "7983000000", "researchAndDevelopment": "0", "operatingExpenses": "12629000000", "investmentIncomeNet": "None", "netInterestIncome": "None", "interestIncome": "None", "interestExpense": "1367000000", "nonInterestIncome": "None", "otherNonOperatingIncome": "None", "depreciation": "None", "depreciationAndAmortization": "649000000", "incomeBeforeTax": "6648000000", "incomeTaxExpense": "2328000000", "interestAndDebtExpense": "None", "netIncomeFromContinuingOperations": "0", "comprehensiveIncomeNetOfTax": "None", "ebit": "6648000000", "ebitda": "7297000000", "netIncome": "4248000000"}, {"fiscalDateEnding": "2011-12-31", "reportedCurrency": "USD", "grossProfit": "18504000000", "totalRevenue": "22030000000", "costOfRevenue": "3526000000", "costofGoodsAndServicesSold": "3526000000", "operatingIncome": "6057000000", "sellingGeneralAndAdministrative": "13889000000", "researchAndDevelopment": "0", "operatingExpenses": "12447000000", "investmentIncomeNet": "None", "netInterestIncome": "None", "interestIncome": "None", "interestExpense": "1486000000", "nonInterestIncome": "None", "otherNonOperatingIncome": "None", "depreciation": "None", "depreciationAndAmortization": "725000000", "incomeBeforeTax": "6057000000", "incomeTaxExpense": "1874000000", "interestAndDebtExpense": "None", "netIncomeFromContinuingOperations": "0", "comprehensiveIncomeNetOfTax": "None", "ebit": "6057000000", "ebitda": "6782000000", "netIncome": "4107000000"}, {"fiscalDateEnding": "2011-09-30", "reportedCurrency": "USD", "grossProfit": "17473000000", "totalRevenue": "20920000000", "costOfRevenue": "3447000000", "costofGoodsAndServicesSold": "3447000000", "operatingIncome": "6140000000", "sellingGeneralAndAdministrative": "4830000000", "researchAndDevelopment": "0", "operatingExpenses": "11333000000", "investmentIncomeNet": "None", "netInterestIncome": "None", "interestIncome": "None", "interestExpense": "1636000000", "nonInterestIncome": "None", "otherNonOperatingIncome": "None", "depreciation": "None", "depreciationAndAmortization": "515000000", "incomeBeforeTax": "6140000000", "incomeTaxExpense": "1998000000", "interestAndDebtExpense": "None", "netIncomeFromContinuingOperations": "4142000000", "comprehensiveIncomeNetOfTax": "None", "ebit": "6140000000", "ebitda": "6655000000", "netIncome": "4055000000"}, {"fiscalDateEnding": "2011-06-30", "reportedCurrency": "USD", "grossProfit": "17824000000", "totalRevenue": "21368000000", "costOfRevenue": "3544000000", "costofGoodsAndServicesSold": "3544000000", "operatingIncome": "6073000000", "sellingGeneralAndAdministrative": "5063000000", "researchAndDevelopment": "0", "operatingExpenses": "11751000000", "investmentIncomeNet": "None", "netInterestIncome": "None", "interestIncome": "None", "interestExpense": "1706000000", "nonInterestIncome": "None", "otherNonOperatingIncome": "None", "depreciation": "None", "depreciationAndAmortization": "491000000", "incomeBeforeTax": "6073000000", "incomeTaxExpense": "2001000000", "interestAndDebtExpense": "None", "netIncomeFromContinuingOperations": "4072000000", "comprehensiveIncomeNetOfTax": "None", "ebit": "6073000000", "ebitda": "6564000000", "netIncome": "3948000000"}, {"fiscalDateEnding": "2011-03-31", "reportedCurrency": "USD", "grossProfit": "17766000000", "totalRevenue": "21797000000", "costOfRevenue": "4031000000", "costofGoodsAndServicesSold": "4031000000", "operatingIncome": "5386000000", "sellingGeneralAndAdministrative": "5151000000", "researchAndDevelopment": "0", "operatingExpenses": "12380000000", "investmentIncomeNet": "None", "netInterestIncome": "None", "interestIncome": "None", "interestExpense": "1821000000", "nonInterestIncome": "None", "otherNonOperatingIncome": "None", "depreciation": "None", "depreciationAndAmortization": "477000000", "incomeBeforeTax": "5386000000", "incomeTaxExpense": "1572000000", "interestAndDebtExpense": "None", "netIncomeFromContinuingOperations": "3814000000", "comprehensiveIncomeNetOfTax": "None", "ebit": "5386000000", "ebitda": "5863000000", "netIncome": "3759000000"}, {"fiscalDateEnding": "2010-12-31", "reportedCurrency": "USD", "grossProfit": "18188000000", "totalRevenue": "23083000000", "costOfRevenue": "4895000000", "costofGoodsAndServicesSold": "4895000000", "operatingIncome": "5165000000", "sellingGeneralAndAdministrative": "14594000000", "researchAndDevelopment": "0", "operatingExpenses": "13023000000", "investmentIncomeNet": "None", "netInterestIncome": "None", "interestIncome": "None", "interestExpense": "1906000000", "nonInterestIncome": "None", "otherNonOperatingIncome": "None", "depreciation": "None", "depreciationAndAmortization": "422000000", "incomeBeforeTax": "5165000000", "incomeTaxExpense": "1672000000", "interestAndDebtExpense": "None", "netIncomeFromContinuingOperations": "0", "comprehensiveIncomeNetOfTax": "None", "ebit": "5165000000", "ebitda": "5587000000", "netIncome": "3414000000"}, {"fiscalDateEnding": "2010-09-30", "reportedCurrency": "USD", "grossProfit": "17298000000", "totalRevenue": "22775000000", "costOfRevenue": "5477000000", "costofGoodsAndServicesSold": "5477000000", "operatingIncome": "5176000000", "sellingGeneralAndAdministrative": "4852000000", "researchAndDevelopment": "0", "operatingExpenses": "12122000000", "investmentIncomeNet": "None", "netInterestIncome": "None", "interestIncome": "None", "interestExpense": "2032000000", "nonInterestIncome": "None", "otherNonOperatingIncome": "None", "depreciation": "None", "depreciationAndAmortization": "167000000", "incomeBeforeTax": "5176000000", "incomeTaxExpense": "1751000000", "interestAndDebtExpense": "None", "netIncomeFromContinuingOperations": "0", "comprehensiveIncomeNetOfTax": "None", "ebit": "5176000000", "ebitda": "5343000000", "netIncome": "3339000000"}, {"fiscalDateEnding": "2010-06-30", "reportedCurrency": "USD", "grossProfit": "17117000000", "totalRevenue": "23129000000", "costOfRevenue": "6012000000", "costofGoodsAndServicesSold": "6012000000", "operatingIncome": "4659000000", "sellingGeneralAndAdministrative": "4922000000", "researchAndDevelopment": "0", "operatingExpenses": "12458000000", "investmentIncomeNet": "None", "netInterestIncome": "None", "interestIncome": "None", "interestExpense": "2023000000", "nonInterestIncome": "None", "otherNonOperatingIncome": "None", "depreciation": "None", "depreciationAndAmortization": "622000000", "incomeBeforeTax": "4659000000", "incomeTaxExpense": "1514000000", "interestAndDebtExpense": "None", "netIncomeFromContinuingOperations": "0", "comprehensiveIncomeNetOfTax": "None", "ebit": "4659000000", "ebitda": "5281000000", "netIncome": "3062000000"}, {"fiscalDateEnding": "2010-03-31", "reportedCurrency": "USD", "grossProfit": "16075000000", "totalRevenue": "23483000000", "costOfRevenue": "7408000000", "costofGoodsAndServicesSold": "7408000000", "operatingIncome": "4001000000", "sellingGeneralAndAdministrative": "4937000000", "researchAndDevelopment": "0", "operatingExpenses": "12074000000", "investmentIncomeNet": "None", "netInterestIncome": "None", "interestIncome": "None", "interestExpense": "2078000000", "nonInterestIncome": "None", "otherNonOperatingIncome": "None", "depreciation": "None", "depreciationAndAmortization": "713000000", "incomeBeforeTax": "4001000000", "incomeTaxExpense": "1401000000", "interestAndDebtExpense": "None", "netIncomeFromContinuingOperations": "0", "comprehensiveIncomeNetOfTax": "None", "ebit": "4001000000", "ebitda": "4714000000", "netIncome": "2547000000"}, {"fiscalDateEnding": "2009-12-31", "reportedCurrency": "USD", "grossProfit": "16510000000", "totalRevenue": "24615000000", "costOfRevenue": "8105000000", "costofGoodsAndServicesSold": "8105000000", "operatingIncome": "3962000000", "sellingGeneralAndAdministrative": "14519000000", "researchAndDevelopment": "0", "operatingExpenses": "12548000000", "investmentIncomeNet": "None", "netInterestIncome": "None", "interestIncome": "None", "interestExpense": "2192000000", "nonInterestIncome": "None", "otherNonOperatingIncome": "None", "depreciation": "None", "depreciationAndAmortization": "404000000", "incomeBeforeTax": "3962000000", "incomeTaxExpense": "949000000", "interestAndDebtExpense": "None", "netIncomeFromContinuingOperations": "0", "comprehensiveIncomeNetOfTax": "None", "ebit": "3962000000", "ebitda": "4366000000", "netIncome": "2823000000"}, {"fiscalDateEnding": "2009-09-30", "reportedCurrency": "USD", "grossProfit": "16326000000", "totalRevenue": "24721000000", "costOfRevenue": "8395000000", "costofGoodsAndServicesSold": "8395000000", "operatingIncome": "4671000000", "sellingGeneralAndAdministrative": "4462000000", "researchAndDevelopment": "0", "operatingExpenses": "11655000000", "investmentIncomeNet": "None", "netInterestIncome": "None", "interestIncome": "None", "interestExpense": "2284000000", "nonInterestIncome": "None", "otherNonOperatingIncome": "None", "depreciation": "None", "depreciationAndAmortization": "897000000", "incomeBeforeTax": "4671000000", "incomeTaxExpense": "1355000000", "interestAndDebtExpense": "None", "netIncomeFromContinuingOperations": "0", "comprehensiveIncomeNetOfTax": "None", "ebit": "4671000000", "ebitda": "5568000000", "netIncome": "3235000000"}, {"fiscalDateEnding": "2009-06-30", "reportedCurrency": "USD", "grossProfit": "17381000000", "totalRevenue": "25004000000", "costOfRevenue": "7623000000", "costofGoodsAndServicesSold": "7623000000", "operatingIncome": "4724000000", "sellingGeneralAndAdministrative": "4665000000", "researchAndDevelopment": "0", "operatingExpenses": "12657000000", "investmentIncomeNet": "None", "netInterestIncome": "None", "interestIncome": "None", "interestExpense": "2537000000", "nonInterestIncome": "None", "otherNonOperatingIncome": "None", "depreciation": "None", "depreciationAndAmortization": "559000000", "incomeBeforeTax": "4724000000", "incomeTaxExpense": "1475000000", "interestAndDebtExpense": "None", "netIncomeFromContinuingOperations": "0", "comprehensiveIncomeNetOfTax": "None", "ebit": "4724000000", "ebitda": "5283000000", "netIncome": "3172000000"}, {"fiscalDateEnding": "2009-03-31", "reportedCurrency": "USD", "grossProfit": "16616000000", "totalRevenue": "24111000000", "costOfRevenue": "7495000000", "costofGoodsAndServicesSold": "7495000000", "operatingIncome": "4641000000", "sellingGeneralAndAdministrative": "4670000000", "researchAndDevelopment": "0", "operatingExpenses": "11975000000", "investmentIncomeNet": "None", "netInterestIncome": "None", "interestIncome": "None", "interestExpense": "2937000000", "nonInterestIncome": "None", "otherNonOperatingIncome": "None", "depreciation": "None", "depreciationAndAmortization": "981000000", "incomeBeforeTax": "4641000000", "incomeTaxExpense": "1552000000", "interestAndDebtExpense": "None", "netIncomeFromContinuingOperations": "0", "comprehensiveIncomeNetOfTax": "None", "ebit": "4641000000", "ebitda": "5622000000", "netIncome": "3045000000"}, {"fiscalDateEnding": "2008-12-31", "reportedCurrency": "USD", "grossProfit": "1789000000", "totalRevenue": "12237000000", "costOfRevenue": "10448000000", "costofGoodsAndServicesSold": "10448000000", "operatingIncome": "-4770000000", "sellingGeneralAndAdministrative": "4843000000", "researchAndDevelopment": "0", "operatingExpenses": "6559000000", "investmentIncomeNet": "None", "netInterestIncome": "None", "interestIncome": "None", "interestExpense": "2004000000", "nonInterestIncome": "None", "otherNonOperatingIncome": "None", "depreciation": "None", "depreciationAndAmortization": "515000000", "incomeBeforeTax": "-4770000000", "incomeTaxExpense": "-2036000000", "interestAndDebtExpense": "None", "netIncomeFromContinuingOperations": "0", "comprehensiveIncomeNetOfTax": "None", "ebit": "-4770000000", "ebitda": "-4255000000", "netIncome": "-2734000000"}, {"fiscalDateEnding": "2008-09-30", "reportedCurrency": "USD", "grossProfit": "8391000000", "totalRevenue": "13279000000", "costOfRevenue": "4888000000", "costofGoodsAndServicesSold": "4888000000", "operatingIncome": "2381000000", "sellingGeneralAndAdministrative": "2564000000", "researchAndDevelopment": "0", "operatingExpenses": "6010000000", "investmentIncomeNet": "None", "netInterestIncome": "None", "interestIncome": "None", "interestExpense": "2393000000", "nonInterestIncome": "None", "otherNonOperatingIncome": "None", "depreciation": "None", "depreciationAndAmortization": "406000000", "incomeBeforeTax": "2381000000", "incomeTaxExpense": "730000000", "interestAndDebtExpense": "None", "netIncomeFromContinuingOperations": "0", "comprehensiveIncomeNetOfTax": "None", "ebit": "2381000000", "ebitda": "2787000000", "netIncome": "1637000000"}, {"fiscalDateEnding": "2008-06-30", "reportedCurrency": "USD", "grossProfit": "8401000000", "totalRevenue": "13682000000", "costOfRevenue": "5281000000", "costofGoodsAndServicesSold": "5281000000", "operatingIncome": "2603000000", "sellingGeneralAndAdministrative": "2623000000", "researchAndDevelopment": "0", "operatingExpenses": "5798000000", "investmentIncomeNet": "None", "netInterestIncome": "None", "interestIncome": "None", "interestExpense": "2269000000", "nonInterestIncome": "None", "otherNonOperatingIncome": "None", "depreciation": "None", "depreciationAndAmortization": "380000000", "incomeBeforeTax": "2603000000", "incomeTaxExpense": "834000000", "interestAndDebtExpense": "None", "netIncomeFromContinuingOperations": "0", "comprehensiveIncomeNetOfTax": "None", "ebit": "2603000000", "ebitda": "2983000000", "netIncome": "1753000000"}, {"fiscalDateEnding": "2008-03-31", "reportedCurrency": "USD", "grossProfit": "8222000000", "totalRevenue": "13339000000", "costOfRevenue": "5117000000", "costofGoodsAndServicesSold": "5117000000", "operatingIncome": "3093000000", "sellingGeneralAndAdministrative": "2571000000", "researchAndDevelopment": "0", "operatingExpenses": "5129000000", "investmentIncomeNet": "None", "netInterestIncome": "None", "interestIncome": "None", "interestExpense": "3089000000", "nonInterestIncome": "None", "otherNonOperatingIncome": "None", "depreciation": "None", "depreciationAndAmortization": "368000000", "incomeBeforeTax": "3093000000", "incomeTaxExpense": "1074000000", "interestAndDebtExpense": "None", "netIncomeFromContinuingOperations": "0", "comprehensiveIncomeNetOfTax": "None", "ebit": "3093000000", "ebitda": "3461000000", "netIncome": "1999000000"}, {"fiscalDateEnding": "2007-12-31", "reportedCurrency": "USD", "grossProfit": "6859000000", "totalRevenue": "13225000000", "costOfRevenue": "6366000000", "costofGoodsAndServicesSold": "6366000000", "operatingIncome": "1523000000", "sellingGeneralAndAdministrative": "3453000000", "researchAndDevelopment": "0", "operatingExpenses": "5336000000", "investmentIncomeNet": "None", "netInterestIncome": "None", "interestIncome": "None", "interestExpense": "3754000000", "nonInterestIncome": "None", "otherNonOperatingIncome": "None", "depreciation": "None", "depreciationAndAmortization": "391000000", "incomeBeforeTax": "1523000000", "incomeTaxExpense": "272000000", "interestAndDebtExpense": "None", "netIncomeFromContinuingOperations": "0", "comprehensiveIncomeNetOfTax": "None", "ebit": "1523000000", "ebitda": "1914000000", "netIncome": "1251000000"}, {"fiscalDateEnding": "2007-09-30", "reportedCurrency": "USD", "grossProfit": "8961000000", "totalRevenue": "13796000000", "costOfRevenue": "4835000000", "costofGoodsAndServicesSold": "4835000000", "operatingIncome": "3460000000", "sellingGeneralAndAdministrative": "3253000000", "researchAndDevelopment": "0", "operatingExpenses": "5501000000", "investmentIncomeNet": "None", "netInterestIncome": "None", "interestIncome": "None", "interestExpense": "3943000000", "nonInterestIncome": "None", "otherNonOperatingIncome": "None", "depreciation": "None", "depreciationAndAmortization": "377000000", "incomeBeforeTax": "3460000000", "incomeTaxExpense": "1177000000", "interestAndDebtExpense": "None", "netIncomeFromContinuingOperations": "0", "comprehensiveIncomeNetOfTax": "None", "ebit": "3460000000", "ebitda": "3837000000", "netIncome": "2283000000"}, {"fiscalDateEnding": "2007-06-30", "reportedCurrency": "USD", "grossProfit": "9171000000", "totalRevenue": "13268000000", "costOfRevenue": "4097000000", "costofGoodsAndServicesSold": "4097000000", "operatingIncome": "3444000000", "sellingGeneralAndAdministrative": "3388000000", "researchAndDevelopment": "0", "operatingExpenses": "5727000000", "investmentIncomeNet": "None", "netInterestIncome": "None", "interestIncome": "None", "interestExpense": "3377000000", "nonInterestIncome": "None", "otherNonOperatingIncome": "None", "depreciation": "None", "depreciationAndAmortization": "382000000", "incomeBeforeTax": "3444000000", "incomeTaxExpense": "1165000000", "interestAndDebtExpense": "None", "netIncomeFromContinuingOperations": "0", "comprehensiveIncomeNetOfTax": "None", "ebit": "3444000000", "ebitda": "3826000000", "netIncome": "2279000000"}, {"fiscalDateEnding": "2007-03-31", "reportedCurrency": "USD", "grossProfit": "8726000000", "totalRevenue": "12570000000", "costOfRevenue": "3844000000", "costofGoodsAndServicesSold": "3844000000", "operatingIncome": "3200000000", "sellingGeneralAndAdministrative": "3274000000", "researchAndDevelopment": "0", "operatingExpenses": "5526000000", "investmentIncomeNet": "None", "netInterestIncome": "None", "interestIncome": "None", "interestExpense": "3129000000", "nonInterestIncome": "None", "otherNonOperatingIncome": "None", "depreciation": "None", "depreciationAndAmortization": "382000000", "incomeBeforeTax": "3200000000", "incomeTaxExpense": "956000000", "interestAndDebtExpense": "None", "netIncomeFromContinuingOperations": "0", "comprehensiveIncomeNetOfTax": "None", "ebit": "3200000000", "ebitda": "3582000000", "netIncome": "2244000000"}, {"fiscalDateEnding": "2006-12-31", "reportedCurrency": "USD", "grossProfit": "7949000000", "totalRevenue": "11856000000", "costOfRevenue": "3907000000", "costofGoodsAndServicesSold": "3907000000", "operatingIncome": "3276000000", "sellingGeneralAndAdministrative": "3106000000", "researchAndDevelopment": "0", "operatingExpenses": "4673000000", "investmentIncomeNet": "None", "netInterestIncome": "None", "interestIncome": "None", "interestExpense": "3181000000", "nonInterestIncome": "None", "otherNonOperatingIncome": "None", "depreciation": "None", "depreciationAndAmortization": "971000000", "incomeBeforeTax": "3276000000", "incomeTaxExpense": "1095000000", "interestAndDebtExpense": "None", "netIncomeFromContinuingOperations": "0", "comprehensiveIncomeNetOfTax": "None", "ebit": "3276000000", "ebitda": "4247000000", "netIncome": "2181000000"}, {"fiscalDateEnding": "2006-09-30", "reportedCurrency": "USD", "grossProfit": "8321000000", "totalRevenue": "12286000000", "costOfRevenue": "3965000000", "costofGoodsAndServicesSold": "3965000000", "operatingIncome": "3240000000", "sellingGeneralAndAdministrative": "2937000000", "researchAndDevelopment": "0", "operatingExpenses": "5081000000", "investmentIncomeNet": "None", "netInterestIncome": "None", "interestIncome": "None", "interestExpense": "3352000000", "nonInterestIncome": "None", "otherNonOperatingIncome": "None", "depreciation": "None", "depreciationAndAmortization": "976000000", "incomeBeforeTax": "3240000000", "incomeTaxExpense": "1046000000", "interestAndDebtExpense": "None", "netIncomeFromContinuingOperations": "0", "comprehensiveIncomeNetOfTax": "None", "ebit": "3240000000", "ebitda": "4216000000", "netIncome": "2194000000"}, {"fiscalDateEnding": "2006-06-30", "reportedCurrency": "USD", "grossProfit": "8357000000", "totalRevenue": "11882000000", "costOfRevenue": "3525000000", "costofGoodsAndServicesSold": "3525000000", "operatingIncome": "3181000000", "sellingGeneralAndAdministrative": "2955000000", "researchAndDevelopment": "0", "operatingExpenses": "5176000000", "investmentIncomeNet": "None", "netInterestIncome": "None", "interestIncome": "None", "interestExpense": "3093000000", "nonInterestIncome": "None", "otherNonOperatingIncome": "None", "depreciation": "None", "depreciationAndAmortization": "734000000", "incomeBeforeTax": "3181000000", "incomeTaxExpense": "1092000000", "interestAndDebtExpense": "None", "netIncomeFromContinuingOperations": "0", "comprehensiveIncomeNetOfTax": "None", "ebit": "3181000000", "ebitda": "3915000000", "netIncome": "2089000000"}, {"fiscalDateEnding": "2006-03-31", "reportedCurrency": "USD", "grossProfit": "8122000000", "totalRevenue": "11217000000", "costOfRevenue": "3095000000", "costofGoodsAndServicesSold": "3095000000", "operatingIncome": "3048000000", "sellingGeneralAndAdministrative": "2929000000", "researchAndDevelopment": "0", "operatingExpenses": "5074000000", "investmentIncomeNet": "None", "netInterestIncome": "None", "interestIncome": "None", "interestExpense": "2662000000", "nonInterestIncome": "None", "otherNonOperatingIncome": "None", "depreciation": "None", "depreciationAndAmortization": "540000000", "incomeBeforeTax": "3048000000", "incomeTaxExpense": "1030000000", "interestAndDebtExpense": "None", "netIncomeFromContinuingOperations": "0", "comprehensiveIncomeNetOfTax": "None", "ebit": "3048000000", "ebitda": "3588000000", "netIncome": "2018000000"}, {"fiscalDateEnding": "2005-12-31", "reportedCurrency": "USD", "grossProfit": "7789000000", "totalRevenue": "10897000000", "costOfRevenue": "3108000000", "costofGoodsAndServicesSold": "3108000000", "operatingIncome": "2906000000", "sellingGeneralAndAdministrative": "2704000000", "researchAndDevelopment": "0", "operatingExpenses": "4883000000", "investmentIncomeNet": "None", "netInterestIncome": "None", "interestIncome": "None", "interestExpense": "2405000000", "nonInterestIncome": "None", "otherNonOperatingIncome": "None", "depreciation": "None", "depreciationAndAmortization": "1159000000", "incomeBeforeTax": "2906000000", "incomeTaxExpense": "976000000", "interestAndDebtExpense": "None", "netIncomeFromContinuingOperations": "0", "comprehensiveIncomeNetOfTax": "None", "ebit": "2906000000", "ebitda": "4065000000", "netIncome": "1930000000"}]}