{"symbol": "CCI", "annualReports": [{"fiscalDateEnding": "2025-12-31", "reportedCurrency": "USD", "grossProfit": "2818000000", "totalRevenue": "4265000000", "costOfRevenue": "1447000000", "costofGoodsAndServicesSold": "1447000000", "operatingIncome": "2079000000", "sellingGeneralAndAdministrative": "383000000", "researchAndDevelopment": "None", "operatingExpenses": "739000000", "investmentIncomeNet": "None", "netInterestIncome": "None", "interestIncome": "959000000", "interestExpense": "959000000", "nonInterestIncome": "None", "otherNonOperatingIncome": "None", "depreciation": "None", "depreciationAndAmortization": "689000000", "incomeBeforeTax": "1119000000", "incomeTaxExpense": "16000000", "interestAndDebtExpense": "None", "netIncomeFromContinuingOperations": "None", "comprehensiveIncomeNetOfTax": "None", "ebit": "2078000000", "ebitda": "2767000000", "netIncome": "444000000"}, {"fiscalDateEnding": "2024-12-31", "reportedCurrency": "USD", "grossProfit": "4721000000", "totalRevenue": "6568000000", "costOfRevenue": "1847000000", "costofGoodsAndServicesSold": "1847000000", "operatingIncome": "-2938000000", "sellingGeneralAndAdministrative": "706000000", "researchAndDevelopment": "None", "operatingExpenses": "7659000000", "investmentIncomeNet": "None", "netInterestIncome": "-913000000", "interestIncome": "19000000", "interestExpense": "900000000", "nonInterestIncome": "None", "otherNonOperatingIncome": "None", "depreciation": "None", "depreciationAndAmortization": "1738000000", "incomeBeforeTax": "-3879000000", "incomeTaxExpense": "24000000", "interestAndDebtExpense": "None", "netIncomeFromContinuingOperations": "-3903000000", "comprehensiveIncomeNetOfTax": "None", "ebit": "-2979000000", "ebitda": "-1241000000", "netIncome": "-3903000000"}, {"fiscalDateEnding": "2023-12-31", "reportedCurrency": "USD", "grossProfit": "5001000000", "totalRevenue": "6981000000", "costOfRevenue": "1980000000", "costofGoodsAndServicesSold": "1980000000", "operatingIncome": "2369000000", "sellingGeneralAndAdministrative": "773000000", "researchAndDevelopment": "0.22", "operatingExpenses": "2632000000", "investmentIncomeNet": "None", "netInterestIncome": "-808000000", "interestIncome": "12000000", "interestExpense": "821000000", "nonInterestIncome": "None", "otherNonOperatingIncome": "None", "depreciation": "None", "depreciationAndAmortization": "1754000000", "incomeBeforeTax": "1528000000", "incomeTaxExpense": "26000000", "interestAndDebtExpense": "None", "netIncomeFromContinuingOperations": "1553000000", "comprehensiveIncomeNetOfTax": "None", "ebit": "2349000000", "ebitda": "4103000000", "netIncome": "1502000000"}, {"fiscalDateEnding": "2022-12-31", "reportedCurrency": "USD", "grossProfit": "4918000000", "totalRevenue": "6986000000", "costOfRevenue": "2068000000", "costofGoodsAndServicesSold": "2068000000", "operatingIncome": "2425000000", "sellingGeneralAndAdministrative": "750000000", "researchAndDevelopment": "0.24", "operatingExpenses": "2493000000", "investmentIncomeNet": "None", "netInterestIncome": "-696000000", "interestIncome": "696000000", "interestExpense": "673000000", "nonInterestIncome": "None", "otherNonOperatingIncome": "-35000000", "depreciation": "None", "depreciationAndAmortization": "1707000000", "incomeBeforeTax": "1691000000", "incomeTaxExpense": "16000000", "interestAndDebtExpense": "None", "netIncomeFromContinuingOperations": "1675000000", "comprehensiveIncomeNetOfTax": "None", "ebit": "2364000000", "ebitda": "4071000000", "netIncome": "1675000000"}, {"fiscalDateEnding": "2021-12-31", "reportedCurrency": "USD", "grossProfit": "4347000000", "totalRevenue": "6340000000", "costOfRevenue": "1993000000", "costofGoodsAndServicesSold": "1993000000", "operatingIncome": "2001000000", "sellingGeneralAndAdministrative": "680000000", "researchAndDevelopment": "0.19", "operatingExpenses": "2346000000", "investmentIncomeNet": "None", "netInterestIncome": "-656000000", "interestIncome": "656000000", "interestExpense": "632000000", "nonInterestIncome": "None", "otherNonOperatingIncome": "-165000000", "depreciation": "None", "depreciationAndAmortization": "1644000000", "incomeBeforeTax": "1179000000", "incomeTaxExpense": "21000000", "interestAndDebtExpense": "None", "netIncomeFromContinuingOperations": "1158000000", "comprehensiveIncomeNetOfTax": "None", "ebit": "1811000000", "ebitda": "3455000000", "netIncome": "1096000000"}, {"fiscalDateEnding": "2020-12-31", "reportedCurrency": "USD", "grossProfit": "3871000000", "totalRevenue": "5840000000", "costOfRevenue": "1969000000", "costofGoodsAndServicesSold": "1969000000", "operatingIncome": "1863000000", "sellingGeneralAndAdministrative": "678000000", "researchAndDevelopment": "0.18", "operatingExpenses": "2008000000", "investmentIncomeNet": "None", "netInterestIncome": "-687000000", "interestIncome": "2000000", "interestExpense": "666000000", "nonInterestIncome": "None", "otherNonOperatingIncome": "-98000000", "depreciation": "None", "depreciationAndAmortization": "1608000000", "incomeBeforeTax": "1076000000", "incomeTaxExpense": "20000000", "interestAndDebtExpense": "None", "netIncomeFromContinuingOperations": "2434000000", "comprehensiveIncomeNetOfTax": "None", "ebit": "1742000000", "ebitda": "3350000000", "netIncome": "1056000000"}, {"fiscalDateEnding": "2019-12-31", "reportedCurrency": "USD", "grossProfit": "3777000000", "totalRevenue": "5763000000", "costOfRevenue": "1986000000", "costofGoodsAndServicesSold": "1986000000", "operatingIncome": "1559000000", "sellingGeneralAndAdministrative": "614000000", "researchAndDevelopment": "0.15", "operatingExpenses": "2218000000", "investmentIncomeNet": "None", "netInterestIncome": "-677000000", "interestIncome": "6000000", "interestExpense": "683000000", "nonInterestIncome": "None", "otherNonOperatingIncome": "5000000", "depreciation": "None", "depreciationAndAmortization": "1572000000", "incomeBeforeTax": "881000000", "incomeTaxExpense": "21000000", "interestAndDebtExpense": "None", "netIncomeFromContinuingOperations": "2226000000", "comprehensiveIncomeNetOfTax": "None", "ebit": "1543000000", "ebitda": "3115000000", "netIncome": "860000000"}, {"fiscalDateEnding": "2018-12-31", "reportedCurrency": "USD", "grossProfit": "3526000000", "totalRevenue": "5370000000", "costOfRevenue": "1844000000", "costofGoodsAndServicesSold": "1844000000", "operatingIncome": "1383000000", "sellingGeneralAndAdministrative": "563000000", "researchAndDevelopment": "0.12", "operatingExpenses": "2143000000", "investmentIncomeNet": "None", "netInterestIncome": "-637000000", "interestIncome": "5000000", "interestExpense": "642000000", "nonInterestIncome": "None", "otherNonOperatingIncome": "-100000000", "depreciation": "None", "depreciationAndAmortization": "1527000000", "incomeBeforeTax": "641000000", "incomeTaxExpense": "19000000", "interestAndDebtExpense": "None", "netIncomeFromContinuingOperations": "671000000", "comprehensiveIncomeNetOfTax": "None", "ebit": "1261000000", "ebitda": "2788000000", "netIncome": "622000000"}, {"fiscalDateEnding": "2017-12-31", "reportedCurrency": "USD", "grossProfit": "2712000000", "totalRevenue": "4255000000", "costOfRevenue": "1543000000", "costofGoodsAndServicesSold": "1543000000", "operatingIncome": "967000000", "sellingGeneralAndAdministrative": "426698000", "researchAndDevelopment": "0.11", "operatingExpenses": "1745000000", "investmentIncomeNet": "None", "netInterestIncome": "-571921000", "interestIncome": "18761000", "interestExpense": "590682000", "nonInterestIncome": "None", "otherNonOperatingIncome": "17230000", "depreciation": "None", "depreciationAndAmortization": "1241000000", "incomeBeforeTax": "392000000", "incomeTaxExpense": "26000000", "interestAndDebtExpense": "None", "netIncomeFromContinuingOperations": "496636000", "comprehensiveIncomeNetOfTax": "None", "ebit": "962000000", "ebitda": "2203000000", "netIncome": "366000000"}, {"fiscalDateEnding": "2016-12-31", "reportedCurrency": "USD", "grossProfit": "2480000000", "totalRevenue": "3921000000", "costOfRevenue": "1441000000", "costofGoodsAndServicesSold": "1441000000", "operatingIncome": "949000000", "sellingGeneralAndAdministrative": "371031000", "researchAndDevelopment": "0.09", "operatingExpenses": "1531000000", "investmentIncomeNet": "None", "netInterestIncome": "-514236000", "interestIncome": "796000", "interestExpense": "515032000", "nonInterestIncome": "None", "otherNonOperatingIncome": "-60330000", "depreciation": "None", "depreciationAndAmortization": "1109000000", "incomeBeforeTax": "374000000", "incomeTaxExpense": "17000000", "interestAndDebtExpense": "None", "netIncomeFromContinuingOperations": "390735000", "comprehensiveIncomeNetOfTax": "None", "ebit": "868000000", "ebitda": "1977000000", "netIncome": "356973000"}, {"fiscalDateEnding": "2015-12-31", "reportedCurrency": "USD", "grossProfit": "2342425000", "totalRevenue": "3663851000", "costOfRevenue": "1321426000", "costofGoodsAndServicesSold": "1321426000", "operatingIncome": "946180000", "sellingGeneralAndAdministrative": "310921000", "researchAndDevelopment": "0", "operatingExpenses": "1396245000", "investmentIncomeNet": "None", "netInterestIncome": "None", "interestIncome": "526251000", "interestExpense": "527128000", "nonInterestIncome": "None", "otherNonOperatingIncome": "54777000", "depreciation": "None", "depreciationAndAmortization": "1036178000", "incomeBeforeTax": "473829000", "incomeTaxExpense": "-51457000", "interestAndDebtExpense": "None", "netIncomeFromContinuingOperations": "422372000", "comprehensiveIncomeNetOfTax": "None", "ebit": "959026000", "ebitda": "1995204000", "netIncome": "477955000"}, {"fiscalDateEnding": "2014-12-31", "reportedCurrency": "USD", "grossProfit": "2232150000", "totalRevenue": "3538756000", "costOfRevenue": "1306606000", "costofGoodsAndServicesSold": "1306606000", "operatingIncome": "940682000", "sellingGeneralAndAdministrative": "257296000", "researchAndDevelopment": "0", "operatingExpenses": "1291468000", "investmentIncomeNet": "None", "netInterestIncome": "None", "interestIncome": "None", "interestExpense": "573291000", "nonInterestIncome": "None", "otherNonOperatingIncome": "-32151000", "depreciation": "None", "depreciationAndAmortization": "985781000", "incomeBeforeTax": "335070000", "incomeTaxExpense": "-11244000", "interestAndDebtExpense": "None", "netIncomeFromContinuingOperations": "398774000", "comprehensiveIncomeNetOfTax": "None", "ebit": "824522000", "ebitda": "1810303000", "netIncome": "294065000"}, {"fiscalDateEnding": "2013-12-31", "reportedCurrency": "USD", "grossProfit": "1874734000", "totalRevenue": "2865751000", "costOfRevenue": "991017000", "costofGoodsAndServicesSold": "991017000", "operatingIncome": "880704000", "sellingGeneralAndAdministrative": "213519000", "researchAndDevelopment": "0", "operatingExpenses": "994030000", "investmentIncomeNet": "None", "netInterestIncome": "None", "interestIncome": "None", "interestExpense": "589630000", "nonInterestIncome": "None", "otherNonOperatingIncome": "-39644000", "depreciation": "None", "depreciationAndAmortization": "741342000", "incomeBeforeTax": "251001000", "incomeTaxExpense": "191000000", "interestAndDebtExpense": "None", "netIncomeFromContinuingOperations": "93901000", "comprehensiveIncomeNetOfTax": "None", "ebit": "748095000", "ebitda": "1489437000", "netIncome": "44848000"}, {"fiscalDateEnding": "2012-12-31", "reportedCurrency": "USD", "grossProfit": "1703691000", "totalRevenue": "2432680000", "costOfRevenue": "728989000", "costofGoodsAndServicesSold": "728989000", "operatingIncome": "834681000", "sellingGeneralAndAdministrative": "212572000", "researchAndDevelopment": "0", "operatingExpenses": "869010000", "investmentIncomeNet": "None", "netInterestIncome": "None", "interestIncome": "None", "interestExpense": "601044000", "nonInterestIncome": "None", "otherNonOperatingIncome": "-132810000", "depreciation": "None", "depreciationAndAmortization": "622592000", "incomeBeforeTax": "100827000", "incomeTaxExpense": "-100061000", "interestAndDebtExpense": "None", "netIncomeFromContinuingOperations": "200888000", "comprehensiveIncomeNetOfTax": "None", "ebit": "613818000", "ebitda": "1236410000", "netIncome": "188584000"}, {"fiscalDateEnding": "2011-12-31", "reportedCurrency": "USD", "grossProfit": "1444344000", "totalRevenue": "2032729000", "costOfRevenue": "588385000", "costofGoodsAndServicesSold": "588385000", "operatingIncome": "692305000", "sellingGeneralAndAdministrative": "173493000", "researchAndDevelopment": "0", "operatingExpenses": "752039000", "investmentIncomeNet": "None", "netInterestIncome": "None", "interestIncome": "None", "interestExpense": "507587000", "nonInterestIncome": "None", "otherNonOperatingIncome": "None", "depreciation": "None", "depreciationAndAmortization": "552951000", "incomeBeforeTax": "179807000", "incomeTaxExpense": "8347000", "interestAndDebtExpense": "None", "netIncomeFromContinuingOperations": "None", "comprehensiveIncomeNetOfTax": "None", "ebit": "600541000", "ebitda": "1153492000", "netIncome": "171077000"}, {"fiscalDateEnding": "2010-12-31", "reportedCurrency": "USD", "grossProfit": "1297281000", "totalRevenue": "1878658000", "costOfRevenue": "581377000", "costofGoodsAndServicesSold": "581377000", "operatingIncome": "575365000", "sellingGeneralAndAdministrative": "165356000", "researchAndDevelopment": "None", "operatingExpenses": "721916000", "investmentIncomeNet": "None", "netInterestIncome": "None", "interestIncome": "None", "interestExpense": "490269000", "nonInterestIncome": "None", "otherNonOperatingIncome": "-136766000", "depreciation": "None", "depreciationAndAmortization": "540771000", "incomeBeforeTax": "-338105000", "incomeTaxExpense": "-26846000", "interestAndDebtExpense": "None", "netIncomeFromContinuingOperations": "-311259000", "comprehensiveIncomeNetOfTax": "None", "ebit": "82598000", "ebitda": "623369000", "netIncome": "-310940000"}, {"fiscalDateEnding": "2009-12-31", "reportedCurrency": "USD", "grossProfit": "1136039000", "totalRevenue": "1685407000", "costOfRevenue": "549368000", "costofGoodsAndServicesSold": "549368000", "operatingIncome": "433991000", "sellingGeneralAndAdministrative": "153072000", "researchAndDevelopment": "0", "operatingExpenses": "702048000", "investmentIncomeNet": "None", "netInterestIncome": "None", "interestIncome": "None", "interestExpense": "445882000", "nonInterestIncome": "None", "otherNonOperatingIncome": "None", "depreciation": "None", "depreciationAndAmortization": "529739000", "incomeBeforeTax": "-190523000", "incomeTaxExpense": "-76400000", "interestAndDebtExpense": "None", "netIncomeFromContinuingOperations": "None", "comprehensiveIncomeNetOfTax": "None", "ebit": "255359000", "ebitda": "785098000", "netIncome": "-114332000"}, {"fiscalDateEnding": "2008-12-31", "reportedCurrency": "USD", "grossProfit": "987929000", "totalRevenue": "1526504000", "costOfRevenue": "538575000", "costofGoodsAndServicesSold": "538575000", "operatingIncome": "292509000", "sellingGeneralAndAdministrative": "149586000", "researchAndDevelopment": "None", "operatingExpenses": "695420000", "investmentIncomeNet": "None", "netInterestIncome": "None", "interestIncome": "None", "interestExpense": "329284000", "nonInterestIncome": "None", "otherNonOperatingIncome": "None", "depreciation": "None", "depreciationAndAmortization": "526442000", "incomeBeforeTax": "-153219000", "incomeTaxExpense": "-104361000", "interestAndDebtExpense": "None", "netIncomeFromContinuingOperations": "None", "comprehensiveIncomeNetOfTax": "None", "ebit": "200895000", "ebitda": "727337000", "netIncome": "-48858000"}, {"fiscalDateEnding": "2007-12-31", "reportedCurrency": "USD", "grossProfit": "876402000", "totalRevenue": "1385486000", "costOfRevenue": "509084000", "costofGoodsAndServicesSold": "509084000", "operatingIncome": "99528000", "sellingGeneralAndAdministrative": "104532000", "researchAndDevelopment": "None", "operatingExpenses": "776874000", "investmentIncomeNet": "None", "netInterestIncome": "None", "interestIncome": "None", "interestExpense": "1629000", "nonInterestIncome": "None", "otherNonOperatingIncome": "None", "depreciation": "None", "depreciationAndAmortization": "560553000", "incomeBeforeTax": "-317003000", "incomeTaxExpense": "-94039000", "interestAndDebtExpense": "None", "netIncomeFromContinuingOperations": "None", "comprehensiveIncomeNetOfTax": "None", "ebit": "129543000", "ebitda": "690096000", "netIncome": "-222813000"}, {"fiscalDateEnding": "2006-12-31", "reportedCurrency": "USD", "grossProfit": "515260000", "totalRevenue": "788221000", "costOfRevenue": "272961000", "costofGoodsAndServicesSold": "272961000", "operatingIncome": "121427000", "sellingGeneralAndAdministrative": "95751000", "researchAndDevelopment": "8781000", "operatingExpenses": "393833000", "investmentIncomeNet": "None", "netInterestIncome": "None", "interestIncome": "None", "interestExpense": "1629000", "nonInterestIncome": "None", "otherNonOperatingIncome": "None", "depreciation": "None", "depreciationAndAmortization": "293844000", "incomeBeforeTax": "-48373000", "incomeTaxExpense": "-843000", "interestAndDebtExpense": "None", "netIncomeFromContinuingOperations": "None", "comprehensiveIncomeNetOfTax": "None", "ebit": "131320000", "ebitda": "425164000", "netIncome": "-41893000"}], "quarterlyReports": [{"fiscalDateEnding": "2025-12-31", "reportedCurrency": "USD", "grossProfit": "451000000", "totalRevenue": "1072000000", "costOfRevenue": "621000000", "costofGoodsAndServicesSold": "621000000", "operatingIncome": "527000000", "sellingGeneralAndAdministrative": "94000000", "researchAndDevelopment": "None", "operatingExpenses": "-76000000", "investmentIncomeNet": "None", "netInterestIncome": "None", "interestIncome": "243000000", "interestExpense": "249000000", "nonInterestIncome": "None", "otherNonOperatingIncome": "None", "depreciation": "None", "depreciationAndAmortization": "170000000", "incomeBeforeTax": "280000000", "incomeTaxExpense": "3000000", "interestAndDebtExpense": "None", "netIncomeFromContinuingOperations": "None", "comprehensiveIncomeNetOfTax": "None", "ebit": "529000000", "ebitda": "699000000", "netIncome": "294000000"}, {"fiscalDateEnding": "2025-09-30", "reportedCurrency": "USD", "grossProfit": "792000000", "totalRevenue": "1072000000", "costOfRevenue": "280000000", "costofGoodsAndServicesSold": "280000000", "operatingIncome": "525000000", "sellingGeneralAndAdministrative": "97000000", "researchAndDevelopment": "None", "operatingExpenses": "267000000", "investmentIncomeNet": "None", "netInterestIncome": "-244000000", "interestIncome": "3000000", "interestExpense": "247000000", "nonInterestIncome": "None", "otherNonOperatingIncome": "None", "depreciation": "None", "depreciationAndAmortization": "167000000", "incomeBeforeTax": "281000000", "incomeTaxExpense": "4000000", "interestAndDebtExpense": "None", "netIncomeFromContinuingOperations": "277000000", "comprehensiveIncomeNetOfTax": "None", "ebit": "528000000", "ebitda": "695000000", "netIncome": "323000000"}, {"fiscalDateEnding": "2025-06-30", "reportedCurrency": "USD", "grossProfit": "782000000", "totalRevenue": "1060000000", "costOfRevenue": "278000000", "costofGoodsAndServicesSold": "278000000", "operatingIncome": "506000000", "sellingGeneralAndAdministrative": "99000000", "researchAndDevelopment": "None", "operatingExpenses": "276000000", "investmentIncomeNet": "None", "netInterestIncome": "-239000000", "interestIncome": "239000000", "interestExpense": "235000000", "nonInterestIncome": "None", "otherNonOperatingIncome": "None", "depreciation": "None", "depreciationAndAmortization": "175000000", "incomeBeforeTax": "269000000", "incomeTaxExpense": "4000000", "interestAndDebtExpense": "None", "netIncomeFromContinuingOperations": "265000000", "comprehensiveIncomeNetOfTax": "None", "ebit": "504000000", "ebitda": "679000000", "netIncome": "291000000"}, {"fiscalDateEnding": "2025-03-31", "reportedCurrency": "USD", "grossProfit": "793000000", "totalRevenue": "1061000000", "costOfRevenue": "268000000", "costofGoodsAndServicesSold": "268000000", "operatingIncome": "521000000", "sellingGeneralAndAdministrative": "93000000", "researchAndDevelopment": "None", "operatingExpenses": "272000000", "investmentIncomeNet": "None", "netInterestIncome": "-233000000", "interestIncome": "3000000", "interestExpense": "228000000", "nonInterestIncome": "None", "otherNonOperatingIncome": "None", "depreciation": "None", "depreciationAndAmortization": "177000000", "incomeBeforeTax": "289000000", "incomeTaxExpense": "5000000", "interestAndDebtExpense": "None", "netIncomeFromContinuingOperations": "284000000", "comprehensiveIncomeNetOfTax": "None", "ebit": "517000000", "ebitda": "694000000", "netIncome": "-464000000"}, {"fiscalDateEnding": "2024-12-31", "reportedCurrency": "USD", "grossProfit": "1185000000", "totalRevenue": "1649000000", "costOfRevenue": "464000000", "costofGoodsAndServicesSold": "464000000", "operatingIncome": "-4505000000", "sellingGeneralAndAdministrative": "166000000", "researchAndDevelopment": "None", "operatingExpenses": "5690000000", "investmentIncomeNet": "None", "netInterestIncome": "-235000000", "interestIncome": "5000000", "interestExpense": "232000000", "nonInterestIncome": "None", "otherNonOperatingIncome": "None", "depreciation": "None", "depreciationAndAmortization": "437000000", "incomeBeforeTax": "-4763000000", "incomeTaxExpense": "5000000", "interestAndDebtExpense": "None", "netIncomeFromContinuingOperations": "-4768000000", "comprehensiveIncomeNetOfTax": "None", "ebit": "-4531000000", "ebitda": "-4094000000", "netIncome": "-4768000000"}, {"fiscalDateEnding": "2024-09-30", "reportedCurrency": "USD", "grossProfit": "1192000000", "totalRevenue": "1652000000", "costOfRevenue": "460000000", "costofGoodsAndServicesSold": "460000000", "operatingIncome": "544000000", "sellingGeneralAndAdministrative": "153000000", "researchAndDevelopment": "None", "operatingExpenses": "648000000", "investmentIncomeNet": "None", "netInterestIncome": "-230000000", "interestIncome": "6000000", "interestExpense": "228000000", "nonInterestIncome": "None", "otherNonOperatingIncome": "None", "depreciation": "None", "depreciationAndAmortization": "930000000", "incomeBeforeTax": "308000000", "incomeTaxExpense": "5000000", "interestAndDebtExpense": "None", "netIncomeFromContinuingOperations": "303000000", "comprehensiveIncomeNetOfTax": "None", "ebit": "536000000", "ebitda": "1466000000", "netIncome": "303000000"}, {"fiscalDateEnding": "2024-06-30", "reportedCurrency": "USD", "grossProfit": "833000000", "totalRevenue": "1107000000", "costOfRevenue": "274000000", "costofGoodsAndServicesSold": "274000000", "operatingIncome": "495000000", "sellingGeneralAndAdministrative": "204000000", "researchAndDevelopment": "None", "operatingExpenses": "338000000", "investmentIncomeNet": "None", "netInterestIncome": "-226000000", "interestIncome": "4000000", "interestExpense": "222000000", "nonInterestIncome": "None", "otherNonOperatingIncome": "None", "depreciation": "None", "depreciationAndAmortization": "180000000", "incomeBeforeTax": "270000000", "incomeTaxExpense": "5000000", "interestAndDebtExpense": "None", "netIncomeFromContinuingOperations": "251000000", "comprehensiveIncomeNetOfTax": "None", "ebit": "492000000", "ebitda": "672000000", "netIncome": "251000000"}, {"fiscalDateEnding": "2024-03-31", "reportedCurrency": "USD", "grossProfit": "842000000", "totalRevenue": "1114000000", "costOfRevenue": "272000000", "costofGoodsAndServicesSold": "272000000", "operatingIncome": "520000000", "sellingGeneralAndAdministrative": "183000000", "researchAndDevelopment": "None", "operatingExpenses": "322000000", "investmentIncomeNet": "None", "netInterestIncome": "-222000000", "interestIncome": "4000000", "interestExpense": "218000000", "nonInterestIncome": "None", "otherNonOperatingIncome": "None", "depreciation": "None", "depreciationAndAmortization": "191000000", "incomeBeforeTax": "300000000", "incomeTaxExpense": "6000000", "interestAndDebtExpense": "None", "netIncomeFromContinuingOperations": "311000000", "comprehensiveIncomeNetOfTax": "None", "ebit": "518000000", "ebitda": "709000000", "netIncome": "311000000"}, {"fiscalDateEnding": "2023-12-31", "reportedCurrency": "USD", "grossProfit": "1221000000", "totalRevenue": "1674000000", "costOfRevenue": "453000000", "costofGoodsAndServicesSold": "453000000", "operatingIncome": "588000000", "sellingGeneralAndAdministrative": "178000000", "researchAndDevelopment": "None", "operatingExpenses": "633000000", "investmentIncomeNet": "None", "netInterestIncome": "-218000000", "interestIncome": "5000000", "interestExpense": "216000000", "nonInterestIncome": "None", "otherNonOperatingIncome": "None", "depreciation": "None", "depreciationAndAmortization": "439000000", "incomeBeforeTax": "368000000", "incomeTaxExpense": "5000000", "interestAndDebtExpense": "None", "netIncomeFromContinuingOperations": "363000000", "comprehensiveIncomeNetOfTax": "None", "ebit": "584000000", "ebitda": "1023000000", "netIncome": "363000000"}, {"fiscalDateEnding": "2023-09-30", "reportedCurrency": "USD", "grossProfit": "1181000000", "totalRevenue": "1667000000", "costOfRevenue": "486000000", "costofGoodsAndServicesSold": "486000000", "operatingIncome": "486000000", "sellingGeneralAndAdministrative": "176000000", "researchAndDevelopment": "None", "operatingExpenses": "695000000", "investmentIncomeNet": "None", "netInterestIncome": "-214000000", "interestIncome": "214000000", "interestExpense": "209000000", "nonInterestIncome": "None", "otherNonOperatingIncome": "None", "depreciation": "None", "depreciationAndAmortization": "439000000", "incomeBeforeTax": "272000000", "incomeTaxExpense": "7000000", "interestAndDebtExpense": "None", "netIncomeFromContinuingOperations": "265000000", "comprehensiveIncomeNetOfTax": "None", "ebit": "481000000", "ebitda": "920000000", "netIncome": "265000000"}, {"fiscalDateEnding": "2023-06-30", "reportedCurrency": "USD", "grossProfit": "1345000000", "totalRevenue": "1867000000", "costOfRevenue": "522000000", "costofGoodsAndServicesSold": "522000000", "operatingIncome": "667000000", "sellingGeneralAndAdministrative": "210000000", "researchAndDevelopment": "None", "operatingExpenses": "678000000", "investmentIncomeNet": "None", "netInterestIncome": "-203000000", "interestIncome": "5000000", "interestExpense": "201000000", "nonInterestIncome": "None", "otherNonOperatingIncome": "3000000", "depreciation": "None", "depreciationAndAmortization": "445000000", "incomeBeforeTax": "462000000", "incomeTaxExpense": "7000000", "interestAndDebtExpense": "None", "netIncomeFromContinuingOperations": "455000000", "comprehensiveIncomeNetOfTax": "None", "ebit": "663000000", "ebitda": "1108000000", "netIncome": "455000000"}, {"fiscalDateEnding": "2023-03-31", "reportedCurrency": "USD", "grossProfit": "1254000000", "totalRevenue": "1773000000", "costOfRevenue": "519000000", "costofGoodsAndServicesSold": "519000000", "operatingIncome": "628000000", "sellingGeneralAndAdministrative": "195000000", "researchAndDevelopment": "None", "operatingExpenses": "626000000", "investmentIncomeNet": "None", "netInterestIncome": "-200000000", "interestIncome": "2000000", "interestExpense": "195000000", "nonInterestIncome": "None", "otherNonOperatingIncome": "-1000000", "depreciation": "None", "depreciationAndAmortization": "431000000", "incomeBeforeTax": "425000000", "incomeTaxExpense": "7000000", "interestAndDebtExpense": "None", "netIncomeFromContinuingOperations": "418000000", "comprehensiveIncomeNetOfTax": "None", "ebit": "620000000", "ebitda": "1051000000", "netIncome": "418000000"}, {"fiscalDateEnding": "2022-12-31", "reportedCurrency": "USD", "grossProfit": "1244000000", "totalRevenue": "1764000000", "costOfRevenue": "520000000", "costofGoodsAndServicesSold": "520000000", "operatingIncome": "612000000", "sellingGeneralAndAdministrative": "192000000", "researchAndDevelopment": "None", "operatingExpenses": "632000000", "investmentIncomeNet": "None", "netInterestIncome": "-190000000", "interestIncome": "190000000", "interestExpense": "186000000", "nonInterestIncome": "None", "otherNonOperatingIncome": "-5000000", "depreciation": "None", "depreciationAndAmortization": "431000000", "incomeBeforeTax": "416000000", "incomeTaxExpense": "2000000", "interestAndDebtExpense": "None", "netIncomeFromContinuingOperations": "413000000", "comprehensiveIncomeNetOfTax": "None", "ebit": "602000000", "ebitda": "1033000000", "netIncome": "414000000"}, {"fiscalDateEnding": "2022-09-30", "reportedCurrency": "USD", "grossProfit": "1222000000", "totalRevenue": "1746000000", "costOfRevenue": "524000000", "costofGoodsAndServicesSold": "524000000", "operatingIncome": "602000000", "sellingGeneralAndAdministrative": "187000000", "researchAndDevelopment": "None", "operatingExpenses": "620000000", "investmentIncomeNet": "None", "netInterestIncome": "-176000000", "interestIncome": "176000000", "interestExpense": "171000000", "nonInterestIncome": "None", "otherNonOperatingIncome": "-2000000", "depreciation": "None", "depreciationAndAmortization": "429000000", "incomeBeforeTax": "422000000", "incomeTaxExpense": "3000000", "interestAndDebtExpense": "None", "netIncomeFromContinuingOperations": "419000000", "comprehensiveIncomeNetOfTax": "None", "ebit": "594000000", "ebitda": "1023000000", "netIncome": "419000000"}, {"fiscalDateEnding": "2022-06-30", "reportedCurrency": "USD", "grossProfit": "1220000000", "totalRevenue": "1734000000", "costOfRevenue": "514000000", "costofGoodsAndServicesSold": "514000000", "operatingIncome": "593000000", "sellingGeneralAndAdministrative": "190000000", "researchAndDevelopment": "None", "operatingExpenses": "627000000", "investmentIncomeNet": "None", "netInterestIncome": "-165000000", "interestIncome": "165000000", "interestExpense": "158000000", "nonInterestIncome": "None", "otherNonOperatingIncome": "-2000000", "depreciation": "None", "depreciationAndAmortization": "427000000", "incomeBeforeTax": "426000000", "incomeTaxExpense": "5000000", "interestAndDebtExpense": "None", "netIncomeFromContinuingOperations": "421000000", "comprehensiveIncomeNetOfTax": "None", "ebit": "584000000", "ebitda": "1011000000", "netIncome": "421000000"}, {"fiscalDateEnding": "2022-03-31", "reportedCurrency": "USD", "grossProfit": "1233000000", "totalRevenue": "1742000000", "costOfRevenue": "509000000", "costofGoodsAndServicesSold": "509000000", "operatingIncome": "618000000", "sellingGeneralAndAdministrative": "181000000", "researchAndDevelopment": "None", "operatingExpenses": "615000000", "investmentIncomeNet": "None", "netInterestIncome": "-164000000", "interestIncome": "164000000", "interestExpense": "157000000", "nonInterestIncome": "None", "otherNonOperatingIncome": "-26000000", "depreciation": "None", "depreciationAndAmortization": "420000000", "incomeBeforeTax": "427000000", "incomeTaxExpense": "6000000", "interestAndDebtExpense": "None", "netIncomeFromContinuingOperations": "421000000", "comprehensiveIncomeNetOfTax": "None", "ebit": "584000000", "ebitda": "1004000000", "netIncome": "421000000"}, {"fiscalDateEnding": "2021-12-31", "reportedCurrency": "USD", "grossProfit": "1130000000", "totalRevenue": "1654000000", "costOfRevenue": "524000000", "costofGoodsAndServicesSold": "524000000", "operatingIncome": "523000000", "sellingGeneralAndAdministrative": "180000000", "researchAndDevelopment": "None", "operatingExpenses": "607000000", "investmentIncomeNet": "None", "netInterestIncome": "-164000000", "interestIncome": "164000000", "interestExpense": "158000000", "nonInterestIncome": "None", "otherNonOperatingIncome": "-20000000", "depreciation": "None", "depreciationAndAmortization": "415000000", "incomeBeforeTax": "354000000", "incomeTaxExpense": "1000000", "interestAndDebtExpense": "None", "netIncomeFromContinuingOperations": "353000000", "comprehensiveIncomeNetOfTax": "None", "ebit": "512000000", "ebitda": "927000000", "netIncome": "353000000"}, {"fiscalDateEnding": "2021-09-30", "reportedCurrency": "USD", "grossProfit": "1106000000", "totalRevenue": "1618000000", "costOfRevenue": "512000000", "costofGoodsAndServicesSold": "512000000", "operatingIncome": "526000000", "sellingGeneralAndAdministrative": "167000000", "researchAndDevelopment": "None", "operatingExpenses": "580000000", "investmentIncomeNet": "None", "netInterestIncome": "-163000000", "interestIncome": "163000000", "interestExpense": "157000000", "nonInterestIncome": "None", "otherNonOperatingIncome": "-1000000", "depreciation": "None", "depreciationAndAmortization": "413000000", "incomeBeforeTax": "358000000", "incomeTaxExpense": "7000000", "interestAndDebtExpense": "None", "netIncomeFromContinuingOperations": "351000000", "comprehensiveIncomeNetOfTax": "None", "ebit": "515000000", "ebitda": "928000000", "netIncome": "351000000"}, {"fiscalDateEnding": "2021-06-30", "reportedCurrency": "USD", "grossProfit": "1089000000", "totalRevenue": "1583000000", "costOfRevenue": "494000000", "costofGoodsAndServicesSold": "494000000", "operatingIncome": "505000000", "sellingGeneralAndAdministrative": "169000000", "researchAndDevelopment": "None", "operatingExpenses": "584000000", "investmentIncomeNet": "None", "netInterestIncome": "-160000000", "interestIncome": "1000000", "interestExpense": "154000000", "nonInterestIncome": "None", "otherNonOperatingIncome": "-1000000", "depreciation": "None", "depreciationAndAmortization": "408000000", "incomeBeforeTax": "339000000", "incomeTaxExpense": "6000000", "interestAndDebtExpense": "None", "netIncomeFromContinuingOperations": "333000000", "comprehensiveIncomeNetOfTax": "None", "ebit": "493000000", "ebitda": "901000000", "netIncome": "334000000"}, {"fiscalDateEnding": "2021-03-31", "reportedCurrency": "USD", "grossProfit": "1023000000", "totalRevenue": "1485000000", "costOfRevenue": "462000000", "costofGoodsAndServicesSold": "462000000", "operatingIncome": "448000000", "sellingGeneralAndAdministrative": "164000000", "researchAndDevelopment": "None", "operatingExpenses": "575000000", "investmentIncomeNet": "None", "netInterestIncome": "-169000000", "interestIncome": "169000000", "interestExpense": "167000000", "nonInterestIncome": "None", "otherNonOperatingIncome": "-143000000", "depreciation": "None", "depreciationAndAmortization": "408000000", "incomeBeforeTax": "128000000", "incomeTaxExpense": "7000000", "interestAndDebtExpense": "None", "netIncomeFromContinuingOperations": "121000000", "comprehensiveIncomeNetOfTax": "None", "ebit": "292000000", "ebitda": "700000000", "netIncome": "58000000"}, {"fiscalDateEnding": "2020-12-31", "reportedCurrency": "USD", "grossProfit": "971000000", "totalRevenue": "1493000000", "costOfRevenue": "522000000", "costofGoodsAndServicesSold": "522000000", "operatingIncome": "682000000", "sellingGeneralAndAdministrative": "678000000", "researchAndDevelopment": "None", "operatingExpenses": "289000000", "investmentIncomeNet": "None", "netInterestIncome": "-167000000", "interestIncome": "168000000", "interestExpense": "161000000", "nonInterestIncome": "None", "otherNonOperatingIncome": "-2000000", "depreciation": "None", "depreciationAndAmortization": "401000000", "incomeBeforeTax": "512000000", "incomeTaxExpense": "4000000", "interestAndDebtExpense": "None", "netIncomeFromContinuingOperations": "1854000000", "comprehensiveIncomeNetOfTax": "None", "ebit": "674000000", "ebitda": "1075000000", "netIncome": "508000000"}, {"fiscalDateEnding": "2020-09-30", "reportedCurrency": "USD", "grossProfit": "999000000", "totalRevenue": "1486000000", "costOfRevenue": "487000000", "costofGoodsAndServicesSold": "487000000", "operatingIncome": "434000000", "sellingGeneralAndAdministrative": "154000000", "researchAndDevelopment": "None", "operatingExpenses": "565000000", "investmentIncomeNet": "None", "netInterestIncome": "-168000000", "interestIncome": "168000000", "interestExpense": "162000000", "nonInterestIncome": "None", "otherNonOperatingIncome": "-98000000", "depreciation": "None", "depreciationAndAmortization": "406000000", "incomeBeforeTax": "168000000", "incomeTaxExpense": "5000000", "interestAndDebtExpense": "None", "netIncomeFromContinuingOperations": "173000000", "comprehensiveIncomeNetOfTax": "None", "ebit": "330000000", "ebitda": "736000000", "netIncome": "163000000"}, {"fiscalDateEnding": "2020-06-30", "reportedCurrency": "USD", "grossProfit": "954000000", "totalRevenue": "1440000000", "costOfRevenue": "486000000", "costofGoodsAndServicesSold": "486000000", "operatingIncome": "383000000", "sellingGeneralAndAdministrative": "164000000", "researchAndDevelopment": "None", "operatingExpenses": "571000000", "investmentIncomeNet": "None", "netInterestIncome": "-177000000", "interestIncome": "1000000", "interestExpense": "176000000", "nonInterestIncome": "None", "otherNonOperatingIncome": "1000000", "depreciation": "None", "depreciationAndAmortization": "402000000", "incomeBeforeTax": "206000000", "incomeTaxExpense": "6000000", "interestAndDebtExpense": "None", "netIncomeFromContinuingOperations": "212000000", "comprehensiveIncomeNetOfTax": "None", "ebit": "378000000", "ebitda": "780000000", "netIncome": "200000000"}, {"fiscalDateEnding": "2020-03-31", "reportedCurrency": "USD", "grossProfit": "947000000", "totalRevenue": "1421000000", "costOfRevenue": "474000000", "costofGoodsAndServicesSold": "474000000", "operatingIncome": "364000000", "sellingGeneralAndAdministrative": "175000000", "researchAndDevelopment": "None", "operatingExpenses": "583000000", "investmentIncomeNet": "None", "netInterestIncome": "-174000000", "interestIncome": "1000000", "interestExpense": "174000000", "nonInterestIncome": "None", "otherNonOperatingIncome": "1000000", "depreciation": "None", "depreciationAndAmortization": "399000000", "incomeBeforeTax": "190000000", "incomeTaxExpense": "5000000", "interestAndDebtExpense": "None", "netIncomeFromContinuingOperations": "195000000", "comprehensiveIncomeNetOfTax": "None", "ebit": "360000000", "ebitda": "759000000", "netIncome": "185000000"}, {"fiscalDateEnding": "2019-12-31", "reportedCurrency": "USD", "grossProfit": "864000000", "totalRevenue": "1345000000", "costOfRevenue": "481000000", "costofGoodsAndServicesSold": "481000000", "operatingIncome": "302000000", "sellingGeneralAndAdministrative": "457000000", "researchAndDevelopment": "None", "operatingExpenses": "562000000", "investmentIncomeNet": "None", "netInterestIncome": "-172000000", "interestIncome": "1000000", "interestExpense": "173000000", "nonInterestIncome": "None", "otherNonOperatingIncome": "8000000", "depreciation": "None", "depreciationAndAmortization": "396000000", "incomeBeforeTax": "137000000", "incomeTaxExpense": "6000000", "interestAndDebtExpense": "None", "netIncomeFromContinuingOperations": "1468000000", "comprehensiveIncomeNetOfTax": "None", "ebit": "290000000", "ebitda": "686000000", "netIncome": "208000000"}, {"fiscalDateEnding": "2019-09-30", "reportedCurrency": "USD", "grossProfit": "967000000", "totalRevenue": "1482000000", "costOfRevenue": "515000000", "costofGoodsAndServicesSold": "515000000", "operatingIncome": "423000000", "sellingGeneralAndAdministrative": "150000000", "researchAndDevelopment": "None", "operatingExpenses": "544000000", "investmentIncomeNet": "None", "netInterestIncome": "-171000000", "interestIncome": "2000000", "interestExpense": "173000000", "nonInterestIncome": "None", "otherNonOperatingIncome": "-3000000", "depreciation": "None", "depreciationAndAmortization": "388000000", "incomeBeforeTax": "247000000", "incomeTaxExpense": "5000000", "interestAndDebtExpense": "None", "netIncomeFromContinuingOperations": "282000000", "comprehensiveIncomeNetOfTax": "None", "ebit": "415000000", "ebitda": "803000000", "netIncome": "242000000"}, {"fiscalDateEnding": "2019-06-30", "reportedCurrency": "USD", "grossProfit": "945000000", "totalRevenue": "1447000000", "costOfRevenue": "502000000", "costofGoodsAndServicesSold": "502000000", "operatingIncome": "389000000", "sellingGeneralAndAdministrative": "155000000", "researchAndDevelopment": "None", "operatingExpenses": "556000000", "investmentIncomeNet": "None", "netInterestIncome": "-168000000", "interestIncome": "1000000", "interestExpense": "169000000", "nonInterestIncome": "None", "otherNonOperatingIncome": "None", "depreciation": "None", "depreciationAndAmortization": "393000000", "incomeBeforeTax": "220000000", "incomeTaxExpense": "4000000", "interestAndDebtExpense": "None", "netIncomeFromContinuingOperations": "254000000", "comprehensiveIncomeNetOfTax": "None", "ebit": "384000000", "ebitda": "777000000", "netIncome": "216000000"}, {"fiscalDateEnding": "2019-03-31", "reportedCurrency": "USD", "grossProfit": "923000000", "totalRevenue": "1408000000", "costOfRevenue": "485000000", "costofGoodsAndServicesSold": "485000000", "operatingIncome": "367000000", "sellingGeneralAndAdministrative": "152000000", "researchAndDevelopment": "None", "operatingExpenses": "556000000", "investmentIncomeNet": "None", "netInterestIncome": "-166000000", "interestIncome": "166000000", "interestExpense": "167000000", "nonInterestIncome": "None", "otherNonOperatingIncome": "None", "depreciation": "None", "depreciationAndAmortization": "394000000", "incomeBeforeTax": "199000000", "incomeTaxExpense": "6000000", "interestAndDebtExpense": "None", "netIncomeFromContinuingOperations": "222000000", "comprehensiveIncomeNetOfTax": "None", "ebit": "362000000", "ebitda": "756000000", "netIncome": "193000000"}, {"fiscalDateEnding": "2018-12-31", "reportedCurrency": "USD", "grossProfit": "933000000", "totalRevenue": "1419000000", "costOfRevenue": "486000000", "costofGoodsAndServicesSold": "486000000", "operatingIncome": "381000000", "sellingGeneralAndAdministrative": "145000000", "researchAndDevelopment": "0", "operatingExpenses": "552000000", "investmentIncomeNet": "None", "netInterestIncome": "None", "interestIncome": "None", "interestExpense": "162000000", "nonInterestIncome": "None", "otherNonOperatingIncome": "3000000", "depreciation": "None", "depreciationAndAmortization": "390000000", "incomeBeforeTax": "219000000", "incomeTaxExpense": "6000000", "interestAndDebtExpense": "None", "netIncomeFromContinuingOperations": "195000000", "comprehensiveIncomeNetOfTax": "None", "ebit": "366000000", "ebitda": "756000000", "netIncome": "213000000"}, {"fiscalDateEnding": "2018-09-30", "reportedCurrency": "USD", "grossProfit": "901000000", "totalRevenue": "1375000000", "costOfRevenue": "474000000", "costofGoodsAndServicesSold": "474000000", "operatingIncome": "359000000", "sellingGeneralAndAdministrative": "145000000", "researchAndDevelopment": "0", "operatingExpenses": "542000000", "investmentIncomeNet": "None", "netInterestIncome": "None", "interestIncome": "None", "interestExpense": "158000000", "nonInterestIncome": "None", "otherNonOperatingIncome": "-30000000", "depreciation": "None", "depreciationAndAmortization": "385000000", "incomeBeforeTax": "169000000", "incomeTaxExpense": "5000000", "interestAndDebtExpense": "None", "netIncomeFromContinuingOperations": "164000000", "comprehensiveIncomeNetOfTax": "None", "ebit": "327000000", "ebitda": "712000000", "netIncome": "164000000"}, {"fiscalDateEnding": "2018-06-30", "reportedCurrency": "USD", "grossProfit": "876000000", "totalRevenue": "1330000000", "costOfRevenue": "454000000", "costofGoodsAndServicesSold": "454000000", "operatingIncome": "345000000", "sellingGeneralAndAdministrative": "138000000", "researchAndDevelopment": "0", "operatingExpenses": "531000000", "investmentIncomeNet": "None", "netInterestIncome": "None", "interestIncome": "None", "interestExpense": "157000000", "nonInterestIncome": "None", "otherNonOperatingIncome": "-2000000", "depreciation": "None", "depreciationAndAmortization": "379000000", "incomeBeforeTax": "185000000", "incomeTaxExpense": "5000000", "interestAndDebtExpense": "None", "netIncomeFromContinuingOperations": "190000000", "comprehensiveIncomeNetOfTax": "None", "ebit": "342000000", "ebitda": "721000000", "netIncome": "180000000"}, {"fiscalDateEnding": "2018-03-31", "reportedCurrency": "USD", "grossProfit": "866000000", "totalRevenue": "1299000000", "costOfRevenue": "433000000", "costofGoodsAndServicesSold": "433000000", "operatingIncome": "349000000", "sellingGeneralAndAdministrative": "134000000", "researchAndDevelopment": "0", "operatingExpenses": "517000000", "investmentIncomeNet": "None", "netInterestIncome": "None", "interestIncome": "None", "interestExpense": "158000000", "nonInterestIncome": "None", "otherNonOperatingIncome": "-71000000", "depreciation": "None", "depreciationAndAmortization": "374000000", "incomeBeforeTax": "118000000", "incomeTaxExpense": "4000000", "interestAndDebtExpense": "None", "netIncomeFromContinuingOperations": "122000000", "comprehensiveIncomeNetOfTax": "None", "ebit": "276000000", "ebitda": "650000000", "netIncome": "114000000"}, {"fiscalDateEnding": "2017-12-31", "reportedCurrency": "USD", "grossProfit": "799495000", "totalRevenue": "1238090000", "costOfRevenue": "438595000", "costofGoodsAndServicesSold": "438595000", "operatingIncome": "268429000", "sellingGeneralAndAdministrative": "127466000", "researchAndDevelopment": "0", "operatingExpenses": "531066000", "investmentIncomeNet": "None", "netInterestIncome": "None", "interestIncome": "None", "interestExpense": "158549000", "nonInterestIncome": "None", "otherNonOperatingIncome": "4708000", "depreciation": "None", "depreciationAndAmortization": "362211000", "incomeBeforeTax": "112857000", "incomeTaxExpense": "14753000", "interestAndDebtExpense": "None", "netIncomeFromContinuingOperations": "127610000", "comprehensiveIncomeNetOfTax": "None", "ebit": "259861000", "ebitda": "622072000", "netIncome": "98104000"}, {"fiscalDateEnding": "2017-09-30", "reportedCurrency": "USD", "grossProfit": "675000000", "totalRevenue": "1063000000", "costOfRevenue": "388000000", "costofGoodsAndServicesSold": "388000000", "operatingIncome": "261000000", "sellingGeneralAndAdministrative": "100772000", "researchAndDevelopment": "0", "operatingExpenses": "414000000", "investmentIncomeNet": "None", "netInterestIncome": "None", "interestIncome": "None", "interestExpense": "151765000", "nonInterestIncome": "None", "otherNonOperatingIncome": "11156000", "depreciation": "None", "depreciationAndAmortization": "296000000", "incomeBeforeTax": "118000000", "incomeTaxExpense": "3000000", "interestAndDebtExpense": "None", "netIncomeFromContinuingOperations": "119960000", "comprehensiveIncomeNetOfTax": "None", "ebit": "270000000", "ebitda": "566000000", "netIncome": "115000000"}, {"fiscalDateEnding": "2017-06-30", "reportedCurrency": "USD", "grossProfit": "665000000", "totalRevenue": "1038000000", "costOfRevenue": "373000000", "costofGoodsAndServicesSold": "373000000", "operatingIncome": "259000000", "sellingGeneralAndAdministrative": "98000000", "researchAndDevelopment": "0", "operatingExpenses": "406000000", "investmentIncomeNet": "None", "netInterestIncome": "None", "interestIncome": "None", "interestExpense": "139349000", "nonInterestIncome": "None", "otherNonOperatingIncome": "-79000", "depreciation": "None", "depreciationAndAmortization": "295000000", "incomeBeforeTax": "117000000", "incomeTaxExpense": "5000000", "interestAndDebtExpense": "None", "netIncomeFromContinuingOperations": "121190000", "comprehensiveIncomeNetOfTax": "None", "ebit": "257000000", "ebitda": "552000000", "netIncome": "112114000"}, {"fiscalDateEnding": "2017-03-31", "reportedCurrency": "USD", "grossProfit": "652000000", "totalRevenue": "1016000000", "costOfRevenue": "364000000", "costofGoodsAndServicesSold": "364000000", "operatingIncome": "255000000", "sellingGeneralAndAdministrative": "101000000", "researchAndDevelopment": "0", "operatingExpenses": "397000000", "investmentIncomeNet": "None", "netInterestIncome": "None", "interestIncome": "None", "interestExpense": "131651000", "nonInterestIncome": "None", "otherNonOperatingIncome": "1445000", "depreciation": "None", "depreciationAndAmortization": "289000000", "incomeBeforeTax": "123000000", "incomeTaxExpense": "4000000", "interestAndDebtExpense": "None", "netIncomeFromContinuingOperations": "127876000", "comprehensiveIncomeNetOfTax": "None", "ebit": "255000000", "ebitda": "544000000", "netIncome": "119138000"}, {"fiscalDateEnding": "2016-12-31", "reportedCurrency": "USD", "grossProfit": "640184000", "totalRevenue": "1032416000", "costOfRevenue": "392232000", "costofGoodsAndServicesSold": "392232000", "operatingIncome": "262040000", "sellingGeneralAndAdministrative": "92122000", "researchAndDevelopment": "0", "operatingExpenses": "378144000", "investmentIncomeNet": "None", "netInterestIncome": "None", "interestIncome": "None", "interestExpense": "126336000", "nonInterestIncome": "None", "otherNonOperatingIncome": "None", "depreciation": "None", "depreciationAndAmortization": "273826000", "incomeBeforeTax": "128794000", "incomeTaxExpense": "4084000", "interestAndDebtExpense": "None", "netIncomeFromContinuingOperations": "315827000", "comprehensiveIncomeNetOfTax": "None", "ebit": "248120000", "ebitda": "521946000", "netIncome": "124710000"}, {"fiscalDateEnding": "2016-09-30", "reportedCurrency": "USD", "grossProfit": "626038000", "totalRevenue": "992016000", "costOfRevenue": "365978000", "costofGoodsAndServicesSold": "365978000", "operatingIncome": "244254000", "sellingGeneralAndAdministrative": "89941000", "researchAndDevelopment": "0", "operatingExpenses": "381784000", "investmentIncomeNet": "None", "netInterestIncome": "None", "interestIncome": "None", "interestExpense": "126616000", "nonInterestIncome": "None", "otherNonOperatingIncome": "-10931000", "depreciation": "None", "depreciationAndAmortization": "280824000", "incomeBeforeTax": "103407000", "incomeTaxExpense": "5041000", "interestAndDebtExpense": "None", "netIncomeFromContinuingOperations": "108448000", "comprehensiveIncomeNetOfTax": "None", "ebit": "230023000", "ebitda": "510847000", "netIncome": "98366000"}, {"fiscalDateEnding": "2016-06-30", "reportedCurrency": "USD", "grossProfit": "613690000", "totalRevenue": "962409000", "costOfRevenue": "348719000", "costofGoodsAndServicesSold": "348719000", "operatingIncome": "231185000", "sellingGeneralAndAdministrative": "91386000", "researchAndDevelopment": "0", "operatingExpenses": "382505000", "investmentIncomeNet": "None", "netInterestIncome": "None", "interestIncome": "None", "interestExpense": "125580000", "nonInterestIncome": "None", "otherNonOperatingIncome": "-11881000", "depreciation": "None", "depreciationAndAmortization": "276026000", "incomeBeforeTax": "89942000", "incomeTaxExpense": "3884000", "interestAndDebtExpense": "None", "netIncomeFromContinuingOperations": "93826000", "comprehensiveIncomeNetOfTax": "None", "ebit": "215522000", "ebitda": "491548000", "netIncome": "86058000"}, {"fiscalDateEnding": "2016-03-31", "reportedCurrency": "USD", "grossProfit": "600792000", "totalRevenue": "934384000", "costOfRevenue": "333592000", "costofGoodsAndServicesSold": "333592000", "operatingIncome": "211739000", "sellingGeneralAndAdministrative": "97581000", "researchAndDevelopment": "0", "operatingExpenses": "389053000", "investmentIncomeNet": "None", "netInterestIncome": "None", "interestIncome": "None", "interestExpense": "122167000", "nonInterestIncome": "None", "otherNonOperatingIncome": "-33649000", "depreciation": "None", "depreciationAndAmortization": "277875000", "incomeBeforeTax": "51712000", "incomeTaxExpense": "3872000", "interestAndDebtExpense": "None", "netIncomeFromContinuingOperations": "55584000", "comprehensiveIncomeNetOfTax": "None", "ebit": "172984000", "ebitda": "450859000", "netIncome": "36843000"}, {"fiscalDateEnding": "2015-12-31", "reportedCurrency": "USD", "grossProfit": "603831000", "totalRevenue": "945836000", "costOfRevenue": "342005000", "costofGoodsAndServicesSold": "342005000", "operatingIncome": "229740000", "sellingGeneralAndAdministrative": "87041000", "researchAndDevelopment": "0", "operatingExpenses": "374091000", "investmentIncomeNet": "None", "netInterestIncome": "None", "interestIncome": "None", "interestExpense": "123731000", "nonInterestIncome": "None", "otherNonOperatingIncome": "None", "depreciation": "None", "depreciationAndAmortization": "269557000", "incomeBeforeTax": "100648000", "incomeTaxExpense": "-42077000", "interestAndDebtExpense": "None", "netIncomeFromContinuingOperations": "525286000", "comprehensiveIncomeNetOfTax": "None", "ebit": "219574000", "ebitda": "489131000", "netIncome": "141062000"}, {"fiscalDateEnding": "2015-09-30", "reportedCurrency": "USD", "grossProfit": "584248000", "totalRevenue": "918107000", "costOfRevenue": "333859000", "costofGoodsAndServicesSold": "333859000", "operatingIncome": "230802000", "sellingGeneralAndAdministrative": "76699000", "researchAndDevelopment": "0", "operatingExpenses": "353446000", "investmentIncomeNet": "None", "netInterestIncome": "None", "interestIncome": "None", "interestExpense": "120682000", "nonInterestIncome": "None", "otherNonOperatingIncome": "None", "depreciation": "None", "depreciationAndAmortization": "261662000", "incomeBeforeTax": "100500000", "incomeTaxExpense": "-3801000", "interestAndDebtExpense": "None", "netIncomeFromContinuingOperations": "0", "comprehensiveIncomeNetOfTax": "None", "ebit": "221787000", "ebitda": "483449000", "netIncome": "103779000"}, {"fiscalDateEnding": "2015-06-30", "reportedCurrency": "USD", "grossProfit": "573006000", "totalRevenue": "899437000", "costOfRevenue": "326431000", "costofGoodsAndServicesSold": "326431000", "operatingIncome": "240731000", "sellingGeneralAndAdministrative": "73125000", "researchAndDevelopment": "0", "operatingExpenses": "332275000", "investmentIncomeNet": "None", "netInterestIncome": "None", "interestIncome": "None", "interestExpense": "122017000", "nonInterestIncome": "None", "otherNonOperatingIncome": "56117000", "depreciation": "None", "depreciationAndAmortization": "253153000", "incomeBeforeTax": "162382000", "incomeTaxExpense": "-4144000", "interestAndDebtExpense": "None", "netIncomeFromContinuingOperations": "158238000", "comprehensiveIncomeNetOfTax": "None", "ebit": "284780000", "ebitda": "537933000", "netIncome": "154511000"}, {"fiscalDateEnding": "2015-03-31", "reportedCurrency": "USD", "grossProfit": "581340000", "totalRevenue": "900471000", "costOfRevenue": "319131000", "costofGoodsAndServicesSold": "319131000", "operatingIncome": "244907000", "sellingGeneralAndAdministrative": "74056000", "researchAndDevelopment": "0", "operatingExpenses": "336433000", "investmentIncomeNet": "None", "netInterestIncome": "None", "interestIncome": "None", "interestExpense": "121822000", "nonInterestIncome": "None", "otherNonOperatingIncome": "-121000", "depreciation": "None", "depreciationAndAmortization": "251806000", "incomeBeforeTax": "110299000", "incomeTaxExpense": "-1435000", "interestAndDebtExpense": "None", "netIncomeFromContinuingOperations": "125112000", "comprehensiveIncomeNetOfTax": "None", "ebit": "233002000", "ebitda": "484808000", "netIncome": "122787000"}, {"fiscalDateEnding": "2014-12-31", "reportedCurrency": "USD", "grossProfit": "602619000", "totalRevenue": "967564000", "costOfRevenue": "364945000", "costofGoodsAndServicesSold": "364945000", "operatingIncome": "261530000", "sellingGeneralAndAdministrative": "70125000", "researchAndDevelopment": "0", "operatingExpenses": "341089000", "investmentIncomeNet": "None", "netInterestIncome": "None", "interestIncome": "None", "interestExpense": "120653000", "nonInterestIncome": "None", "otherNonOperatingIncome": "None", "depreciation": "None", "depreciationAndAmortization": "253776000", "incomeBeforeTax": "141861000", "incomeTaxExpense": "3126000", "interestAndDebtExpense": "None", "netIncomeFromContinuingOperations": "346314000", "comprehensiveIncomeNetOfTax": "None", "ebit": "263022000", "ebitda": "516798000", "netIncome": "113115000"}, {"fiscalDateEnding": "2014-09-30", "reportedCurrency": "USD", "grossProfit": "560470000", "totalRevenue": "892883000", "costOfRevenue": "332413000", "costofGoodsAndServicesSold": "332413000", "operatingIncome": "239052000", "sellingGeneralAndAdministrative": "65212000", "researchAndDevelopment": "0", "operatingExpenses": "321418000", "investmentIncomeNet": "None", "netInterestIncome": "None", "interestIncome": "None", "interestExpense": "120558000", "nonInterestIncome": "None", "otherNonOperatingIncome": "-486000", "depreciation": "None", "depreciationAndAmortization": "247206000", "incomeBeforeTax": "97178000", "incomeTaxExpense": "-1977000", "interestAndDebtExpense": "None", "netIncomeFromContinuingOperations": "108037000", "comprehensiveIncomeNetOfTax": "None", "ebit": "217736000", "ebitda": "464942000", "netIncome": "106937000"}, {"fiscalDateEnding": "2014-06-30", "reportedCurrency": "USD", "grossProfit": "549309000", "totalRevenue": "878242000", "costOfRevenue": "328933000", "costofGoodsAndServicesSold": "328933000", "operatingIncome": "217178000", "sellingGeneralAndAdministrative": "63318000", "researchAndDevelopment": "0", "operatingExpenses": "332131000", "investmentIncomeNet": "None", "netInterestIncome": "None", "interestIncome": "None", "interestExpense": "123034000", "nonInterestIncome": "None", "otherNonOperatingIncome": "-50503000", "depreciation": "None", "depreciationAndAmortization": "241568000", "incomeBeforeTax": "22203000", "incomeTaxExpense": "-3101000", "interestAndDebtExpense": "None", "netIncomeFromContinuingOperations": "35357000", "comprehensiveIncomeNetOfTax": "None", "ebit": "150069000", "ebitda": "391637000", "netIncome": "12959000"}, {"fiscalDateEnding": "2014-03-31", "reportedCurrency": "USD", "grossProfit": "575000000", "totalRevenue": "875950000", "costOfRevenue": "300950000", "costofGoodsAndServicesSold": "300950000", "operatingIncome": "251568000", "sellingGeneralAndAdministrative": "58641000", "researchAndDevelopment": "0", "operatingExpenses": "323432000", "investmentIncomeNet": "None", "netInterestIncome": "None", "interestIncome": "None", "interestExpense": "124564000", "nonInterestIncome": "None", "otherNonOperatingIncome": "-2563000", "depreciation": "None", "depreciationAndAmortization": "250191000", "incomeBeforeTax": "102605000", "incomeTaxExpense": "3040000", "interestAndDebtExpense": "None", "netIncomeFromContinuingOperations": "102793000", "comprehensiveIncomeNetOfTax": "None", "ebit": "227169000", "ebitda": "477360000", "netIncome": "80932000"}, {"fiscalDateEnding": "2013-12-31", "reportedCurrency": "USD", "grossProfit": "519784000", "totalRevenue": "798419000", "costOfRevenue": "278635000", "costofGoodsAndServicesSold": "278635000", "operatingIncome": "233947000", "sellingGeneralAndAdministrative": "67163000", "researchAndDevelopment": "0", "operatingExpenses": "285837000", "investmentIncomeNet": "None", "netInterestIncome": "None", "interestIncome": "None", "interestExpense": "142989000", "nonInterestIncome": "None", "otherNonOperatingIncome": "None", "depreciation": "None", "depreciationAndAmortization": "201697000", "incomeBeforeTax": "87693000", "incomeTaxExpense": "110374000", "interestAndDebtExpense": "None", "netIncomeFromContinuingOperations": "0", "comprehensiveIncomeNetOfTax": "None", "ebit": "208130000", "ebitda": "409827000", "netIncome": "-34909000"}, {"fiscalDateEnding": "2013-09-30", "reportedCurrency": "USD", "grossProfit": "485013000", "totalRevenue": "748977000", "costOfRevenue": "263964000", "costofGoodsAndServicesSold": "263964000", "operatingIncome": "222839000", "sellingGeneralAndAdministrative": "58504000", "researchAndDevelopment": "0", "operatingExpenses": "262174000", "investmentIncomeNet": "None", "netInterestIncome": "None", "interestIncome": "None", "interestExpense": "142016000", "nonInterestIncome": "None", "otherNonOperatingIncome": "None", "depreciation": "None", "depreciationAndAmortization": "195408000", "incomeBeforeTax": "80427000", "incomeTaxExpense": "33959000", "interestAndDebtExpense": "None", "netIncomeFromContinuingOperations": "0", "comprehensiveIncomeNetOfTax": "None", "ebit": "200855000", "ebitda": "396263000", "netIncome": "45836000"}, {"fiscalDateEnding": "2013-06-30", "reportedCurrency": "USD", "grossProfit": "485714000", "totalRevenue": "734928000", "costOfRevenue": "249214000", "costofGoodsAndServicesSold": "249214000", "operatingIncome": "229961000", "sellingGeneralAndAdministrative": "54790000", "researchAndDevelopment": "0", "operatingExpenses": "255753000", "investmentIncomeNet": "None", "netInterestIncome": "None", "interestIncome": "None", "interestExpense": "140256000", "nonInterestIncome": "None", "otherNonOperatingIncome": "258000", "depreciation": "None", "depreciationAndAmortization": "190651000", "incomeBeforeTax": "89963000", "incomeTaxExpense": "36587000", "interestAndDebtExpense": "None", "netIncomeFromContinuingOperations": "53376000", "comprehensiveIncomeNetOfTax": "None", "ebit": "208964000", "ebitda": "399615000", "netIncome": "52359000"}, {"fiscalDateEnding": "2013-03-31", "reportedCurrency": "USD", "grossProfit": "485077000", "totalRevenue": "740060000", "costOfRevenue": "254983000", "costofGoodsAndServicesSold": "254983000", "operatingIncome": "235055000", "sellingGeneralAndAdministrative": "58246000", "researchAndDevelopment": "0", "operatingExpenses": "250022000", "investmentIncomeNet": "None", "netInterestIncome": "None", "interestIncome": "None", "interestExpense": "164369000", "nonInterestIncome": "None", "otherNonOperatingIncome": "-36241000", "depreciation": "None", "depreciationAndAmortization": "186459000", "incomeBeforeTax": "34445000", "incomeTaxExpense": "17708000", "interestAndDebtExpense": "None", "netIncomeFromContinuingOperations": "16737000", "comprehensiveIncomeNetOfTax": "None", "ebit": "173330000", "ebitda": "359789000", "netIncome": "15462000"}, {"fiscalDateEnding": "2012-12-31", "reportedCurrency": "USD", "grossProfit": "456666000", "totalRevenue": "674087000", "costOfRevenue": "217421000", "costofGoodsAndServicesSold": "217421000", "operatingIncome": "208708000", "sellingGeneralAndAdministrative": "58631000", "researchAndDevelopment": "0", "operatingExpenses": "247958000", "investmentIncomeNet": "None", "netInterestIncome": "None", "interestIncome": "None", "interestExpense": "173683000", "nonInterestIncome": "None", "otherNonOperatingIncome": "None", "depreciation": "None", "depreciationAndAmortization": "175843000", "incomeBeforeTax": "-80268000", "incomeTaxExpense": "-70624000", "interestAndDebtExpense": "None", "netIncomeFromContinuingOperations": "0", "comprehensiveIncomeNetOfTax": "None", "ebit": "78511000", "ebitda": "254354000", "netIncome": "-19505000"}, {"fiscalDateEnding": "2012-09-30", "reportedCurrency": "USD", "grossProfit": "435994000", "totalRevenue": "621337000", "costOfRevenue": "185343000", "costofGoodsAndServicesSold": "185343000", "operatingIncome": "220768000", "sellingGeneralAndAdministrative": "55862000", "researchAndDevelopment": "0", "operatingExpenses": "215226000", "investmentIncomeNet": "None", "netInterestIncome": "None", "interestIncome": "None", "interestExpense": "144949000", "nonInterestIncome": "None", "otherNonOperatingIncome": "None", "depreciation": "None", "depreciationAndAmortization": "154867000", "incomeBeforeTax": "75478000", "incomeTaxExpense": "32300000", "interestAndDebtExpense": "None", "netIncomeFromContinuingOperations": "0", "comprehensiveIncomeNetOfTax": "None", "ebit": "198834000", "ebitda": "353701000", "netIncome": "42045000"}, {"fiscalDateEnding": "2012-06-30", "reportedCurrency": "USD", "grossProfit": "413678000", "totalRevenue": "585511000", "costOfRevenue": "171833000", "costofGoodsAndServicesSold": "171833000", "operatingIncome": "202977000", "sellingGeneralAndAdministrative": "47078000", "researchAndDevelopment": "0", "operatingExpenses": "210701000", "investmentIncomeNet": "None", "netInterestIncome": "None", "interestIncome": "None", "interestExpense": "144940000", "nonInterestIncome": "None", "otherNonOperatingIncome": "None", "depreciation": "None", "depreciationAndAmortization": "152482000", "incomeBeforeTax": "48652000", "incomeTaxExpense": "-68432000", "interestAndDebtExpense": "None", "netIncomeFromContinuingOperations": "0", "comprehensiveIncomeNetOfTax": "None", "ebit": "171995000", "ebitda": "324477000", "netIncome": "116013000"}, {"fiscalDateEnding": "2012-03-31", "reportedCurrency": "USD", "grossProfit": "397353000", "totalRevenue": "551745000", "costOfRevenue": "154392000", "costofGoodsAndServicesSold": "154392000", "operatingIncome": "202228000", "sellingGeneralAndAdministrative": "51001000", "researchAndDevelopment": "0", "operatingExpenses": "195125000", "investmentIncomeNet": "None", "netInterestIncome": "None", "interestIncome": "None", "interestExpense": "137472000", "nonInterestIncome": "None", "otherNonOperatingIncome": "None", "depreciation": "None", "depreciationAndAmortization": "139400000", "incomeBeforeTax": "56965000", "incomeTaxExpense": "6695000", "interestAndDebtExpense": "None", "netIncomeFromContinuingOperations": "0", "comprehensiveIncomeNetOfTax": "None", "ebit": "173735000", "ebitda": "313135000", "netIncome": "50031000"}, {"fiscalDateEnding": "2011-12-31", "reportedCurrency": "USD", "grossProfit": "370616000", "totalRevenue": "519471000", "costOfRevenue": "148855000", "costofGoodsAndServicesSold": "148855000", "operatingIncome": "176846000", "sellingGeneralAndAdministrative": "173493000", "researchAndDevelopment": "0", "operatingExpenses": "193770000", "investmentIncomeNet": "None", "netInterestIncome": "None", "interestIncome": "None", "interestExpense": "96690000", "nonInterestIncome": "None", "otherNonOperatingIncome": "None", "depreciation": "None", "depreciationAndAmortization": "138964000", "incomeBeforeTax": "49523000", "incomeTaxExpense": "584000", "interestAndDebtExpense": "None", "netIncomeFromContinuingOperations": "0", "comprehensiveIncomeNetOfTax": "None", "ebit": "146213000", "ebitda": "285177000", "netIncome": "48911000"}, {"fiscalDateEnding": "2011-09-30", "reportedCurrency": "USD", "grossProfit": "367041000", "totalRevenue": "513883000", "costOfRevenue": "146842000", "costofGoodsAndServicesSold": "146842000", "operatingIncome": "181889000", "sellingGeneralAndAdministrative": "42922000", "researchAndDevelopment": "0", "operatingExpenses": "185152000", "investmentIncomeNet": "None", "netInterestIncome": "None", "interestIncome": "None", "interestExpense": "127119000", "nonInterestIncome": "None", "otherNonOperatingIncome": "-562000", "depreciation": "None", "depreciationAndAmortization": "138523000", "incomeBeforeTax": "54208000", "incomeTaxExpense": "2825000", "interestAndDebtExpense": "None", "netIncomeFromContinuingOperations": "51383000", "comprehensiveIncomeNetOfTax": "None", "ebit": "155588000", "ebitda": "294111000", "netIncome": "51278000"}, {"fiscalDateEnding": "2011-06-30", "reportedCurrency": "USD", "grossProfit": "353287000", "totalRevenue": "500336000", "costOfRevenue": "147049000", "costofGoodsAndServicesSold": "147049000", "operatingIncome": "167142000", "sellingGeneralAndAdministrative": "41259000", "researchAndDevelopment": "0", "operatingExpenses": "186145000", "investmentIncomeNet": "None", "netInterestIncome": "None", "interestIncome": "None", "interestExpense": "126483000", "nonInterestIncome": "None", "otherNonOperatingIncome": "-3890000", "depreciation": "None", "depreciationAndAmortization": "138191000", "incomeBeforeTax": "36769000", "incomeTaxExpense": "5755000", "interestAndDebtExpense": "None", "netIncomeFromContinuingOperations": "31014000", "comprehensiveIncomeNetOfTax": "None", "ebit": "163252000", "ebitda": "301443000", "netIncome": "30871000"}, {"fiscalDateEnding": "2011-03-31", "reportedCurrency": "USD", "grossProfit": "353400000", "totalRevenue": "499039000", "costOfRevenue": "145639000", "costofGoodsAndServicesSold": "145639000", "operatingIncome": "166428000", "sellingGeneralAndAdministrative": "44744000", "researchAndDevelopment": "0", "operatingExpenses": "186972000", "investmentIncomeNet": "None", "netInterestIncome": "None", "interestIncome": "None", "interestExpense": "127121000", "nonInterestIncome": "None", "otherNonOperatingIncome": "-435000", "depreciation": "None", "depreciationAndAmortization": "137273000", "incomeBeforeTax": "39307000", "incomeTaxExpense": "-817000", "interestAndDebtExpense": "None", "netIncomeFromContinuingOperations": "40124000", "comprehensiveIncomeNetOfTax": "None", "ebit": "140192000", "ebitda": "277465000", "netIncome": "40017000"}, {"fiscalDateEnding": "2010-12-31", "reportedCurrency": "USD", "grossProfit": "343380000", "totalRevenue": "496314000", "costOfRevenue": "152934000", "costofGoodsAndServicesSold": "152934000", "operatingIncome": "156152000", "sellingGeneralAndAdministrative": "165356000", "researchAndDevelopment": "0", "operatingExpenses": "187228000", "investmentIncomeNet": "None", "netInterestIncome": "None", "interestIncome": "None", "interestExpense": "125947000", "nonInterestIncome": "None", "otherNonOperatingIncome": "None", "depreciation": "None", "depreciationAndAmortization": "137259000", "incomeBeforeTax": "36681000", "incomeTaxExpense": "-4224000", "interestAndDebtExpense": "None", "netIncomeFromContinuingOperations": "0", "comprehensiveIncomeNetOfTax": "None", "ebit": "162628000", "ebitda": "299887000", "netIncome": "40873000"}, {"fiscalDateEnding": "2010-09-30", "reportedCurrency": "USD", "grossProfit": "338890000", "totalRevenue": "481890000", "costOfRevenue": "143000000", "costofGoodsAndServicesSold": "143000000", "operatingIncome": "155956000", "sellingGeneralAndAdministrative": "41420000", "researchAndDevelopment": "0", "operatingExpenses": "182934000", "investmentIncomeNet": "None", "netInterestIncome": "None", "interestIncome": "None", "interestExpense": "123196000", "nonInterestIncome": "None", "otherNonOperatingIncome": "None", "depreciation": "None", "depreciationAndAmortization": "136218000", "incomeBeforeTax": "-142747000", "incomeTaxExpense": "-7597000", "interestAndDebtExpense": "None", "netIncomeFromContinuingOperations": "0", "comprehensiveIncomeNetOfTax": "None", "ebit": "-41735000", "ebitda": "94483000", "netIncome": "-135009000"}, {"fiscalDateEnding": "2010-06-30", "reportedCurrency": "USD", "grossProfit": "310735000", "totalRevenue": "456127000", "costOfRevenue": "145392000", "costofGoodsAndServicesSold": "145392000", "operatingIncome": "132884000", "sellingGeneralAndAdministrative": "40556000", "researchAndDevelopment": "0", "operatingExpenses": "177851000", "investmentIncomeNet": "None", "netInterestIncome": "None", "interestIncome": "None", "interestExpense": "120586000", "nonInterestIncome": "None", "otherNonOperatingIncome": "None", "depreciation": "None", "depreciationAndAmortization": "134426000", "incomeBeforeTax": "-102300000", "incomeTaxExpense": "-4686000", "interestAndDebtExpense": "None", "netIncomeFromContinuingOperations": "0", "comprehensiveIncomeNetOfTax": "None", "ebit": "-634000", "ebitda": "133792000", "netIncome": "-97529000"}, {"fiscalDateEnding": "2010-03-31", "reportedCurrency": "USD", "grossProfit": "304276000", "totalRevenue": "444327000", "costOfRevenue": "140051000", "costofGoodsAndServicesSold": "140051000", "operatingIncome": "130373000", "sellingGeneralAndAdministrative": "39473000", "researchAndDevelopment": "0", "operatingExpenses": "173903000", "investmentIncomeNet": "None", "netInterestIncome": "None", "interestIncome": "None", "interestExpense": "120781000", "nonInterestIncome": "None", "otherNonOperatingIncome": "None", "depreciation": "None", "depreciationAndAmortization": "132868000", "incomeBeforeTax": "-129739000", "incomeTaxExpense": "-10339000", "interestAndDebtExpense": "None", "netIncomeFromContinuingOperations": "0", "comprehensiveIncomeNetOfTax": "None", "ebit": "-27829000", "ebitda": "105039000", "netIncome": "-119275000"}, {"fiscalDateEnding": "2009-12-31", "reportedCurrency": "USD", "grossProfit": "296838000", "totalRevenue": "443544000", "costOfRevenue": "146706000", "costofGoodsAndServicesSold": "146706000", "operatingIncome": "119454000", "sellingGeneralAndAdministrative": "153072000", "researchAndDevelopment": "0", "operatingExpenses": "177384000", "investmentIncomeNet": "None", "netInterestIncome": "None", "interestIncome": "None", "interestExpense": "118876000", "nonInterestIncome": "None", "otherNonOperatingIncome": "None", "depreciation": "None", "depreciationAndAmortization": "133503000", "incomeBeforeTax": "20608000", "incomeTaxExpense": "1876000", "interestAndDebtExpense": "None", "netIncomeFromContinuingOperations": "0", "comprehensiveIncomeNetOfTax": "None", "ebit": "139484000", "ebitda": "272987000", "netIncome": "18148000"}, {"fiscalDateEnding": "2009-09-30", "reportedCurrency": "USD", "grossProfit": "292567000", "totalRevenue": "429079000", "costOfRevenue": "136512000", "costofGoodsAndServicesSold": "136512000", "operatingIncome": "118801000", "sellingGeneralAndAdministrative": "39230000", "researchAndDevelopment": "0", "operatingExpenses": "173766000", "investmentIncomeNet": "None", "netInterestIncome": "None", "interestIncome": "None", "interestExpense": "111169000", "nonInterestIncome": "None", "otherNonOperatingIncome": "None", "depreciation": "None", "depreciationAndAmortization": "131463000", "incomeBeforeTax": "-52974000", "incomeTaxExpense": "-21836000", "interestAndDebtExpense": "None", "netIncomeFromContinuingOperations": "0", "comprehensiveIncomeNetOfTax": "None", "ebit": "58195000", "ebitda": "189658000", "netIncome": "-31639000"}, {"fiscalDateEnding": "2009-06-30", "reportedCurrency": "USD", "grossProfit": "275483000", "totalRevenue": "409874000", "costOfRevenue": "134391000", "costofGoodsAndServicesSold": "134391000", "operatingIncome": "98489000", "sellingGeneralAndAdministrative": "38102000", "researchAndDevelopment": "0", "operatingExpenses": "176994000", "investmentIncomeNet": "None", "netInterestIncome": "None", "interestIncome": "None", "interestExpense": "110250000", "nonInterestIncome": "None", "otherNonOperatingIncome": "None", "depreciation": "None", "depreciationAndAmortization": "131597000", "incomeBeforeTax": "-166716000", "incomeTaxExpense": "-54949000", "interestAndDebtExpense": "None", "netIncomeFromContinuingOperations": "0", "comprehensiveIncomeNetOfTax": "None", "ebit": "-56466000", "ebitda": "75131000", "netIncome": "-111418000"}, {"fiscalDateEnding": "2009-03-31", "reportedCurrency": "USD", "grossProfit": "271151000", "totalRevenue": "402910000", "costOfRevenue": "131759000", "costofGoodsAndServicesSold": "131759000", "operatingIncome": "97247000", "sellingGeneralAndAdministrative": "36637000", "researchAndDevelopment": "0", "operatingExpenses": "173904000", "investmentIncomeNet": "None", "netInterestIncome": "None", "interestIncome": "None", "interestExpense": "105833000", "nonInterestIncome": "None", "otherNonOperatingIncome": "None", "depreciation": "None", "depreciationAndAmortization": "133176000", "incomeBeforeTax": "8559000", "incomeTaxExpense": "-1491000", "interestAndDebtExpense": "None", "netIncomeFromContinuingOperations": "0", "comprehensiveIncomeNetOfTax": "None", "ebit": "114392000", "ebitda": "247568000", "netIncome": "10577000"}, {"fiscalDateEnding": "2008-12-31", "reportedCurrency": "USD", "grossProfit": "256103000", "totalRevenue": "392022000", "costOfRevenue": "135919000", "costofGoodsAndServicesSold": "135919000", "operatingIncome": "78944000", "sellingGeneralAndAdministrative": "104532000", "researchAndDevelopment": "0", "operatingExpenses": "177159000", "investmentIncomeNet": "None", "netInterestIncome": "None", "interestIncome": "None", "interestExpense": "162328000", "nonInterestIncome": "None", "otherNonOperatingIncome": "None", "depreciation": "None", "depreciationAndAmortization": "130799000", "incomeBeforeTax": "-81099000", "incomeTaxExpense": "-17282000", "interestAndDebtExpense": "None", "netIncomeFromContinuingOperations": "0", "comprehensiveIncomeNetOfTax": "None", "ebit": "-40004000", "ebitda": "90795000", "netIncome": "-63817000"}, {"fiscalDateEnding": "2008-09-30", "reportedCurrency": "USD", "grossProfit": "248049000", "totalRevenue": "384348000", "costOfRevenue": "136299000", "costofGoodsAndServicesSold": "136299000", "operatingIncome": "75996000", "sellingGeneralAndAdministrative": "37437000", "researchAndDevelopment": "0", "operatingExpenses": "172053000", "investmentIncomeNet": "None", "netInterestIncome": "None", "interestIncome": "None", "interestExpense": "1557000", "nonInterestIncome": "None", "otherNonOperatingIncome": "None", "depreciation": "None", "depreciationAndAmortization": "131714000", "incomeBeforeTax": "-34303000", "incomeTaxExpense": "-2096000", "interestAndDebtExpense": "None", "netIncomeFromContinuingOperations": "0", "comprehensiveIncomeNetOfTax": "None", "ebit": "75996000", "ebitda": "207710000", "netIncome": "-32207000"}, {"fiscalDateEnding": "2008-06-30", "reportedCurrency": "USD", "grossProfit": "243947000", "totalRevenue": "379513000", "costOfRevenue": "135566000", "costofGoodsAndServicesSold": "135566000", "operatingIncome": "68566000", "sellingGeneralAndAdministrative": "38492000", "researchAndDevelopment": "0", "operatingExpenses": "175381000", "investmentIncomeNet": "None", "netInterestIncome": "None", "interestIncome": "None", "interestExpense": "206000", "nonInterestIncome": "None", "otherNonOperatingIncome": "None", "depreciation": "None", "depreciationAndAmortization": "131896000", "incomeBeforeTax": "-19985000", "incomeTaxExpense": "-80324000", "interestAndDebtExpense": "None", "netIncomeFromContinuingOperations": "0", "comprehensiveIncomeNetOfTax": "None", "ebit": "68772000", "ebitda": "200668000", "netIncome": "60339000"}, {"fiscalDateEnding": "2008-03-31", "reportedCurrency": "USD", "grossProfit": "239830000", "totalRevenue": "370621000", "costOfRevenue": "130791000", "costofGoodsAndServicesSold": "130791000", "operatingIncome": "69003000", "sellingGeneralAndAdministrative": "34986000", "researchAndDevelopment": "0", "operatingExpenses": "170827000", "investmentIncomeNet": "None", "netInterestIncome": "None", "interestIncome": "None", "interestExpense": "2310000", "nonInterestIncome": "None", "otherNonOperatingIncome": "None", "depreciation": "None", "depreciationAndAmortization": "132033000", "incomeBeforeTax": "-17832000", "incomeTaxExpense": "-4659000", "interestAndDebtExpense": "None", "netIncomeFromContinuingOperations": "0", "comprehensiveIncomeNetOfTax": "None", "ebit": "71313000", "ebitda": "203346000", "netIncome": "-13173000"}, {"fiscalDateEnding": "2007-12-31", "reportedCurrency": "USD", "grossProfit": "240187000", "totalRevenue": "375163000", "costOfRevenue": "134976000", "costofGoodsAndServicesSold": "134976000", "operatingIncome": "60986000", "sellingGeneralAndAdministrative": "113910000", "researchAndDevelopment": "3296000", "operatingExpenses": "179201000", "investmentIncomeNet": "None", "netInterestIncome": "None", "interestIncome": "None", "interestExpense": "1354000", "nonInterestIncome": "None", "otherNonOperatingIncome": "None", "depreciation": "None", "depreciationAndAmortization": "138870000", "incomeBeforeTax": "-104503000", "incomeTaxExpense": "-24334000", "interestAndDebtExpense": "None", "netIncomeFromContinuingOperations": "0", "comprehensiveIncomeNetOfTax": "None", "ebit": "83270000", "ebitda": "222140000", "netIncome": "-80169000"}, {"fiscalDateEnding": "2007-09-30", "reportedCurrency": "USD", "grossProfit": "222849000", "totalRevenue": "351744000", "costOfRevenue": "128895000", "costofGoodsAndServicesSold": "128895000", "operatingIncome": "-12818000", "sellingGeneralAndAdministrative": "32881000", "researchAndDevelopment": "2111000", "operatingExpenses": "235667000", "investmentIncomeNet": "None", "netInterestIncome": "None", "interestIncome": "None", "interestExpense": "2965000", "nonInterestIncome": "None", "otherNonOperatingIncome": "None", "depreciation": "None", "depreciationAndAmortization": "126280000", "incomeBeforeTax": "-99260000", "incomeTaxExpense": "-31923000", "interestAndDebtExpense": "None", "netIncomeFromContinuingOperations": "0", "comprehensiveIncomeNetOfTax": "None", "ebit": "4382000", "ebitda": "130662000", "netIncome": "-67013000"}, {"fiscalDateEnding": "2007-06-30", "reportedCurrency": "USD", "grossProfit": "216025000", "totalRevenue": "342870000", "costOfRevenue": "126845000", "costofGoodsAndServicesSold": "126845000", "operatingIncome": "37914000", "sellingGeneralAndAdministrative": "34216000", "researchAndDevelopment": "2111000", "operatingExpenses": "178111000", "investmentIncomeNet": "None", "netInterestIncome": "None", "interestIncome": "None", "interestExpense": "2906000", "nonInterestIncome": "None", "otherNonOperatingIncome": "None", "depreciation": "None", "depreciationAndAmortization": "138121000", "incomeBeforeTax": "-47970000", "incomeTaxExpense": "-15620000", "interestAndDebtExpense": "None", "netIncomeFromContinuingOperations": "0", "comprehensiveIncomeNetOfTax": "None", "ebit": "42983000", "ebitda": "181104000", "netIncome": "-32740000"}, {"fiscalDateEnding": "2007-03-31", "reportedCurrency": "USD", "grossProfit": "197341000", "totalRevenue": "315709000", "costOfRevenue": "118368000", "costofGoodsAndServicesSold": "118368000", "operatingIncome": "13446000", "sellingGeneralAndAdministrative": "33817000", "researchAndDevelopment": "1185000", "operatingExpenses": "183895000", "investmentIncomeNet": "None", "netInterestIncome": "None", "interestIncome": "None", "interestExpense": "3299000", "nonInterestIncome": "None", "otherNonOperatingIncome": "None", "depreciation": "None", "depreciationAndAmortization": "143156000", "incomeBeforeTax": "-65270000", "incomeTaxExpense": "-22162000", "interestAndDebtExpense": "None", "netIncomeFromContinuingOperations": "0", "comprehensiveIncomeNetOfTax": "None", "ebit": "22294000", "ebitda": "165450000", "netIncome": "-42891000"}, {"fiscalDateEnding": "2006-12-31", "reportedCurrency": "USD", "grossProfit": "138159000", "totalRevenue": "210841000", "costOfRevenue": "72682000", "costofGoodsAndServicesSold": "72682000", "operatingIncome": "40542000", "sellingGeneralAndAdministrative": "95751000", "researchAndDevelopment": "6839000", "operatingExpenses": "97617000", "investmentIncomeNet": "None", "netInterestIncome": "None", "interestIncome": "None", "interestExpense": "1629000", "nonInterestIncome": "None", "otherNonOperatingIncome": "None", "depreciation": "None", "depreciationAndAmortization": "74148000", "incomeBeforeTax": "-7396000", "incomeTaxExpense": "-855000", "interestAndDebtExpense": "None", "netIncomeFromContinuingOperations": "0", "comprehensiveIncomeNetOfTax": "None", "ebit": "50435000", "ebitda": "124583000", "netIncome": "-6275000"}, {"fiscalDateEnding": "2006-09-30", "reportedCurrency": "USD", "grossProfit": "130943000", "totalRevenue": "200939000", "costOfRevenue": "69996000", "costofGoodsAndServicesSold": "69996000", "operatingIncome": "32401000", "sellingGeneralAndAdministrative": "22958000", "researchAndDevelopment": "2475000", "operatingExpenses": "98542000", "investmentIncomeNet": "None", "netInterestIncome": "None", "interestIncome": "None", "interestExpense": "985000", "nonInterestIncome": "None", "otherNonOperatingIncome": "None", "depreciation": "None", "depreciationAndAmortization": "74148000", "incomeBeforeTax": "-15471000", "incomeTaxExpense": "575000", "interestAndDebtExpense": "None", "netIncomeFromContinuingOperations": "0", "comprehensiveIncomeNetOfTax": "None", "ebit": "32401000", "ebitda": "106549000", "netIncome": "-15561000"}, {"fiscalDateEnding": "2006-06-30", "reportedCurrency": "USD", "grossProfit": "126969000", "totalRevenue": "193776000", "costOfRevenue": "66807000", "costofGoodsAndServicesSold": "66807000", "operatingIncome": "27562000", "sellingGeneralAndAdministrative": "25825000", "researchAndDevelopment": "2686000", "operatingExpenses": "99407000", "investmentIncomeNet": "None", "netInterestIncome": "None", "interestIncome": "None", "interestExpense": "2939000", "nonInterestIncome": "None", "otherNonOperatingIncome": "None", "depreciation": "None", "depreciationAndAmortization": "71107000", "incomeBeforeTax": "-12832000", "incomeTaxExpense": "507000", "interestAndDebtExpense": "None", "netIncomeFromContinuingOperations": "0", "comprehensiveIncomeNetOfTax": "None", "ebit": "27562000", "ebitda": "98669000", "netIncome": "-13335000"}, {"fiscalDateEnding": "2006-03-31", "reportedCurrency": "USD", "grossProfit": "119189000", "totalRevenue": "182665000", "costOfRevenue": "63476000", "costofGoodsAndServicesSold": "63476000", "operatingIncome": "20922000", "sellingGeneralAndAdministrative": "24163000", "researchAndDevelopment": "1678000", "operatingExpenses": "98267000", "investmentIncomeNet": "None", "netInterestIncome": "None", "interestIncome": "None", "interestExpense": "1336000", "nonInterestIncome": "None", "otherNonOperatingIncome": "None", "depreciation": "None", "depreciationAndAmortization": "74441000", "incomeBeforeTax": "-12674000", "incomeTaxExpense": "616000", "interestAndDebtExpense": "None", "netIncomeFromContinuingOperations": "0", "comprehensiveIncomeNetOfTax": "None", "ebit": "20922000", "ebitda": "95363000", "netIncome": "-6722000"}, {"fiscalDateEnding": "2005-12-31", "reportedCurrency": "USD", "grossProfit": "112939000", "totalRevenue": "180252000", "costOfRevenue": "67313000", "costofGoodsAndServicesSold": "67313000", "operatingIncome": "20496000", "sellingGeneralAndAdministrative": "105763000", "researchAndDevelopment": "1219000", "operatingExpenses": "92443000", "investmentIncomeNet": "None", "netInterestIncome": "None", "interestIncome": "None", "interestExpense": "282443000", "nonInterestIncome": "None", "otherNonOperatingIncome": "None", "depreciation": "None", "depreciationAndAmortization": "66328000", "incomeBeforeTax": "-3931000", "incomeTaxExpense": "2817000", "interestAndDebtExpense": "None", "netIncomeFromContinuingOperations": "0", "comprehensiveIncomeNetOfTax": "None", "ebit": "20496000", "ebitda": "86824000", "netIncome": "-17259000"}]}