{"symbol": "HBI", "annualReports": [{"fiscalDateEnding": "2024-12-31", "reportedCurrency": "USD", "grossProfit": "1359524000", "totalRevenue": "3507438000", "costOfRevenue": "2147914000", "costofGoodsAndServicesSold": "2147914000", "operatingIncome": "185948000", "sellingGeneralAndAdministrative": "616927999", "researchAndDevelopment": "15988000", "operatingExpenses": "1173576000", "investmentIncomeNet": "None", "netInterestIncome": "-195901000", "interestIncome": "195901000", "interestExpense": "195901000", "nonInterestIncome": "None", "otherNonOperatingIncome": "None", "depreciation": "None", "depreciationAndAmortization": "92055000", "incomeBeforeTax": "-57394000", "incomeTaxExpense": "40601000", "interestAndDebtExpense": "None", "netIncomeFromContinuingOperations": "-97995000", "comprehensiveIncomeNetOfTax": "None", "ebit": "138507000", "ebitda": "230562000", "netIncome": "-320431000"}, {"fiscalDateEnding": "2023-12-31", "reportedCurrency": "USD", "grossProfit": "1291890000", "totalRevenue": "3639386000", "costOfRevenue": "2347496000", "costofGoodsAndServicesSold": "2347496000", "operatingIncome": "266278000", "sellingGeneralAndAdministrative": "623582000", "researchAndDevelopment": "18360000", "operatingExpenses": "1025612000", "investmentIncomeNet": "None", "netInterestIncome": "-255331000", "interestIncome": "215441000", "interestExpense": "214187000", "nonInterestIncome": "None", "otherNonOperatingIncome": "None", "depreciation": "None", "depreciationAndAmortization": "105037000", "incomeBeforeTax": "14330000", "incomeTaxExpense": "-14818000", "interestAndDebtExpense": "None", "netIncomeFromContinuingOperations": "-513775000", "comprehensiveIncomeNetOfTax": "None", "ebit": "228517000", "ebitda": "333554000", "netIncome": "-17726000"}, {"fiscalDateEnding": "2022-12-31", "reportedCurrency": "USD", "grossProfit": "1347035000", "totalRevenue": "3862809000", "costOfRevenue": "2515774000", "costofGoodsAndServicesSold": "2515774000", "operatingIncome": "267371000", "sellingGeneralAndAdministrative": "607161000", "researchAndDevelopment": "20077000", "operatingExpenses": "1079664000", "investmentIncomeNet": "None", "netInterestIncome": "-157073000", "interestIncome": "157073000", "interestExpense": "131733000", "nonInterestIncome": "None", "otherNonOperatingIncome": "-9734000", "depreciation": "None", "depreciationAndAmortization": "106267000", "incomeBeforeTax": "127344000", "incomeTaxExpense": "447889000", "interestAndDebtExpense": "None", "netIncomeFromContinuingOperations": "-131169000", "comprehensiveIncomeNetOfTax": "None", "ebit": "259077000", "ebitda": "365344000", "netIncome": "-127204000"}, {"fiscalDateEnding": "2021-12-31", "reportedCurrency": "USD", "grossProfit": "2651699000", "totalRevenue": "6801240000", "costOfRevenue": "4149541000", "costofGoodsAndServicesSold": "4149541000", "operatingIncome": "797728000", "sellingGeneralAndAdministrative": "1053210000", "researchAndDevelopment": "39320000", "operatingExpenses": "1853971000", "investmentIncomeNet": "None", "netInterestIncome": "-163067000", "interestIncome": "163067000", "interestExpense": "163067000", "nonInterestIncome": "None", "otherNonOperatingIncome": "-53586000", "depreciation": "None", "depreciationAndAmortization": "112738000", "incomeBeforeTax": "581075000", "incomeTaxExpense": "60107000", "interestAndDebtExpense": "None", "netIncomeFromContinuingOperations": "520968000", "comprehensiveIncomeNetOfTax": "None", "ebit": "747975000", "ebitda": "860713000", "netIncome": "77224000"}, {"fiscalDateEnding": "2020-12-31", "reportedCurrency": "USD", "grossProfit": "1602700000", "totalRevenue": "6127161000", "costOfRevenue": "4524461000", "costofGoodsAndServicesSold": "4524461000", "operatingIncome": "42666000", "sellingGeneralAndAdministrative": "976483000", "researchAndDevelopment": "37367000", "operatingExpenses": "1560034000", "investmentIncomeNet": "None", "netInterestIncome": "-166491000", "interestIncome": "166491000", "interestExpense": "164238000", "nonInterestIncome": "None", "otherNonOperatingIncome": "-23132000", "depreciation": "None", "depreciationAndAmortization": "132446000", "incomeBeforeTax": "-142227000", "incomeTaxExpense": "-109940000", "interestAndDebtExpense": "None", "netIncomeFromContinuingOperations": "-75579000", "comprehensiveIncomeNetOfTax": "None", "ebit": "22011000", "ebitda": "154457000", "netIncome": "-75579000"}, {"fiscalDateEnding": "2019-12-31", "reportedCurrency": "USD", "grossProfit": "2428702000", "totalRevenue": "6425716000", "costOfRevenue": "3997014000", "costofGoodsAndServicesSold": "3997014000", "operatingIncome": "850685000", "sellingGeneralAndAdministrative": "1290960000", "researchAndDevelopment": "51520000", "operatingExpenses": "1578017000", "investmentIncomeNet": "None", "netInterestIncome": "-178579000", "interestIncome": "178579000", "interestExpense": "176924000", "nonInterestIncome": "None", "otherNonOperatingIncome": "-31424000", "depreciation": "None", "depreciationAndAmortization": "130967000", "incomeBeforeTax": "643560000", "incomeTaxExpense": "70236000", "interestAndDebtExpense": "None", "netIncomeFromContinuingOperations": "600720000", "comprehensiveIncomeNetOfTax": "None", "ebit": "820484000", "ebitda": "951451000", "netIncome": "600720000"}, {"fiscalDateEnding": "2018-12-31", "reportedCurrency": "USD", "grossProfit": "2656519000", "totalRevenue": "6803955000", "costOfRevenue": "4147436000", "costofGoodsAndServicesSold": "4147436000", "operatingIncome": "867951000", "sellingGeneralAndAdministrative": "1226800000", "researchAndDevelopment": "59313000", "operatingExpenses": "1788568000", "investmentIncomeNet": "None", "netInterestIncome": "-194675000", "interestIncome": "194675000", "interestExpense": "194675000", "nonInterestIncome": "None", "otherNonOperatingIncome": "-26395000", "depreciation": "None", "depreciationAndAmortization": "131796000", "incomeBeforeTax": "643581000", "incomeTaxExpense": "103915000", "interestAndDebtExpense": "None", "netIncomeFromContinuingOperations": "553084000", "comprehensiveIncomeNetOfTax": "None", "ebit": "924430000", "ebitda": "1056226000", "netIncome": "539666000"}, {"fiscalDateEnding": "2017-12-31", "reportedCurrency": "USD", "grossProfit": "2544421000", "totalRevenue": "6471410000", "costOfRevenue": "3980859000", "costofGoodsAndServicesSold": "3980859000", "operatingIncome": "736175000", "sellingGeneralAndAdministrative": "1208213000", "researchAndDevelopment": "65457000", "operatingExpenses": "1739631000", "investmentIncomeNet": "None", "netInterestIncome": "-174435000", "interestIncome": "174435000", "interestExpense": "174435000", "nonInterestIncome": "None", "otherNonOperatingIncome": "-11363000", "depreciation": "None", "depreciationAndAmortization": "122487000", "incomeBeforeTax": "529095000", "incomeTaxExpense": "453117000", "interestAndDebtExpense": "None", "netIncomeFromContinuingOperations": "63991000", "comprehensiveIncomeNetOfTax": "None", "ebit": "703530000", "ebitda": "826017000", "netIncome": "73881000"}, {"fiscalDateEnding": "2016-12-31", "reportedCurrency": "USD", "grossProfit": "2315427000", "totalRevenue": "6028199000", "costOfRevenue": "3752151000", "costofGoodsAndServicesSold": "3752151000", "operatingIncome": "790051000", "sellingGeneralAndAdministrative": "1021138000", "researchAndDevelopment": "70096000", "operatingExpenses": "1500399000", "investmentIncomeNet": "None", "netInterestIncome": "-152692000", "interestIncome": "152692000", "interestExpense": "152692000", "nonInterestIncome": "None", "otherNonOperatingIncome": "-51758000", "depreciation": "None", "depreciationAndAmortization": "103175000", "incomeBeforeTax": "571199000", "incomeTaxExpense": "34272000", "interestAndDebtExpense": "None", "netIncomeFromContinuingOperations": "536927000", "comprehensiveIncomeNetOfTax": "None", "ebit": "723891000", "ebitda": "827066000", "netIncome": "539382000"}, {"fiscalDateEnding": "2015-12-31", "reportedCurrency": "USD", "grossProfit": "2136332000", "totalRevenue": "5731549000", "costOfRevenue": "3595217000", "costofGoodsAndServicesSold": "3595217000", "operatingIncome": "595118000", "sellingGeneralAndAdministrative": "1026580000", "researchAndDevelopment": "62324000", "operatingExpenses": "1541214000", "investmentIncomeNet": "None", "netInterestIncome": "None", "interestIncome": "118035000", "interestExpense": "118035000", "nonInterestIncome": "None", "otherNonOperatingIncome": "-3210000", "depreciation": "None", "depreciationAndAmortization": "103903000", "incomeBeforeTax": "473873000", "incomeTaxExpense": "45018000", "interestAndDebtExpense": "None", "netIncomeFromContinuingOperations": "518891000", "comprehensiveIncomeNetOfTax": "None", "ebit": "591908000", "ebitda": "695811000", "netIncome": "428855000"}, {"fiscalDateEnding": "2014-12-31", "reportedCurrency": "USD", "grossProfit": "1904407000", "totalRevenue": "5324746000", "costOfRevenue": "3420339000", "costofGoodsAndServicesSold": "3420339000", "operatingIncome": "563954000", "sellingGeneralAndAdministrative": "861840000", "researchAndDevelopment": "63268000", "operatingExpenses": "1340453000", "investmentIncomeNet": "None", "netInterestIncome": "None", "interestIncome": "None", "interestExpense": "96387000", "nonInterestIncome": "None", "otherNonOperatingIncome": "-2599000", "depreciation": "None", "depreciationAndAmortization": "98202000", "incomeBeforeTax": "464968000", "incomeTaxExpense": "60449000", "interestAndDebtExpense": "None", "netIncomeFromContinuingOperations": "404519000", "comprehensiveIncomeNetOfTax": "None", "ebit": "561355000", "ebitda": "659557000", "netIncome": "404519000"}, {"fiscalDateEnding": "2013-12-31", "reportedCurrency": "USD", "grossProfit": "1611693000", "totalRevenue": "4627802000", "costOfRevenue": "3016109000", "costofGoodsAndServicesSold": "3016109000", "operatingIncome": "515186000", "sellingGeneralAndAdministrative": "693940000", "researchAndDevelopment": "51316000", "operatingExpenses": "1096507000", "investmentIncomeNet": "None", "netInterestIncome": "None", "interestIncome": "None", "interestExpense": "101884000", "nonInterestIncome": "None", "otherNonOperatingIncome": "-17501000", "depreciation": "None", "depreciationAndAmortization": "90890000", "incomeBeforeTax": "395801000", "incomeTaxExpense": "65307000", "interestAndDebtExpense": "None", "netIncomeFromContinuingOperations": "330494000", "comprehensiveIncomeNetOfTax": "None", "ebit": "497685000", "ebitda": "588575000", "netIncome": "330494000"}, {"fiscalDateEnding": "2012-12-31", "reportedCurrency": "USD", "grossProfit": "1420047000", "totalRevenue": "4525721000", "costOfRevenue": "3105674000", "costofGoodsAndServicesSold": "3105674000", "operatingIncome": "440115000", "sellingGeneralAndAdministrative": "617114000", "researchAndDevelopment": "48323000", "operatingExpenses": "979932000", "investmentIncomeNet": "None", "netInterestIncome": "None", "interestIncome": "None", "interestExpense": "136855000", "nonInterestIncome": "None", "otherNonOperatingIncome": "-40315000", "depreciation": "None", "depreciationAndAmortization": "93036000", "incomeBeforeTax": "262945000", "incomeTaxExpense": "30502000", "interestAndDebtExpense": "None", "netIncomeFromContinuingOperations": "232443000", "comprehensiveIncomeNetOfTax": "None", "ebit": "399800000", "ebitda": "492836000", "netIncome": "164681000"}, {"fiscalDateEnding": "2011-12-31", "reportedCurrency": "USD", "grossProfit": "1540371000", "totalRevenue": "4637143000", "costOfRevenue": "3096772000", "costofGoodsAndServicesSold": "3096772000", "operatingIncome": "447127000", "sellingGeneralAndAdministrative": "1062090000", "researchAndDevelopment": "47056000", "operatingExpenses": "1062090000", "investmentIncomeNet": "None", "netInterestIncome": "None", "interestIncome": "None", "interestExpense": "156297000", "nonInterestIncome": "None", "otherNonOperatingIncome": "-6377000", "depreciation": "None", "depreciationAndAmortization": "90725000", "incomeBeforeTax": "284552000", "incomeTaxExpense": "48919000", "interestAndDebtExpense": "None", "netIncomeFromContinuingOperations": "266688000", "comprehensiveIncomeNetOfTax": "None", "ebit": "440750000", "ebitda": "531475000", "netIncome": "266688000"}, {"fiscalDateEnding": "2010-12-31", "reportedCurrency": "USD", "grossProfit": "1414769000", "totalRevenue": "4326713000", "costOfRevenue": "2911944000", "costofGoodsAndServicesSold": "2911944000", "operatingIncome": "380865000", "sellingGeneralAndAdministrative": "1010600000", "researchAndDevelopment": "47082000", "operatingExpenses": "1010581000", "investmentIncomeNet": "None", "netInterestIncome": "None", "interestIncome": "None", "interestExpense": "150236000", "nonInterestIncome": "None", "otherNonOperatingIncome": "-20221000", "depreciation": "None", "depreciationAndAmortization": "86612000", "incomeBeforeTax": "210501000", "incomeTaxExpense": "22438000", "interestAndDebtExpense": "None", "netIncomeFromContinuingOperations": "211293000", "comprehensiveIncomeNetOfTax": "None", "ebit": "360644000", "ebitda": "447256000", "netIncome": "211293000"}, {"fiscalDateEnding": "2009-12-31", "reportedCurrency": "USD", "grossProfit": "1265274000", "totalRevenue": "3891275000", "costOfRevenue": "2626001000", "costofGoodsAndServicesSold": "2626001000", "operatingIncome": "270856000", "sellingGeneralAndAdministrative": "940530000", "researchAndDevelopment": "46305000", "operatingExpenses": "940530000", "investmentIncomeNet": "None", "netInterestIncome": "None", "interestIncome": "None", "interestExpense": "163279000", "nonInterestIncome": "None", "otherNonOperatingIncome": "None", "depreciation": "None", "depreciationAndAmortization": "96755000", "incomeBeforeTax": "58276000", "incomeTaxExpense": "6993000", "interestAndDebtExpense": "None", "netIncomeFromContinuingOperations": "None", "comprehensiveIncomeNetOfTax": "None", "ebit": "324744000", "ebitda": "421499000", "netIncome": "51283000"}, {"fiscalDateEnding": "2008-12-31", "reportedCurrency": "USD", "grossProfit": "1377350000", "totalRevenue": "4248770000", "costOfRevenue": "2871420000", "costofGoodsAndServicesSold": "2871420000", "operatingIncome": "317480000", "sellingGeneralAndAdministrative": "1009600000", "researchAndDevelopment": "46460000", "operatingExpenses": "1009607000", "investmentIncomeNet": "None", "netInterestIncome": "None", "interestIncome": "None", "interestExpense": "254335000", "nonInterestIncome": "None", "otherNonOperatingIncome": "None", "depreciation": "None", "depreciationAndAmortization": "115145000", "incomeBeforeTax": "163037000", "incomeTaxExpense": "35868000", "interestAndDebtExpense": "None", "netIncomeFromContinuingOperations": "None", "comprehensiveIncomeNetOfTax": "None", "ebit": "367743000", "ebitda": "482888000", "netIncome": "127169000"}, {"fiscalDateEnding": "2007-12-31", "reportedCurrency": "USD", "grossProfit": "1440910000", "totalRevenue": "4474537000", "costOfRevenue": "3033627000", "costofGoodsAndServicesSold": "3033627000", "operatingIncome": "388569000", "sellingGeneralAndAdministrative": "1038200000", "researchAndDevelopment": "45409000", "operatingExpenses": "1008610000", "investmentIncomeNet": "None", "netInterestIncome": "None", "interestIncome": "None", "interestExpense": "264996000", "nonInterestIncome": "None", "otherNonOperatingIncome": "None", "depreciation": "None", "depreciationAndAmortization": "138151000", "incomeBeforeTax": "184126000", "incomeTaxExpense": "57999000", "interestAndDebtExpense": "None", "netIncomeFromContinuingOperations": "None", "comprehensiveIncomeNetOfTax": "None", "ebit": "432300000", "ebitda": "570451000", "netIncome": "126127000"}, {"fiscalDateEnding": "2006-12-31", "reportedCurrency": "USD", "grossProfit": "1485332000", "totalRevenue": "4472832000", "costOfRevenue": "2987500000", "costofGoodsAndServicesSold": "2987500000", "operatingIncome": "388168000", "sellingGeneralAndAdministrative": "547500000", "researchAndDevelopment": "None", "operatingExpenses": "1051833000", "investmentIncomeNet": "None", "netInterestIncome": "None", "interestIncome": "None", "interestExpense": "17078000", "nonInterestIncome": "None", "otherNonOperatingIncome": "None", "depreciation": "None", "depreciationAndAmortization": "146824000", "incomeBeforeTax": "416320000", "incomeTaxExpense": "93827000", "interestAndDebtExpense": "None", "netIncomeFromContinuingOperations": "None", "comprehensiveIncomeNetOfTax": "None", "ebit": "365346000", "ebitda": "512170000", "netIncome": "322493000"}, {"fiscalDateEnding": "2005-12-31", "reportedCurrency": "USD", "grossProfit": "1485332000", "totalRevenue": "4472832000", "costOfRevenue": "2987500000", "costofGoodsAndServicesSold": "2987500000", "operatingIncome": "433600000", "sellingGeneralAndAdministrative": "1051800000", "researchAndDevelopment": "None", "operatingExpenses": "1051833000", "investmentIncomeNet": "None", "netInterestIncome": "None", "interestIncome": "None", "interestExpense": "0", "nonInterestIncome": "None", "otherNonOperatingIncome": "None", "depreciation": "None", "depreciationAndAmortization": "114204000", "incomeBeforeTax": "416320000", "incomeTaxExpense": "93827000", "interestAndDebtExpense": "None", "netIncomeFromContinuingOperations": "None", "comprehensiveIncomeNetOfTax": "None", "ebit": "416320000", "ebitda": "530524000", "netIncome": "322493000"}], "quarterlyReports": [{"fiscalDateEnding": "2025-09-30", "reportedCurrency": "USD", "grossProfit": "363450000", "totalRevenue": "891683000", "costOfRevenue": "528233000", "costofGoodsAndServicesSold": "528233000", "operatingIncome": "107528000", "sellingGeneralAndAdministrative": "255922000", "researchAndDevelopment": "None", "operatingExpenses": "255922000", "investmentIncomeNet": "None", "netInterestIncome": "-47116000", "interestIncome": "None", "interestExpense": "47116000", "nonInterestIncome": "None", "otherNonOperatingIncome": "None", "depreciation": "None", "depreciationAndAmortization": "10678000", "incomeBeforeTax": "52359000", "incomeTaxExpense": "-219548000", "interestAndDebtExpense": "None", "netIncomeFromContinuingOperations": "271907000", "comprehensiveIncomeNetOfTax": "None", "ebit": "99475000", "ebitda": "110153000", "netIncome": "270736000"}, {"fiscalDateEnding": "2025-06-30", "reportedCurrency": "USD", "grossProfit": "411925000", "totalRevenue": "991325000", "costOfRevenue": "579400000", "costofGoodsAndServicesSold": "579400000", "operatingIncome": "154658000", "sellingGeneralAndAdministrative": "257267000", "researchAndDevelopment": "None", "operatingExpenses": "257267000", "investmentIncomeNet": "None", "netInterestIncome": "-47536000", "interestIncome": "None", "interestExpense": "47536000", "nonInterestIncome": "None", "otherNonOperatingIncome": "None", "depreciation": "None", "depreciationAndAmortization": "10143000", "incomeBeforeTax": "98099000", "incomeTaxExpense": "12606000", "interestAndDebtExpense": "None", "netIncomeFromContinuingOperations": "85493000", "comprehensiveIncomeNetOfTax": "None", "ebit": "145635000", "ebitda": "155778000", "netIncome": "81611000"}, {"fiscalDateEnding": "2025-03-31", "reportedCurrency": "USD", "grossProfit": "316700000", "totalRevenue": "760148000", "costOfRevenue": "443448000", "costofGoodsAndServicesSold": "443448000", "operatingIncome": "79908000", "sellingGeneralAndAdministrative": "236792000", "researchAndDevelopment": "None", "operatingExpenses": "236792000", "investmentIncomeNet": "None", "netInterestIncome": "-43319000", "interestIncome": "43319000", "interestExpense": "43319000", "nonInterestIncome": "None", "otherNonOperatingIncome": "None", "depreciation": "None", "depreciationAndAmortization": "10994000", "incomeBeforeTax": "19317000", "incomeTaxExpense": "5171000", "interestAndDebtExpense": "None", "netIncomeFromContinuingOperations": "14146000", "comprehensiveIncomeNetOfTax": "None", "ebit": "62636000", "ebitda": "73630000", "netIncome": "-9456000"}, {"fiscalDateEnding": "2024-12-31", "reportedCurrency": "USD", "grossProfit": "352696000", "totalRevenue": "796729000", "costOfRevenue": "444033000", "costofGoodsAndServicesSold": "444033000", "operatingIncome": "106971000", "sellingGeneralAndAdministrative": "190723000", "researchAndDevelopment": "15988000", "operatingExpenses": "245725000", "investmentIncomeNet": "None", "netInterestIncome": "-46390000", "interestIncome": "46390000", "interestExpense": "46390000", "nonInterestIncome": "None", "otherNonOperatingIncome": "None", "depreciation": "None", "depreciationAndAmortization": "15227000", "incomeBeforeTax": "42659000", "incomeTaxExpense": "5878000", "interestAndDebtExpense": "None", "netIncomeFromContinuingOperations": "36781000", "comprehensiveIncomeNetOfTax": "None", "ebit": "89049000", "ebitda": "104276000", "netIncome": "-12880000"}, {"fiscalDateEnding": "2024-09-30", "reportedCurrency": "USD", "grossProfit": "390440000", "totalRevenue": "937103000", "costOfRevenue": "546663000", "costofGoodsAndServicesSold": "546663000", "operatingIncome": "102998000", "sellingGeneralAndAdministrative": "287442000", "researchAndDevelopment": "None", "operatingExpenses": "287442000", "investmentIncomeNet": "None", "netInterestIncome": "-48606000", "interestIncome": "48606000", "interestExpense": "48606000", "nonInterestIncome": "None", "otherNonOperatingIncome": "None", "depreciation": "None", "depreciationAndAmortization": "22449000", "incomeBeforeTax": "44887000", "incomeTaxExpense": "12508000", "interestAndDebtExpense": "None", "netIncomeFromContinuingOperations": "32379000", "comprehensiveIncomeNetOfTax": "None", "ebit": "93493000", "ebitda": "115942000", "netIncome": "29951000"}, {"fiscalDateEnding": "2024-06-30", "reportedCurrency": "USD", "grossProfit": "307073000", "totalRevenue": "995393000", "costOfRevenue": "688320000", "costofGoodsAndServicesSold": "688320000", "operatingIncome": "-63129000", "sellingGeneralAndAdministrative": "370202000", "researchAndDevelopment": "None", "operatingExpenses": "370202000", "investmentIncomeNet": "None", "netInterestIncome": "-50299000", "interestIncome": "None", "interestExpense": "50299000", "nonInterestIncome": "None", "otherNonOperatingIncome": "None", "depreciation": "None", "depreciationAndAmortization": "29303000", "incomeBeforeTax": "-124213000", "incomeTaxExpense": "12332000", "interestAndDebtExpense": "None", "netIncomeFromContinuingOperations": "-136545000", "comprehensiveIncomeNetOfTax": "None", "ebit": "-73914000", "ebitda": "-44611000", "netIncome": "-298380000"}, {"fiscalDateEnding": "2024-03-31", "reportedCurrency": "USD", "grossProfit": "297433000", "totalRevenue": "744675000", "costOfRevenue": "447242000", "costofGoodsAndServicesSold": "447242000", "operatingIncome": "35414000", "sellingGeneralAndAdministrative": "408821000", "researchAndDevelopment": "None", "operatingExpenses": "262019000", "investmentIncomeNet": "None", "netInterestIncome": "-66689000", "interestIncome": "None", "interestExpense": "50583000", "nonInterestIncome": "None", "otherNonOperatingIncome": "None", "depreciation": "None", "depreciationAndAmortization": "25076000", "incomeBeforeTax": "-24231000", "incomeTaxExpense": "8571000", "interestAndDebtExpense": "None", "netIncomeFromContinuingOperations": "-39122000", "comprehensiveIncomeNetOfTax": "None", "ebit": "26352000", "ebitda": "51428000", "netIncome": "-39122000"}, {"fiscalDateEnding": "2023-12-31", "reportedCurrency": "USD", "grossProfit": "493669000", "totalRevenue": "1296827000", "costOfRevenue": "803158000", "costofGoodsAndServicesSold": "803158000", "operatingIncome": "96097000", "sellingGeneralAndAdministrative": "170148000", "researchAndDevelopment": "18360000", "operatingExpenses": "397572000", "investmentIncomeNet": "None", "netInterestIncome": "-69688000", "interestIncome": "None", "interestExpense": "69688000", "nonInterestIncome": "None", "otherNonOperatingIncome": "None", "depreciation": "None", "depreciationAndAmortization": "26457000", "incomeBeforeTax": "19034000", "incomeTaxExpense": "-58907000", "interestAndDebtExpense": "None", "netIncomeFromContinuingOperations": "77941000", "comprehensiveIncomeNetOfTax": "None", "ebit": "88722000", "ebitda": "115179000", "netIncome": "77941000"}, {"fiscalDateEnding": "2023-09-30", "reportedCurrency": "USD", "grossProfit": "349781000", "totalRevenue": "961294000", "costOfRevenue": "611513000", "costofGoodsAndServicesSold": "611513000", "operatingIncome": "81030000", "sellingGeneralAndAdministrative": "392912000", "researchAndDevelopment": "None", "operatingExpenses": "268751000", "investmentIncomeNet": "None", "netInterestIncome": "-72609000", "interestIncome": "72609000", "interestExpense": "56648000", "nonInterestIncome": "None", "otherNonOperatingIncome": "None", "depreciation": "None", "depreciationAndAmortization": "28134000", "incomeBeforeTax": "15303000", "incomeTaxExpense": "21280000", "interestAndDebtExpense": "None", "netIncomeFromContinuingOperations": "-38799000", "comprehensiveIncomeNetOfTax": "None", "ebit": "71951000", "ebitda": "100085000", "netIncome": "-38799000"}, {"fiscalDateEnding": "2023-06-30", "reportedCurrency": "USD", "grossProfit": "356793000", "totalRevenue": "1035004000", "costOfRevenue": "678211000", "costofGoodsAndServicesSold": "678211000", "operatingIncome": "69933000", "sellingGeneralAndAdministrative": "413333000", "researchAndDevelopment": "None", "operatingExpenses": "286860000", "investmentIncomeNet": "None", "netInterestIncome": "-74605000", "interestIncome": "74605000", "interestExpense": "58718000", "nonInterestIncome": "None", "otherNonOperatingIncome": "-7263000", "depreciation": "None", "depreciationAndAmortization": "26095000", "incomeBeforeTax": "3976000", "incomeTaxExpense": "12826000", "interestAndDebtExpense": "None", "netIncomeFromContinuingOperations": "-22464000", "comprehensiveIncomeNetOfTax": "None", "ebit": "62694000", "ebitda": "88789000", "netIncome": "-22464000"}, {"fiscalDateEnding": "2023-03-31", "reportedCurrency": "USD", "grossProfit": "449693000", "totalRevenue": "1389410000", "costOfRevenue": "939717000", "costofGoodsAndServicesSold": "939717000", "operatingIncome": "57319000", "sellingGeneralAndAdministrative": "392374000", "researchAndDevelopment": "None", "operatingExpenses": "392374000", "investmentIncomeNet": "None", "netInterestIncome": "-58452000", "interestIncome": "58452000", "interestExpense": "58452000", "nonInterestIncome": "None", "otherNonOperatingIncome": "-14771000", "depreciation": "None", "depreciationAndAmortization": "24351000", "incomeBeforeTax": "-15904000", "incomeTaxExpense": "18500000", "interestAndDebtExpense": "None", "netIncomeFromContinuingOperations": "-34404000", "comprehensiveIncomeNetOfTax": "None", "ebit": "42548000", "ebitda": "66899000", "netIncome": "-34404000"}, {"fiscalDateEnding": "2022-12-31", "reportedCurrency": "USD", "grossProfit": "501977000", "totalRevenue": "1473286000", "costOfRevenue": "971309000", "costofGoodsAndServicesSold": "971309000", "operatingIncome": "60335000", "sellingGeneralAndAdministrative": "183228000", "researchAndDevelopment": "38911000", "operatingExpenses": "441642000", "investmentIncomeNet": "None", "netInterestIncome": "-49665000", "interestIncome": "49665000", "interestExpense": "49665000", "nonInterestIncome": "None", "otherNonOperatingIncome": "-3646000", "depreciation": "None", "depreciationAndAmortization": "27961000", "incomeBeforeTax": "7024000", "incomeTaxExpense": "425132000", "interestAndDebtExpense": "None", "netIncomeFromContinuingOperations": "-418108000", "comprehensiveIncomeNetOfTax": "None", "ebit": "56689000", "ebitda": "84650000", "netIncome": "-418108000"}, {"fiscalDateEnding": "2022-09-30", "reportedCurrency": "USD", "grossProfit": "562852000", "totalRevenue": "1670741000", "costOfRevenue": "1107889000", "costofGoodsAndServicesSold": "1107889000", "operatingIncome": "141444000", "sellingGeneralAndAdministrative": "421408000", "researchAndDevelopment": "None", "operatingExpenses": "421408000", "investmentIncomeNet": "None", "netInterestIncome": "-41721000", "interestIncome": "41721000", "interestExpense": "41721000", "nonInterestIncome": "None", "otherNonOperatingIncome": "-3212000", "depreciation": "None", "depreciationAndAmortization": "27068000", "incomeBeforeTax": "96511000", "incomeTaxExpense": "16410000", "interestAndDebtExpense": "None", "netIncomeFromContinuingOperations": "80101000", "comprehensiveIncomeNetOfTax": "None", "ebit": "138232000", "ebitda": "165300000", "netIncome": "80101000"}, {"fiscalDateEnding": "2022-06-30", "reportedCurrency": "USD", "grossProfit": "572101000", "totalRevenue": "1513467000", "costOfRevenue": "941366000", "costofGoodsAndServicesSold": "941366000", "operatingIncome": "147254000", "sellingGeneralAndAdministrative": "424847000", "researchAndDevelopment": "None", "operatingExpenses": "424847000", "investmentIncomeNet": "None", "netInterestIncome": "-33724000", "interestIncome": "33724000", "interestExpense": "33724000", "nonInterestIncome": "None", "otherNonOperatingIncome": "-1889000", "depreciation": "None", "depreciationAndAmortization": "24952000", "incomeBeforeTax": "111641000", "incomeTaxExpense": "18980000", "interestAndDebtExpense": "None", "netIncomeFromContinuingOperations": "92661000", "comprehensiveIncomeNetOfTax": "None", "ebit": "145365000", "ebitda": "170317000", "netIncome": "92101000"}, {"fiscalDateEnding": "2022-03-31", "reportedCurrency": "USD", "grossProfit": "584178000", "totalRevenue": "1576156000", "costOfRevenue": "991978000", "costofGoodsAndServicesSold": "991978000", "operatingIncome": "170512000", "sellingGeneralAndAdministrative": "413666000", "researchAndDevelopment": "None", "operatingExpenses": "413666000", "investmentIncomeNet": "None", "netInterestIncome": "-31963000", "interestIncome": "31963000", "interestExpense": "31963000", "nonInterestIncome": "None", "otherNonOperatingIncome": "-987000", "depreciation": "None", "depreciationAndAmortization": "26286000", "incomeBeforeTax": "137562000", "incomeTaxExpense": "23385000", "interestAndDebtExpense": "None", "netIncomeFromContinuingOperations": "114177000", "comprehensiveIncomeNetOfTax": "None", "ebit": "169525000", "ebitda": "195811000", "netIncome": "118702000"}, {"fiscalDateEnding": "2021-12-31", "reportedCurrency": "USD", "grossProfit": "667728000", "totalRevenue": "1752349000", "costOfRevenue": "1084621000", "costofGoodsAndServicesSold": "1084621000", "operatingIncome": "155566000", "sellingGeneralAndAdministrative": "143967000", "researchAndDevelopment": "39320000", "operatingExpenses": "512162000", "investmentIncomeNet": "None", "netInterestIncome": "-35307000", "interestIncome": "35307000", "interestExpense": "35307000", "nonInterestIncome": "None", "otherNonOperatingIncome": "-47359000", "depreciation": "None", "depreciationAndAmortization": "26709000", "incomeBeforeTax": "72900000", "incomeTaxExpense": "4946000", "interestAndDebtExpense": "None", "netIncomeFromContinuingOperations": "67954000", "comprehensiveIncomeNetOfTax": "None", "ebit": "108207000", "ebitda": "134916000", "netIncome": "60033000"}, {"fiscalDateEnding": "2021-09-30", "reportedCurrency": "USD", "grossProfit": "699661000", "totalRevenue": "1789551000", "costOfRevenue": "1089890000", "costofGoodsAndServicesSold": "1089890000", "operatingIncome": "234646000", "sellingGeneralAndAdministrative": "465015000", "researchAndDevelopment": "None", "operatingExpenses": "465015000", "investmentIncomeNet": "None", "netInterestIncome": "-40860000", "interestIncome": "40860000", "interestExpense": "40860000", "nonInterestIncome": "None", "otherNonOperatingIncome": "-1811000", "depreciation": "None", "depreciationAndAmortization": "27132000", "incomeBeforeTax": "191975000", "incomeTaxExpense": "15228000", "interestAndDebtExpense": "None", "netIncomeFromContinuingOperations": "176747000", "comprehensiveIncomeNetOfTax": "None", "ebit": "232835000", "ebitda": "259967000", "netIncome": "151777000"}, {"fiscalDateEnding": "2021-06-30", "reportedCurrency": "USD", "grossProfit": "681629000", "totalRevenue": "1751311000", "costOfRevenue": "1069682000", "costofGoodsAndServicesSold": "1069682000", "operatingIncome": "217394000", "sellingGeneralAndAdministrative": "464235000", "researchAndDevelopment": "None", "operatingExpenses": "464235000", "investmentIncomeNet": "None", "netInterestIncome": "-42440000", "interestIncome": "42440000", "interestExpense": "42440000", "nonInterestIncome": "None", "otherNonOperatingIncome": "-1855000", "depreciation": "None", "depreciationAndAmortization": "27016000", "incomeBeforeTax": "173099000", "incomeTaxExpense": "25236000", "interestAndDebtExpense": "None", "netIncomeFromContinuingOperations": "147863000", "comprehensiveIncomeNetOfTax": "None", "ebit": "215539000", "ebitda": "242555000", "netIncome": "128676000"}, {"fiscalDateEnding": "2021-03-31", "reportedCurrency": "USD", "grossProfit": "602681000", "totalRevenue": "1508029000", "costOfRevenue": "905348000", "costofGoodsAndServicesSold": "905348000", "operatingIncome": "190122000", "sellingGeneralAndAdministrative": "412559000", "researchAndDevelopment": "None", "operatingExpenses": "412559000", "investmentIncomeNet": "None", "netInterestIncome": "-44460000", "interestIncome": "44460000", "interestExpense": "44460000", "nonInterestIncome": "None", "otherNonOperatingIncome": "-2561000", "depreciation": "None", "depreciationAndAmortization": "33341000", "incomeBeforeTax": "143101000", "incomeTaxExpense": "14697000", "interestAndDebtExpense": "None", "netIncomeFromContinuingOperations": "128404000", "comprehensiveIncomeNetOfTax": "None", "ebit": "187561000", "ebitda": "220902000", "netIncome": "-263262000"}, {"fiscalDateEnding": "2020-12-31", "reportedCurrency": "USD", "grossProfit": "124807000", "totalRevenue": "1800843000", "costOfRevenue": "1676036000", "costofGoodsAndServicesSold": "1676036000", "operatingIncome": "-443736000", "sellingGeneralAndAdministrative": "65705000", "researchAndDevelopment": "37367000", "operatingExpenses": "568543000", "investmentIncomeNet": "None", "netInterestIncome": "-44115000", "interestIncome": "44115000", "interestExpense": "44115000", "nonInterestIncome": "None", "otherNonOperatingIncome": "-6283000", "depreciation": "None", "depreciationAndAmortization": "38176000", "incomeBeforeTax": "-494134000", "incomeTaxExpense": "-161970000", "interestAndDebtExpense": "None", "netIncomeFromContinuingOperations": "-332164000", "comprehensiveIncomeNetOfTax": "None", "ebit": "-450019000", "ebitda": "-411843000", "netIncome": "-332164000"}, {"fiscalDateEnding": "2020-09-30", "reportedCurrency": "USD", "grossProfit": "571471000", "totalRevenue": "1691863000", "costOfRevenue": "1120392000", "costofGoodsAndServicesSold": "1120392000", "operatingIncome": "189087000", "sellingGeneralAndAdministrative": "442142000", "researchAndDevelopment": "None", "operatingExpenses": "382384000", "investmentIncomeNet": "None", "netInterestIncome": "-43868000", "interestIncome": "43868000", "interestExpense": "43500000", "nonInterestIncome": "None", "otherNonOperatingIncome": "-5309000", "depreciation": "None", "depreciationAndAmortization": "31565000", "incomeBeforeTax": "140689000", "incomeTaxExpense": "22464000", "interestAndDebtExpense": "None", "netIncomeFromContinuingOperations": "103278000", "comprehensiveIncomeNetOfTax": "None", "ebit": "184189000", "ebitda": "215754000", "netIncome": "103278000"}, {"fiscalDateEnding": "2020-06-30", "reportedCurrency": "USD", "grossProfit": "513862000", "totalRevenue": "1543083000", "costOfRevenue": "1029221000", "costofGoodsAndServicesSold": "1029221000", "operatingIncome": "202133000", "sellingGeneralAndAdministrative": "356673000", "researchAndDevelopment": "None", "operatingExpenses": "311729000", "investmentIncomeNet": "None", "netInterestIncome": "-41659000", "interestIncome": "41659000", "interestExpense": "41075000", "nonInterestIncome": "None", "otherNonOperatingIncome": "-5050000", "depreciation": "None", "depreciationAndAmortization": "31334000", "incomeBeforeTax": "156405000", "incomeTaxExpense": "19837000", "interestAndDebtExpense": "None", "netIncomeFromContinuingOperations": "161181000", "comprehensiveIncomeNetOfTax": "None", "ebit": "197480000", "ebitda": "228814000", "netIncome": "161181000"}, {"fiscalDateEnding": "2020-03-31", "reportedCurrency": "USD", "grossProfit": "418168000", "totalRevenue": "1203070000", "costOfRevenue": "784902000", "costofGoodsAndServicesSold": "784902000", "operatingIncome": "47953000", "sellingGeneralAndAdministrative": "431185000", "researchAndDevelopment": "None", "operatingExpenses": "370215000", "investmentIncomeNet": "None", "netInterestIncome": "-36849000", "interestIncome": "36849000", "interestExpense": "36027000", "nonInterestIncome": "None", "otherNonOperatingIncome": "-6490000", "depreciation": "None", "depreciationAndAmortization": "31371000", "incomeBeforeTax": "5825000", "incomeTaxExpense": "707000", "interestAndDebtExpense": "None", "netIncomeFromContinuingOperations": "-7874000", "comprehensiveIncomeNetOfTax": "None", "ebit": "41852000", "ebitda": "73223000", "netIncome": "-7874000"}, {"fiscalDateEnding": "2019-12-31", "reportedCurrency": "USD", "grossProfit": "711437000", "totalRevenue": "1751005000", "costOfRevenue": "1039568000", "costofGoodsAndServicesSold": "1039568000", "operatingIncome": "237919000", "sellingGeneralAndAdministrative": "142207000", "researchAndDevelopment": "51520000", "operatingExpenses": "473518000", "investmentIncomeNet": "None", "netInterestIncome": "-40907000", "interestIncome": "40907000", "interestExpense": "40907000", "nonInterestIncome": "None", "otherNonOperatingIncome": "-7658000", "depreciation": "None", "depreciationAndAmortization": "33125000", "incomeBeforeTax": "189354000", "incomeTaxExpense": "9864000", "interestAndDebtExpense": "None", "netIncomeFromContinuingOperations": "179490000", "comprehensiveIncomeNetOfTax": "None", "ebit": "230261000", "ebitda": "263386000", "netIncome": "179490000"}, {"fiscalDateEnding": "2019-09-30", "reportedCurrency": "USD", "grossProfit": "712338000", "totalRevenue": "1866967000", "costOfRevenue": "1154629000", "costofGoodsAndServicesSold": "1154629000", "operatingIncome": "267071000", "sellingGeneralAndAdministrative": "439523000", "researchAndDevelopment": "51520000", "operatingExpenses": "442582000", "investmentIncomeNet": "None", "netInterestIncome": "-43091000", "interestIncome": "43091000", "interestExpense": "43091000", "nonInterestIncome": "None", "otherNonOperatingIncome": "-8066000", "depreciation": "None", "depreciationAndAmortization": "33353000", "incomeBeforeTax": "215914000", "incomeTaxExpense": "30823000", "interestAndDebtExpense": "None", "netIncomeFromContinuingOperations": "187776000", "comprehensiveIncomeNetOfTax": "None", "ebit": "259005000", "ebitda": "292358000", "netIncome": "187776000"}, {"fiscalDateEnding": "2019-06-30", "reportedCurrency": "USD", "grossProfit": "688121000", "totalRevenue": "1760927000", "costOfRevenue": "1086248000", "costofGoodsAndServicesSold": "1086248000", "operatingIncome": "229600000", "sellingGeneralAndAdministrative": "445650000", "researchAndDevelopment": "51520000", "operatingExpenses": "440662000", "investmentIncomeNet": "None", "netInterestIncome": "-46522000", "interestIncome": "46522000", "interestExpense": "46522000", "nonInterestIncome": "None", "otherNonOperatingIncome": "-8249000", "depreciation": "None", "depreciationAndAmortization": "32255000", "incomeBeforeTax": "174829000", "incomeTaxExpense": "25274000", "interestAndDebtExpense": "None", "netIncomeFromContinuingOperations": "153972000", "comprehensiveIncomeNetOfTax": "None", "ebit": "221351000", "ebitda": "253606000", "netIncome": "153972000"}, {"fiscalDateEnding": "2019-03-31", "reportedCurrency": "USD", "grossProfit": "620876000", "totalRevenue": "1588024000", "costOfRevenue": "967148000", "costofGoodsAndServicesSold": "967148000", "operatingIncome": "149644000", "sellingGeneralAndAdministrative": "466047000", "researchAndDevelopment": "51520000", "operatingExpenses": "472838000", "investmentIncomeNet": "None", "netInterestIncome": "-48059000", "interestIncome": "None", "interestExpense": "48059000", "nonInterestIncome": "None", "otherNonOperatingIncome": "-7451000", "depreciation": "None", "depreciationAndAmortization": "32234000", "incomeBeforeTax": "94134000", "incomeTaxExpense": "13046000", "interestAndDebtExpense": "None", "netIncomeFromContinuingOperations": "79482000", "comprehensiveIncomeNetOfTax": "None", "ebit": "142193000", "ebitda": "174427000", "netIncome": "79482000"}, {"fiscalDateEnding": "2018-12-31", "reportedCurrency": "USD", "grossProfit": "704975000", "totalRevenue": "1768301000", "costOfRevenue": "1063326000", "costofGoodsAndServicesSold": "1063326000", "operatingIncome": "244941000", "sellingGeneralAndAdministrative": "101734000", "researchAndDevelopment": "59313000", "operatingExpenses": "460034000", "investmentIncomeNet": "None", "netInterestIncome": "None", "interestIncome": "None", "interestExpense": "47687000", "nonInterestIncome": "None", "otherNonOperatingIncome": "-6779000", "depreciation": "None", "depreciationAndAmortization": "32482000", "incomeBeforeTax": "190475000", "incomeTaxExpense": "28854000", "interestAndDebtExpense": "None", "netIncomeFromContinuingOperations": "161621000", "comprehensiveIncomeNetOfTax": "None", "ebit": "222236000", "ebitda": "254718000", "netIncome": "161621000"}, {"fiscalDateEnding": "2018-09-30", "reportedCurrency": "USD", "grossProfit": "712667000", "totalRevenue": "1848707000", "costOfRevenue": "1136040000", "costofGoodsAndServicesSold": "1136040000", "operatingIncome": "256889000", "sellingGeneralAndAdministrative": "446400000", "researchAndDevelopment": "59313000", "operatingExpenses": "455778000", "investmentIncomeNet": "None", "netInterestIncome": "None", "interestIncome": "None", "interestExpense": "52795000", "nonInterestIncome": "None", "otherNonOperatingIncome": "-7285000", "depreciation": "None", "depreciationAndAmortization": "33821000", "incomeBeforeTax": "196809000", "incomeTaxExpense": "25388000", "interestAndDebtExpense": "None", "netIncomeFromContinuingOperations": "171421000", "comprehensiveIncomeNetOfTax": "None", "ebit": "249604000", "ebitda": "283425000", "netIncome": "171421000"}, {"fiscalDateEnding": "2018-06-30", "reportedCurrency": "USD", "grossProfit": "659956000", "totalRevenue": "1715443000", "costOfRevenue": "1055487000", "costofGoodsAndServicesSold": "1055487000", "operatingIncome": "220063000", "sellingGeneralAndAdministrative": "439893000", "researchAndDevelopment": "59313000", "operatingExpenses": "439893000", "investmentIncomeNet": "None", "netInterestIncome": "None", "interestIncome": "None", "interestExpense": "48430000", "nonInterestIncome": "None", "otherNonOperatingIncome": "-6570000", "depreciation": "None", "depreciationAndAmortization": "33568000", "incomeBeforeTax": "165063000", "incomeTaxExpense": "24430000", "interestAndDebtExpense": "None", "netIncomeFromContinuingOperations": "140633000", "comprehensiveIncomeNetOfTax": "None", "ebit": "213493000", "ebitda": "247061000", "netIncome": "140633000"}, {"fiscalDateEnding": "2018-03-31", "reportedCurrency": "USD", "grossProfit": "589674000", "totalRevenue": "1471504000", "costOfRevenue": "840824000", "costofGoodsAndServicesSold": "840824000", "operatingIncome": "146058000", "sellingGeneralAndAdministrative": "432863000", "researchAndDevelopment": "59313000", "operatingExpenses": "413102000", "investmentIncomeNet": "None", "netInterestIncome": "None", "interestIncome": "None", "interestExpense": "45763000", "nonInterestIncome": "None", "otherNonOperatingIncome": "-5761000", "depreciation": "None", "depreciationAndAmortization": "31925000", "incomeBeforeTax": "94534000", "incomeTaxExpense": "15125000", "interestAndDebtExpense": "None", "netIncomeFromContinuingOperations": "79409000", "comprehensiveIncomeNetOfTax": "None", "ebit": "140297000", "ebitda": "172222000", "netIncome": "79409000"}, {"fiscalDateEnding": "2017-12-31", "reportedCurrency": "USD", "grossProfit": "659642000", "totalRevenue": "1645175000", "costOfRevenue": "1018514000", "costofGoodsAndServicesSold": "1018514000", "operatingIncome": "119819000", "sellingGeneralAndAdministrative": "52428000", "researchAndDevelopment": "65457000", "operatingExpenses": "478990000", "investmentIncomeNet": "None", "netInterestIncome": "None", "interestIncome": "None", "interestExpense": "44251000", "nonInterestIncome": "None", "otherNonOperatingIncome": "-6704000", "depreciation": "None", "depreciationAndAmortization": "32725000", "incomeBeforeTax": "68864000", "incomeTaxExpense": "453475000", "interestAndDebtExpense": "None", "netIncomeFromContinuingOperations": "-384611000", "comprehensiveIncomeNetOfTax": "None", "ebit": "242348000", "ebitda": "275073000", "netIncome": "-384611000"}, {"fiscalDateEnding": "2017-09-30", "reportedCurrency": "USD", "grossProfit": "678457000", "totalRevenue": "1799270000", "costOfRevenue": "1120813000", "costofGoodsAndServicesSold": "1120813000", "operatingIncome": "253304000", "sellingGeneralAndAdministrative": "425153000", "researchAndDevelopment": "0", "operatingExpenses": "425153000", "investmentIncomeNet": "None", "netInterestIncome": "None", "interestIncome": "None", "interestExpense": "43917000", "nonInterestIncome": "None", "otherNonOperatingIncome": "-1881000", "depreciation": "None", "depreciationAndAmortization": "31667000", "incomeBeforeTax": "207506000", "incomeTaxExpense": "4150000", "interestAndDebtExpense": "None", "netIncomeFromContinuingOperations": "203356000", "comprehensiveIncomeNetOfTax": "None", "ebit": "251423000", "ebitda": "283090000", "netIncome": "203356000"}, {"fiscalDateEnding": "2017-06-30", "reportedCurrency": "USD", "grossProfit": "645902000", "totalRevenue": "1646610000", "costOfRevenue": "1000708000", "costofGoodsAndServicesSold": "1000708000", "operatingIncome": "228677000", "sellingGeneralAndAdministrative": "390000000", "researchAndDevelopment": "0", "operatingExpenses": "417225000", "investmentIncomeNet": "None", "netInterestIncome": "None", "interestIncome": "None", "interestExpense": "44130000", "nonInterestIncome": "None", "otherNonOperatingIncome": "-1394000", "depreciation": "None", "depreciationAndAmortization": "29330000", "incomeBeforeTax": "183153000", "incomeTaxExpense": "10989000", "interestAndDebtExpense": "None", "netIncomeFromContinuingOperations": "172164000", "comprehensiveIncomeNetOfTax": "None", "ebit": "227283000", "ebitda": "256613000", "netIncome": "172532000"}, {"fiscalDateEnding": "2017-03-31", "reportedCurrency": "USD", "grossProfit": "539531000", "totalRevenue": "1380355000", "costOfRevenue": "840824000", "costofGoodsAndServicesSold": "840824000", "operatingIncome": "126429000", "sellingGeneralAndAdministrative": "391100000", "researchAndDevelopment": "0", "operatingExpenses": "413102000", "investmentIncomeNet": "None", "netInterestIncome": "None", "interestIncome": "None", "interestExpense": "42137000", "nonInterestIncome": "None", "otherNonOperatingIncome": "-1384000", "depreciation": "None", "depreciationAndAmortization": "28765000", "incomeBeforeTax": "77747000", "incomeTaxExpense": "4665000", "interestAndDebtExpense": "None", "netIncomeFromContinuingOperations": "73082000", "comprehensiveIncomeNetOfTax": "None", "ebit": "119884000", "ebitda": "148649000", "netIncome": "70617000"}, {"fiscalDateEnding": "2016-12-31", "reportedCurrency": "USD", "grossProfit": "612135000", "totalRevenue": "1575309000", "costOfRevenue": "963174000", "costofGoodsAndServicesSold": "963174000", "operatingIncome": "203682000", "sellingGeneralAndAdministrative": "85093000", "researchAndDevelopment": "70096000", "operatingExpenses": "408453000", "investmentIncomeNet": "None", "netInterestIncome": "None", "interestIncome": "None", "interestExpense": "41153000", "nonInterestIncome": "None", "otherNonOperatingIncome": "-1225000", "depreciation": "None", "depreciationAndAmortization": "29460000", "incomeBeforeTax": "161304000", "incomeTaxExpense": "5579000", "interestAndDebtExpense": "None", "netIncomeFromContinuingOperations": "155725000", "comprehensiveIncomeNetOfTax": "None", "ebit": "202457000", "ebitda": "231917000", "netIncome": "157112000"}, {"fiscalDateEnding": "2016-09-30", "reportedCurrency": "USD", "grossProfit": "649366000", "totalRevenue": "1761019000", "costOfRevenue": "1111653000", "costofGoodsAndServicesSold": "1111653000", "operatingIncome": "228352000", "sellingGeneralAndAdministrative": "428700000", "researchAndDevelopment": "0", "operatingExpenses": "421014000", "investmentIncomeNet": "None", "netInterestIncome": "None", "interestIncome": "None", "interestExpense": "43433000", "nonInterestIncome": "None", "otherNonOperatingIncome": "-1559000", "depreciation": "None", "depreciationAndAmortization": "26888000", "incomeBeforeTax": "183360000", "incomeTaxExpense": "10570000", "interestAndDebtExpense": "None", "netIncomeFromContinuingOperations": "172790000", "comprehensiveIncomeNetOfTax": "None", "ebit": "226793000", "ebitda": "253681000", "netIncome": "173858000"}, {"fiscalDateEnding": "2016-06-30", "reportedCurrency": "USD", "grossProfit": "557291000", "totalRevenue": "1472731000", "costOfRevenue": "915440000", "costofGoodsAndServicesSold": "915440000", "operatingIncome": "221210000", "sellingGeneralAndAdministrative": "338800000", "researchAndDevelopment": "0", "operatingExpenses": "336081000", "investmentIncomeNet": "None", "netInterestIncome": "None", "interestIncome": "None", "interestExpense": "36540000", "nonInterestIncome": "None", "otherNonOperatingIncome": "-48325000", "depreciation": "None", "depreciationAndAmortization": "24007000", "incomeBeforeTax": "136345000", "incomeTaxExpense": "8202000", "interestAndDebtExpense": "None", "netIncomeFromContinuingOperations": "128143000", "comprehensiveIncomeNetOfTax": "None", "ebit": "172885000", "ebitda": "196892000", "netIncome": "128143000"}, {"fiscalDateEnding": "2016-03-31", "reportedCurrency": "USD", "grossProfit": "457256000", "totalRevenue": "1219140000", "costOfRevenue": "761884000", "costofGoodsAndServicesSold": "761884000", "operatingIncome": "122405000", "sellingGeneralAndAdministrative": "332400000", "researchAndDevelopment": "0", "operatingExpenses": "334851000", "investmentIncomeNet": "None", "netInterestIncome": "None", "interestIncome": "None", "interestExpense": "31566000", "nonInterestIncome": "None", "otherNonOperatingIncome": "-649000", "depreciation": "None", "depreciationAndAmortization": "22820000", "incomeBeforeTax": "90190000", "incomeTaxExpense": "9921000", "interestAndDebtExpense": "None", "netIncomeFromContinuingOperations": "80269000", "comprehensiveIncomeNetOfTax": "None", "ebit": "121756000", "ebitda": "144576000", "netIncome": "80269000"}, {"fiscalDateEnding": "2015-12-31", "reportedCurrency": "USD", "grossProfit": "541126000", "totalRevenue": "1409557000", "costOfRevenue": "868431000", "costofGoodsAndServicesSold": "868431000", "operatingIncome": "157926000", "sellingGeneralAndAdministrative": "131434000", "researchAndDevelopment": "62324000", "operatingExpenses": "383200000", "investmentIncomeNet": "None", "netInterestIncome": "None", "interestIncome": "None", "interestExpense": "30772000", "nonInterestIncome": "None", "otherNonOperatingIncome": "-1280000", "depreciation": "None", "depreciationAndAmortization": "28153000", "incomeBeforeTax": "125874000", "incomeTaxExpense": "6711000", "interestAndDebtExpense": "None", "netIncomeFromContinuingOperations": "209199000", "comprehensiveIncomeNetOfTax": "None", "ebit": "156646000", "ebitda": "184799000", "netIncome": "119163000"}, {"fiscalDateEnding": "2015-09-30", "reportedCurrency": "USD", "grossProfit": "580750000", "totalRevenue": "1591038000", "costOfRevenue": "1010288000", "costofGoodsAndServicesSold": "1010288000", "operatingIncome": "208328000", "sellingGeneralAndAdministrative": "368500000", "researchAndDevelopment": "0", "operatingExpenses": "372422000", "investmentIncomeNet": "None", "netInterestIncome": "None", "interestIncome": "None", "interestExpense": "31356000", "nonInterestIncome": "None", "otherNonOperatingIncome": "-718000", "depreciation": "None", "depreciationAndAmortization": "24943000", "incomeBeforeTax": "176254000", "incomeTaxExpense": "14100000", "interestAndDebtExpense": "None", "netIncomeFromContinuingOperations": "162154000", "comprehensiveIncomeNetOfTax": "None", "ebit": "207610000", "ebitda": "232553000", "netIncome": "162154000"}, {"fiscalDateEnding": "2015-06-30", "reportedCurrency": "USD", "grossProfit": "568225000", "totalRevenue": "1522033000", "costOfRevenue": "953808000", "costofGoodsAndServicesSold": "953808000", "operatingIncome": "138933000", "sellingGeneralAndAdministrative": "424200000", "researchAndDevelopment": "0", "operatingExpenses": "429292000", "investmentIncomeNet": "None", "netInterestIncome": "None", "interestIncome": "None", "interestExpense": "29020000", "nonInterestIncome": "None", "otherNonOperatingIncome": "-830000", "depreciation": "None", "depreciationAndAmortization": "26234000", "incomeBeforeTax": "109083000", "incomeTaxExpense": "14181000", "interestAndDebtExpense": "None", "netIncomeFromContinuingOperations": "94902000", "comprehensiveIncomeNetOfTax": "None", "ebit": "138103000", "ebitda": "164337000", "netIncome": "94902000"}, {"fiscalDateEnding": "2015-03-31", "reportedCurrency": "USD", "grossProfit": "446231000", "totalRevenue": "1208921000", "costOfRevenue": "762690000", "costofGoodsAndServicesSold": "762690000", "operatingIncome": "89931000", "sellingGeneralAndAdministrative": "352800000", "researchAndDevelopment": "0", "operatingExpenses": "356300000", "investmentIncomeNet": "None", "netInterestIncome": "None", "interestIncome": "None", "interestExpense": "26887000", "nonInterestIncome": "None", "otherNonOperatingIncome": "-382000", "depreciation": "None", "depreciationAndAmortization": "24573000", "incomeBeforeTax": "62662000", "incomeTaxExpense": "10026000", "interestAndDebtExpense": "None", "netIncomeFromContinuingOperations": "52636000", "comprehensiveIncomeNetOfTax": "None", "ebit": "89549000", "ebitda": "114122000", "netIncome": "52636000"}, {"fiscalDateEnding": "2014-12-31", "reportedCurrency": "USD", "grossProfit": "545561000", "totalRevenue": "1522596000", "costOfRevenue": "977035000", "costofGoodsAndServicesSold": "977035000", "operatingIncome": "131150000", "sellingGeneralAndAdministrative": "64202000", "researchAndDevelopment": "63268000", "operatingExpenses": "414411000", "investmentIncomeNet": "None", "netInterestIncome": "None", "interestIncome": "None", "interestExpense": "29922000", "nonInterestIncome": "None", "otherNonOperatingIncome": "-709000", "depreciation": "None", "depreciationAndAmortization": "28662000", "incomeBeforeTax": "100519000", "incomeTaxExpense": "11082000", "interestAndDebtExpense": "None", "netIncomeFromContinuingOperations": "89437000", "comprehensiveIncomeNetOfTax": "None", "ebit": "130441000", "ebitda": "159103000", "netIncome": "89437000"}, {"fiscalDateEnding": "2014-09-30", "reportedCurrency": "USD", "grossProfit": "497715000", "totalRevenue": "1400728000", "costOfRevenue": "903013000", "costofGoodsAndServicesSold": "903013000", "operatingIncome": "153892000", "sellingGeneralAndAdministrative": "343600000", "researchAndDevelopment": "0", "operatingExpenses": "343823000", "investmentIncomeNet": "None", "netInterestIncome": "None", "interestIncome": "None", "interestExpense": "23528000", "nonInterestIncome": "None", "otherNonOperatingIncome": "-795000", "depreciation": "None", "depreciationAndAmortization": "23500000", "incomeBeforeTax": "129569000", "incomeTaxExpense": "10625000", "interestAndDebtExpense": "None", "netIncomeFromContinuingOperations": "118944000", "comprehensiveIncomeNetOfTax": "None", "ebit": "153097000", "ebitda": "176597000", "netIncome": "118944000"}, {"fiscalDateEnding": "2014-06-30", "reportedCurrency": "USD", "grossProfit": "504354000", "totalRevenue": "1342052000", "costOfRevenue": "837698000", "costofGoodsAndServicesSold": "837698000", "operatingIncome": "207124000", "sellingGeneralAndAdministrative": "296900000", "researchAndDevelopment": "0", "operatingExpenses": "297230000", "investmentIncomeNet": "None", "netInterestIncome": "None", "interestIncome": "None", "interestExpense": "21119000", "nonInterestIncome": "None", "otherNonOperatingIncome": "-660000", "depreciation": "None", "depreciationAndAmortization": "22981000", "incomeBeforeTax": "185345000", "incomeTaxExpense": "30767000", "interestAndDebtExpense": "None", "netIncomeFromContinuingOperations": "154578000", "comprehensiveIncomeNetOfTax": "None", "ebit": "206464000", "ebitda": "229445000", "netIncome": "154578000"}, {"fiscalDateEnding": "2014-03-31", "reportedCurrency": "USD", "grossProfit": "356777000", "totalRevenue": "1059370000", "costOfRevenue": "702593000", "costofGoodsAndServicesSold": "702593000", "operatingIncome": "71788000", "sellingGeneralAndAdministrative": "284900000", "researchAndDevelopment": "0", "operatingExpenses": "284989000", "investmentIncomeNet": "None", "netInterestIncome": "None", "interestIncome": "None", "interestExpense": "21818000", "nonInterestIncome": "None", "otherNonOperatingIncome": "-435000", "depreciation": "None", "depreciationAndAmortization": "23059000", "incomeBeforeTax": "49535000", "incomeTaxExpense": "7975000", "interestAndDebtExpense": "None", "netIncomeFromContinuingOperations": "41560000", "comprehensiveIncomeNetOfTax": "None", "ebit": "71353000", "ebitda": "94412000", "netIncome": "41560000"}, {"fiscalDateEnding": "2013-12-31", "reportedCurrency": "USD", "grossProfit": "427232000", "totalRevenue": "1285790000", "costOfRevenue": "858558000", "costofGoodsAndServicesSold": "858558000", "operatingIncome": "71698000", "sellingGeneralAndAdministrative": "47033000", "researchAndDevelopment": "51316000", "operatingExpenses": "355534000", "investmentIncomeNet": "None", "netInterestIncome": "None", "interestIncome": "None", "interestExpense": "26038000", "nonInterestIncome": "None", "otherNonOperatingIncome": "-15491000", "depreciation": "None", "depreciationAndAmortization": "23689000", "incomeBeforeTax": "30169000", "incomeTaxExpense": "-2097000", "interestAndDebtExpense": "None", "netIncomeFromContinuingOperations": "16912000", "comprehensiveIncomeNetOfTax": "None", "ebit": "56207000", "ebitda": "79896000", "netIncome": "32266000"}, {"fiscalDateEnding": "2013-09-30", "reportedCurrency": "USD", "grossProfit": "421680000", "totalRevenue": "1197346000", "costOfRevenue": "775666000", "costofGoodsAndServicesSold": "775666000", "operatingIncome": "176898000", "sellingGeneralAndAdministrative": "244300000", "researchAndDevelopment": "0", "operatingExpenses": "244782000", "investmentIncomeNet": "None", "netInterestIncome": "None", "interestIncome": "None", "interestExpense": "25002000", "nonInterestIncome": "None", "otherNonOperatingIncome": "-795000", "depreciation": "None", "depreciationAndAmortization": "21571000", "incomeBeforeTax": "151101000", "incomeTaxExpense": "25838000", "interestAndDebtExpense": "None", "netIncomeFromContinuingOperations": "125263000", "comprehensiveIncomeNetOfTax": "None", "ebit": "176898000", "ebitda": "198469000", "netIncome": "125263000"}, {"fiscalDateEnding": "2013-06-30", "reportedCurrency": "USD", "grossProfit": "435482000", "totalRevenue": "1199205000", "costOfRevenue": "763723000", "costofGoodsAndServicesSold": "763723000", "operatingIncome": "181447000", "sellingGeneralAndAdministrative": "256400000", "researchAndDevelopment": "0", "operatingExpenses": "254035000", "investmentIncomeNet": "None", "netInterestIncome": "None", "interestIncome": "None", "interestExpense": "25221000", "nonInterestIncome": "None", "otherNonOperatingIncome": "-751000", "depreciation": "None", "depreciationAndAmortization": "22409000", "incomeBeforeTax": "155475000", "incomeTaxExpense": "33889000", "interestAndDebtExpense": "None", "netIncomeFromContinuingOperations": "121586000", "comprehensiveIncomeNetOfTax": "None", "ebit": "180696000", "ebitda": "203105000", "netIncome": "121586000"}, {"fiscalDateEnding": "2013-03-31", "reportedCurrency": "USD", "grossProfit": "327299000", "totalRevenue": "945461000", "costOfRevenue": "618162000", "costofGoodsAndServicesSold": "618162000", "operatingIncome": "85143000", "sellingGeneralAndAdministrative": "240400000", "researchAndDevelopment": "0", "operatingExpenses": "242156000", "investmentIncomeNet": "None", "netInterestIncome": "None", "interestIncome": "None", "interestExpense": "25623000", "nonInterestIncome": "None", "otherNonOperatingIncome": "-464000", "depreciation": "None", "depreciationAndAmortization": "23221000", "incomeBeforeTax": "59056000", "incomeTaxExpense": "7677000", "interestAndDebtExpense": "None", "netIncomeFromContinuingOperations": "66733000", "comprehensiveIncomeNetOfTax": "None", "ebit": "84679000", "ebitda": "107900000", "netIncome": "51379000"}, {"fiscalDateEnding": "2012-12-31", "reportedCurrency": "USD", "grossProfit": "398071000", "totalRevenue": "1153256000", "costOfRevenue": "755185000", "costofGoodsAndServicesSold": "755185000", "operatingIncome": "153011000", "sellingGeneralAndAdministrative": "117758000", "researchAndDevelopment": "48323000", "operatingExpenses": "245060000", "investmentIncomeNet": "None", "netInterestIncome": "None", "interestIncome": "None", "interestExpense": "30352000", "nonInterestIncome": "None", "otherNonOperatingIncome": "-35486000", "depreciation": "None", "depreciationAndAmortization": "22940000", "incomeBeforeTax": "87173000", "incomeTaxExpense": "8958000", "interestAndDebtExpense": "None", "netIncomeFromContinuingOperations": "80774000", "comprehensiveIncomeNetOfTax": "None", "ebit": "112696000", "ebitda": "135636000", "netIncome": "80388000"}, {"fiscalDateEnding": "2012-09-30", "reportedCurrency": "USD", "grossProfit": "399930000", "totalRevenue": "1218681000", "costOfRevenue": "818751000", "costofGoodsAndServicesSold": "818751000", "operatingIncome": "156508000", "sellingGeneralAndAdministrative": "243400000", "researchAndDevelopment": "0", "operatingExpenses": "243422000", "investmentIncomeNet": "None", "netInterestIncome": "None", "interestIncome": "None", "interestExpense": "32897000", "nonInterestIncome": "None", "otherNonOperatingIncome": "-3373000", "depreciation": "None", "depreciationAndAmortization": "23047000", "incomeBeforeTax": "120238000", "incomeTaxExpense": "9055000", "interestAndDebtExpense": "None", "netIncomeFromContinuingOperations": "111183000", "comprehensiveIncomeNetOfTax": "None", "ebit": "153135000", "ebitda": "176182000", "netIncome": "109892000"}, {"fiscalDateEnding": "2012-06-30", "reportedCurrency": "USD", "grossProfit": "366932000", "totalRevenue": "1180651000", "costOfRevenue": "813719000", "costofGoodsAndServicesSold": "813719000", "operatingIncome": "119951000", "sellingGeneralAndAdministrative": "246981000", "researchAndDevelopment": "0", "operatingExpenses": "246981000", "investmentIncomeNet": "None", "netInterestIncome": "None", "interestIncome": "None", "interestExpense": "36611000", "nonInterestIncome": "None", "otherNonOperatingIncome": "-811000", "depreciation": "None", "depreciationAndAmortization": "23719000", "incomeBeforeTax": "82529000", "incomeTaxExpense": "15213000", "interestAndDebtExpense": "None", "netIncomeFromContinuingOperations": "67316000", "comprehensiveIncomeNetOfTax": "None", "ebit": "119140000", "ebitda": "142859000", "netIncome": "1231000"}, {"fiscalDateEnding": "2012-03-31", "reportedCurrency": "USD", "grossProfit": "255114000", "totalRevenue": "973133000", "costOfRevenue": "718019000", "costofGoodsAndServicesSold": "718019000", "operatingIncome": "10645000", "sellingGeneralAndAdministrative": "248285000", "researchAndDevelopment": "0", "operatingExpenses": "244469000", "investmentIncomeNet": "None", "netInterestIncome": "None", "interestIncome": "None", "interestExpense": "36995000", "nonInterestIncome": "None", "otherNonOperatingIncome": "-645000", "depreciation": "None", "depreciationAndAmortization": "23330000", "incomeBeforeTax": "-26995000", "incomeTaxExpense": "-2724000", "interestAndDebtExpense": "None", "netIncomeFromContinuingOperations": "-26830000", "comprehensiveIncomeNetOfTax": "None", "ebit": "10000000", "ebitda": "33330000", "netIncome": "-26830000"}, {"fiscalDateEnding": "2011-12-31", "reportedCurrency": "USD", "grossProfit": "333163000", "totalRevenue": "1145315000", "costOfRevenue": "812152000", "costofGoodsAndServicesSold": "812152000", "operatingIncome": "75288000", "sellingGeneralAndAdministrative": "257875000", "researchAndDevelopment": "47056000", "operatingExpenses": "257875000", "investmentIncomeNet": "None", "netInterestIncome": "None", "interestIncome": "None", "interestExpense": "37752000", "nonInterestIncome": "None", "otherNonOperatingIncome": "-4082000", "depreciation": "None", "depreciationAndAmortization": "24157000", "incomeBeforeTax": "33454000", "incomeTaxExpense": "-7511000", "interestAndDebtExpense": "None", "netIncomeFromContinuingOperations": "40965000", "comprehensiveIncomeNetOfTax": "None", "ebit": "75288000", "ebitda": "99445000", "netIncome": "40965000"}, {"fiscalDateEnding": "2011-09-30", "reportedCurrency": "USD", "grossProfit": "425443000", "totalRevenue": "1230185000", "costOfRevenue": "804742000", "costofGoodsAndServicesSold": "804742000", "operatingIncome": "144944000", "sellingGeneralAndAdministrative": "269100000", "researchAndDevelopment": "0", "operatingExpenses": "272761000", "investmentIncomeNet": "None", "netInterestIncome": "None", "interestIncome": "None", "interestExpense": "38262000", "nonInterestIncome": "None", "otherNonOperatingIncome": "-880000", "depreciation": "None", "depreciationAndAmortization": "22433000", "incomeBeforeTax": "105809000", "incomeTaxExpense": "20739000", "interestAndDebtExpense": "None", "netIncomeFromContinuingOperations": "90832000", "comprehensiveIncomeNetOfTax": "None", "ebit": "144944000", "ebitda": "167377000", "netIncome": "90832000"}, {"fiscalDateEnding": "2011-06-30", "reportedCurrency": "USD", "grossProfit": "427240000", "totalRevenue": "1225233000", "costOfRevenue": "797993000", "costofGoodsAndServicesSold": "797993000", "operatingIncome": "135822000", "sellingGeneralAndAdministrative": "274200000", "researchAndDevelopment": "0", "operatingExpenses": "278772000", "investmentIncomeNet": "None", "netInterestIncome": "None", "interestIncome": "None", "interestExpense": "39178000", "nonInterestIncome": "None", "otherNonOperatingIncome": "-814000", "depreciation": "None", "depreciationAndAmortization": "22448000", "incomeBeforeTax": "95881000", "incomeTaxExpense": "18121000", "interestAndDebtExpense": "None", "netIncomeFromContinuingOperations": "86782000", "comprehensiveIncomeNetOfTax": "None", "ebit": "135008000", "ebitda": "157456000", "netIncome": "86782000"}, {"fiscalDateEnding": "2011-03-31", "reportedCurrency": "USD", "grossProfit": "354525000", "totalRevenue": "1036410000", "costOfRevenue": "681885000", "costofGoodsAndServicesSold": "681885000", "operatingIncome": "101843000", "sellingGeneralAndAdministrative": "248900000", "researchAndDevelopment": "0", "operatingExpenses": "252682000", "investmentIncomeNet": "None", "netInterestIncome": "None", "interestIncome": "None", "interestExpense": "41105000", "nonInterestIncome": "None", "otherNonOperatingIncome": "-601000", "depreciation": "None", "depreciationAndAmortization": "21687000", "incomeBeforeTax": "60137000", "incomeTaxExpense": "12028000", "interestAndDebtExpense": "None", "netIncomeFromContinuingOperations": "48109000", "comprehensiveIncomeNetOfTax": "None", "ebit": "101843000", "ebitda": "123530000", "netIncome": "48109000"}, {"fiscalDateEnding": "2010-12-31", "reportedCurrency": "USD", "grossProfit": "348658000", "totalRevenue": "1149659000", "costOfRevenue": "801001000", "costofGoodsAndServicesSold": "801001000", "operatingIncome": "81611000", "sellingGeneralAndAdministrative": "267000000", "researchAndDevelopment": "0", "operatingExpenses": "267047000", "investmentIncomeNet": "None", "netInterestIncome": "None", "interestIncome": "None", "interestExpense": "260630000", "nonInterestIncome": "None", "otherNonOperatingIncome": "-4082000", "depreciation": "None", "depreciationAndAmortization": "23334000", "incomeBeforeTax": "26676000", "incomeTaxExpense": "-1380000", "interestAndDebtExpense": "None", "netIncomeFromContinuingOperations": "40965000", "comprehensiveIncomeNetOfTax": "None", "ebit": "81611000", "ebitda": "104945000", "netIncome": "28056000"}, {"fiscalDateEnding": "2010-09-30", "reportedCurrency": "USD", "grossProfit": "363875000", "totalRevenue": "1173362000", "costOfRevenue": "809487000", "costofGoodsAndServicesSold": "809487000", "operatingIncome": "114060000", "sellingGeneralAndAdministrative": "249800000", "researchAndDevelopment": "0", "operatingExpenses": "249815000", "investmentIncomeNet": "None", "netInterestIncome": "None", "interestIncome": "None", "interestExpense": "36326000", "nonInterestIncome": "None", "otherNonOperatingIncome": "-1094000", "depreciation": "None", "depreciationAndAmortization": "20549000", "incomeBeforeTax": "76640000", "incomeTaxExpense": "15328000", "interestAndDebtExpense": "None", "netIncomeFromContinuingOperations": "61312000", "comprehensiveIncomeNetOfTax": "None", "ebit": "114060000", "ebitda": "134609000", "netIncome": "61312000"}, {"fiscalDateEnding": "2010-06-30", "reportedCurrency": "USD", "grossProfit": "374806000", "totalRevenue": "1075852000", "costOfRevenue": "701046000", "costofGoodsAndServicesSold": "701046000", "operatingIncome": "122805000", "sellingGeneralAndAdministrative": "252000000", "researchAndDevelopment": "0", "operatingExpenses": "252001000", "investmentIncomeNet": "None", "netInterestIncome": "None", "interestIncome": "None", "interestExpense": "36573000", "nonInterestIncome": "None", "otherNonOperatingIncome": "-2628000", "depreciation": "None", "depreciationAndAmortization": "19893000", "incomeBeforeTax": "83604000", "incomeTaxExpense": "-1808000", "interestAndDebtExpense": "None", "netIncomeFromContinuingOperations": "85412000", "comprehensiveIncomeNetOfTax": "None", "ebit": "122805000", "ebitda": "142698000", "netIncome": "85412000"}, {"fiscalDateEnding": "2010-03-31", "reportedCurrency": "USD", "grossProfit": "327430000", "totalRevenue": "927840000", "costOfRevenue": "600410000", "costofGoodsAndServicesSold": "600410000", "operatingIncome": "85712000", "sellingGeneralAndAdministrative": "241700000", "researchAndDevelopment": "None", "operatingExpenses": "241718000", "investmentIncomeNet": "None", "netInterestIncome": "None", "interestIncome": "None", "interestExpense": "37495000", "nonInterestIncome": "None", "otherNonOperatingIncome": "None", "depreciation": "None", "depreciationAndAmortization": "22836000", "incomeBeforeTax": "46811000", "incomeTaxExpense": "10298000", "interestAndDebtExpense": "None", "netIncomeFromContinuingOperations": "None", "comprehensiveIncomeNetOfTax": "None", "ebit": "85712000", "ebitda": "108548000", "netIncome": "36513000"}, {"fiscalDateEnding": "2009-12-31", "reportedCurrency": "USD", "grossProfit": "323327000", "totalRevenue": "988739000", "costOfRevenue": "665412000", "costofGoodsAndServicesSold": "665412000", "operatingIncome": "77432000", "sellingGeneralAndAdministrative": "235800000", "researchAndDevelopment": "46305000", "operatingExpenses": "238326000", "investmentIncomeNet": "None", "netInterestIncome": "None", "interestIncome": "None", "interestExpense": "38731000", "nonInterestIncome": "None", "otherNonOperatingIncome": "None", "depreciation": "None", "depreciationAndAmortization": "29986000", "incomeBeforeTax": "-4063000", "incomeTaxExpense": "-2981000", "interestAndDebtExpense": "None", "netIncomeFromContinuingOperations": "0", "comprehensiveIncomeNetOfTax": "None", "ebit": "85001000", "ebitda": "114987000", "netIncome": "-1082000"}, {"fiscalDateEnding": "2009-09-30", "reportedCurrency": "USD", "grossProfit": "356680000", "totalRevenue": "1058673000", "costOfRevenue": "701993000", "costofGoodsAndServicesSold": "701993000", "operatingIncome": "93309000", "sellingGeneralAndAdministrative": "248100000", "researchAndDevelopment": "0", "operatingExpenses": "248267000", "investmentIncomeNet": "None", "netInterestIncome": "None", "interestIncome": "None", "interestExpense": "42941000", "nonInterestIncome": "None", "otherNonOperatingIncome": "None", "depreciation": "None", "depreciationAndAmortization": "21140000", "incomeBeforeTax": "47945000", "incomeTaxExpense": "6807000", "interestAndDebtExpense": "None", "netIncomeFromContinuingOperations": "0", "comprehensiveIncomeNetOfTax": "None", "ebit": "108413000", "ebitda": "129553000", "netIncome": "41138000"}, {"fiscalDateEnding": "2009-06-30", "reportedCurrency": "USD", "grossProfit": "327391000", "totalRevenue": "986022000", "costOfRevenue": "658631000", "costofGoodsAndServicesSold": "658631000", "operatingIncome": "84148000", "sellingGeneralAndAdministrative": "230500000", "researchAndDevelopment": "0", "operatingExpenses": "230699000", "investmentIncomeNet": "None", "netInterestIncome": "None", "interestIncome": "None", "interestExpense": "44807000", "nonInterestIncome": "None", "otherNonOperatingIncome": "None", "depreciation": "None", "depreciationAndAmortization": "21579000", "incomeBeforeTax": "39173000", "incomeTaxExpense": "8618000", "interestAndDebtExpense": "None", "netIncomeFromContinuingOperations": "0", "comprehensiveIncomeNetOfTax": "None", "ebit": "96692000", "ebitda": "118271000", "netIncome": "30555000"}, {"fiscalDateEnding": "2009-03-31", "reportedCurrency": "USD", "grossProfit": "257876000", "totalRevenue": "857841000", "costOfRevenue": "599965000", "costofGoodsAndServicesSold": "599965000", "operatingIncome": "15967000", "sellingGeneralAndAdministrative": "223100000", "researchAndDevelopment": "0", "operatingExpenses": "223238000", "investmentIncomeNet": "None", "netInterestIncome": "None", "interestIncome": "None", "interestExpense": "36800000", "nonInterestIncome": "None", "otherNonOperatingIncome": "None", "depreciation": "None", "depreciationAndAmortization": "24050000", "incomeBeforeTax": "-24779000", "incomeTaxExpense": "-5451000", "interestAndDebtExpense": "None", "netIncomeFromContinuingOperations": "0", "comprehensiveIncomeNetOfTax": "None", "ebit": "34638000", "ebitda": "58688000", "netIncome": "-19328000"}, {"fiscalDateEnding": "2008-12-31", "reportedCurrency": "USD", "grossProfit": "309646000", "totalRevenue": "1035117000", "costOfRevenue": "725471000", "costofGoodsAndServicesSold": "725471000", "operatingIncome": "1688000", "sellingGeneralAndAdministrative": "233300000", "researchAndDevelopment": "46460000", "operatingExpenses": "233340000", "investmentIncomeNet": "None", "netInterestIncome": "None", "interestIncome": "None", "interestExpense": "74343000", "nonInterestIncome": "None", "otherNonOperatingIncome": "None", "depreciation": "None", "depreciationAndAmortization": "43564000", "incomeBeforeTax": "19237000", "incomeTaxExpense": "1356000", "interestAndDebtExpense": "None", "netIncomeFromContinuingOperations": "0", "comprehensiveIncomeNetOfTax": "None", "ebit": "76306000", "ebitda": "119870000", "netIncome": "17881000"}, {"fiscalDateEnding": "2008-09-30", "reportedCurrency": "USD", "grossProfit": "341784000", "totalRevenue": "1153635000", "costOfRevenue": "811851000", "costofGoodsAndServicesSold": "811851000", "operatingIncome": "58201000", "sellingGeneralAndAdministrative": "255200000", "researchAndDevelopment": "0", "operatingExpenses": "255228000", "investmentIncomeNet": "None", "netInterestIncome": "None", "interestIncome": "None", "interestExpense": "93963000", "nonInterestIncome": "None", "otherNonOperatingIncome": "None", "depreciation": "None", "depreciationAndAmortization": "22653000", "incomeBeforeTax": "20948000", "incomeTaxExpense": "5028000", "interestAndDebtExpense": "None", "netIncomeFromContinuingOperations": "0", "comprehensiveIncomeNetOfTax": "None", "ebit": "86556000", "ebitda": "109209000", "netIncome": "15920000"}, {"fiscalDateEnding": "2008-06-30", "reportedCurrency": "USD", "grossProfit": "380956000", "totalRevenue": "1072171000", "costOfRevenue": "691215000", "costofGoodsAndServicesSold": "691215000", "operatingIncome": "113087000", "sellingGeneralAndAdministrative": "266400000", "researchAndDevelopment": "0", "operatingExpenses": "266427000", "investmentIncomeNet": "None", "netInterestIncome": "None", "interestIncome": "None", "interestExpense": "40519000", "nonInterestIncome": "None", "otherNonOperatingIncome": "None", "depreciation": "None", "depreciationAndAmortization": "28696000", "incomeBeforeTax": "75452000", "incomeTaxExpense": "18108000", "interestAndDebtExpense": "None", "netIncomeFromContinuingOperations": "0", "comprehensiveIncomeNetOfTax": "None", "ebit": "114529000", "ebitda": "143225000", "netIncome": "57344000"}, {"fiscalDateEnding": "2008-03-31", "reportedCurrency": "USD", "grossProfit": "344964000", "totalRevenue": "987847000", "costOfRevenue": "642883000", "costofGoodsAndServicesSold": "642883000", "operatingIncome": "87794000", "sellingGeneralAndAdministrative": "254600000", "researchAndDevelopment": "0", "operatingExpenses": "254612000", "investmentIncomeNet": "None", "netInterestIncome": "None", "interestIncome": "None", "interestExpense": "45510000", "nonInterestIncome": "None", "otherNonOperatingIncome": "None", "depreciation": "None", "depreciationAndAmortization": "26264000", "incomeBeforeTax": "47400000", "incomeTaxExpense": "11376000", "interestAndDebtExpense": "None", "netIncomeFromContinuingOperations": "0", "comprehensiveIncomeNetOfTax": "None", "ebit": "90352000", "ebitda": "116616000", "netIncome": "36024000"}, {"fiscalDateEnding": "2007-12-31", "reportedCurrency": "USD", "grossProfit": "359855000", "totalRevenue": "1159130000", "costOfRevenue": "799275000", "costofGoodsAndServicesSold": "799275000", "operatingIncome": "125864000", "sellingGeneralAndAdministrative": "266900000", "researchAndDevelopment": "45409000", "operatingExpenses": "234793000", "investmentIncomeNet": "None", "netInterestIncome": "None", "interestIncome": "None", "interestExpense": "20833000", "nonInterestIncome": "None", "otherNonOperatingIncome": "None", "depreciation": "None", "depreciationAndAmortization": "33293000", "incomeBeforeTax": "75078000", "incomeTaxExpense": "25285000", "interestAndDebtExpense": "None", "netIncomeFromContinuingOperations": "0", "comprehensiveIncomeNetOfTax": "None", "ebit": "125062000", "ebitda": "158355000", "netIncome": "49793000"}, {"fiscalDateEnding": "2007-09-30", "reportedCurrency": "USD", "grossProfit": "361019000", "totalRevenue": "1153606000", "costOfRevenue": "792587000", "costofGoodsAndServicesSold": "792587000", "operatingIncome": "105724000", "sellingGeneralAndAdministrative": "253200000", "researchAndDevelopment": "0", "operatingExpenses": "253233000", "investmentIncomeNet": "None", "netInterestIncome": "None", "interestIncome": "None", "interestExpense": "55172000", "nonInterestIncome": "None", "otherNonOperatingIncome": "None", "depreciation": "None", "depreciationAndAmortization": "35306000", "incomeBeforeTax": "55565000", "incomeTaxExpense": "16669000", "interestAndDebtExpense": "None", "netIncomeFromContinuingOperations": "0", "comprehensiveIncomeNetOfTax": "None", "ebit": "107786000", "ebitda": "143092000", "netIncome": "38896000"}, {"fiscalDateEnding": "2007-06-30", "reportedCurrency": "USD", "grossProfit": "380357000", "totalRevenue": "1121907000", "costOfRevenue": "741550000", "costofGoodsAndServicesSold": "741550000", "operatingIncome": "88115000", "sellingGeneralAndAdministrative": "266017000", "researchAndDevelopment": "0", "operatingExpenses": "266017000", "investmentIncomeNet": "None", "netInterestIncome": "None", "interestIncome": "None", "interestExpense": "104782000", "nonInterestIncome": "None", "otherNonOperatingIncome": "None", "depreciation": "None", "depreciationAndAmortization": "39757000", "incomeBeforeTax": "36334000", "incomeTaxExpense": "10900000", "interestAndDebtExpense": "None", "netIncomeFromContinuingOperations": "0", "comprehensiveIncomeNetOfTax": "None", "ebit": "114340000", "ebitda": "154097000", "netIncome": "25434000"}, {"fiscalDateEnding": "2007-03-31", "reportedCurrency": "USD", "grossProfit": "339679000", "totalRevenue": "1039894000", "costOfRevenue": "700215000", "costofGoodsAndServicesSold": "700215000", "operatingIncome": "68866000", "sellingGeneralAndAdministrative": "254567000", "researchAndDevelopment": "0", "operatingExpenses": "254567000", "investmentIncomeNet": "None", "netInterestIncome": "None", "interestIncome": "None", "interestExpense": "51717000", "nonInterestIncome": "None", "otherNonOperatingIncome": "None", "depreciation": "None", "depreciationAndAmortization": "29795000", "incomeBeforeTax": "17149000", "incomeTaxExpense": "5145000", "interestAndDebtExpense": "None", "netIncomeFromContinuingOperations": "0", "comprehensiveIncomeNetOfTax": "None", "ebit": "85112000", "ebitda": "114907000", "netIncome": "12004000"}, {"fiscalDateEnding": "2006-12-31", "reportedCurrency": "USD", "grossProfit": "354700000", "totalRevenue": "1131500000", "costOfRevenue": "776800000", "costofGoodsAndServicesSold": "776800000", "operatingIncome": "96200000", "sellingGeneralAndAdministrative": "285000000", "researchAndDevelopment": "None", "operatingExpenses": "258500000", "investmentIncomeNet": "None", "netInterestIncome": "None", "interestIncome": "None", "interestExpense": "53184000", "nonInterestIncome": "None", "otherNonOperatingIncome": "None", "depreciation": "None", "depreciationAndAmortization": "-16000000", "incomeBeforeTax": "35600000", "incomeTaxExpense": "11800000", "interestAndDebtExpense": "None", "netIncomeFromContinuingOperations": "None", "comprehensiveIncomeNetOfTax": "None", "ebit": "-17584000", "ebitda": "-33584000", "netIncome": "23800000"}, {"fiscalDateEnding": "2006-09-30", "reportedCurrency": "USD", "grossProfit": "365631000", "totalRevenue": "1118968000", "costOfRevenue": "753337000", "costofGoodsAndServicesSold": "753337000", "operatingIncome": "96238000", "sellingGeneralAndAdministrative": "262426000", "researchAndDevelopment": "None", "operatingExpenses": "262426000", "investmentIncomeNet": "None", "netInterestIncome": "None", "interestIncome": "None", "interestExpense": "36195000", "nonInterestIncome": "None", "otherNonOperatingIncome": "None", "depreciation": "None", "depreciationAndAmortization": "29095000", "incomeBeforeTax": "93138000", "incomeTaxExpense": "18546000", "interestAndDebtExpense": "None", "netIncomeFromContinuingOperations": "None", "comprehensiveIncomeNetOfTax": "None", "ebit": "97522000", "ebitda": "126617000", "netIncome": "50345000"}, {"fiscalDateEnding": "2006-06-30", "reportedCurrency": "USD", "grossProfit": "381500000", "totalRevenue": "1120100000", "costOfRevenue": "738700000", "costofGoodsAndServicesSold": "738700000", "operatingIncome": "79900000", "sellingGeneralAndAdministrative": "302600000", "researchAndDevelopment": "0", "operatingExpenses": "301500000", "investmentIncomeNet": "None", "netInterestIncome": "None", "interestIncome": "None", "interestExpense": "5800000", "nonInterestIncome": "None", "otherNonOperatingIncome": "None", "depreciation": "None", "depreciationAndAmortization": "31900000", "incomeBeforeTax": "74100000", "incomeTaxExpense": "14900000", "interestAndDebtExpense": "None", "netIncomeFromContinuingOperations": "0", "comprehensiveIncomeNetOfTax": "None", "ebit": "68400000", "ebitda": "100300000", "netIncome": "59300000"}, {"fiscalDateEnding": "2006-03-31", "reportedCurrency": "USD", "grossProfit": "340892000", "totalRevenue": "1032860000", "costOfRevenue": "691968000", "costofGoodsAndServicesSold": "691968000", "operatingIncome": "96238000", "sellingGeneralAndAdministrative": "243370000", "researchAndDevelopment": "0", "operatingExpenses": "243370000", "investmentIncomeNet": "None", "netInterestIncome": "None", "interestIncome": "None", "interestExpense": "5668000", "nonInterestIncome": "None", "otherNonOperatingIncome": "None", "depreciation": "None", "depreciationAndAmortization": "29095000", "incomeBeforeTax": "93138000", "incomeTaxExpense": "18546000", "interestAndDebtExpense": "None", "netIncomeFromContinuingOperations": "0", "comprehensiveIncomeNetOfTax": "None", "ebit": "97522000", "ebitda": "126617000", "netIncome": "74592000"}, {"fiscalDateEnding": "2005-12-31", "reportedCurrency": "USD", "grossProfit": "0", "totalRevenue": "1181878000", "costOfRevenue": "759310000", "costofGoodsAndServicesSold": "759310000", "operatingIncome": "153521000", "sellingGeneralAndAdministrative": "239939000", "researchAndDevelopment": "0", "operatingExpenses": "0", "investmentIncomeNet": "None", "netInterestIncome": "None", "interestIncome": "None", "interestExpense": "4329000", "nonInterestIncome": "None", "otherNonOperatingIncome": "None", "depreciation": "None", "depreciationAndAmortization": "None", "incomeBeforeTax": "149303000", "incomeTaxExpense": "43291000", "interestAndDebtExpense": "None", "netIncomeFromContinuingOperations": "0", "comprehensiveIncomeNetOfTax": "None", "ebit": "0", "ebitda": "None", "netIncome": "106012000"}, {"fiscalDateEnding": "2005-09-30", "reportedCurrency": "USD", "grossProfit": "369519000", "totalRevenue": "1137961000", "costOfRevenue": "768442000", "costofGoodsAndServicesSold": "768442000", "operatingIncome": "103820000", "sellingGeneralAndAdministrative": "265927000", "researchAndDevelopment": "0", "operatingExpenses": "265471000", "investmentIncomeNet": "None", "netInterestIncome": "None", "interestIncome": "None", "interestExpense": "4539000", "nonInterestIncome": "None", "otherNonOperatingIncome": "None", "depreciation": "None", "depreciationAndAmortization": "25347000", "incomeBeforeTax": "99737000", "incomeTaxExpense": "17133000", "interestAndDebtExpense": "None", "netIncomeFromContinuingOperations": "0", "comprehensiveIncomeNetOfTax": "None", "ebit": "104048000", "ebitda": "129395000", "netIncome": "82604000"}]}