{"symbol": "STZ", "annualReports": [{"fiscalDateEnding": "2025-02-28", "reportedCurrency": "USD", "grossProfit": "5201700000", "totalRevenue": "10207900000", "costOfRevenue": "5006200000", "costofGoodsAndServicesSold": "5006200000", "operatingIncome": "3619000000", "sellingGeneralAndAdministrative": "893000000", "researchAndDevelopment": "None", "operatingExpenses": "1582700000", "investmentIncomeNet": "None", "netInterestIncome": "-411400000", "interestIncome": "437700000", "interestExpense": "411400000", "nonInterestIncome": "None", "otherNonOperatingIncome": "None", "depreciation": "None", "depreciationAndAmortization": "447000000", "incomeBeforeTax": "-82800000", "incomeTaxExpense": "-51700000", "interestAndDebtExpense": "None", "netIncomeFromContinuingOperations": "-31100000", "comprehensiveIncomeNetOfTax": "None", "ebit": "335600000", "ebitda": "782600000", "netIncome": "-81400000"}, {"fiscalDateEnding": "2024-02-29", "reportedCurrency": "USD", "grossProfit": "4909500000", "totalRevenue": "9961900000", "costOfRevenue": "5052400000", "costofGoodsAndServicesSold": "5052400000", "operatingIncome": "3134000000", "sellingGeneralAndAdministrative": "979300000", "researchAndDevelopment": "None", "operatingExpenses": "1775500000", "investmentIncomeNet": "None", "netInterestIncome": "-435400000", "interestIncome": "947200000", "interestExpense": "433800000", "nonInterestIncome": "None", "otherNonOperatingIncome": "None", "depreciation": "None", "depreciationAndAmortization": "429200000", "incomeBeforeTax": "2221800000", "incomeTaxExpense": "456600000", "interestAndDebtExpense": "None", "netIncomeFromContinuingOperations": "1765200000", "comprehensiveIncomeNetOfTax": "None", "ebit": "2655600000", "ebitda": "3084800000", "netIncome": "1727400000"}, {"fiscalDateEnding": "2023-02-28", "reportedCurrency": "USD", "grossProfit": "4812400000", "totalRevenue": "9453900000", "costOfRevenue": "4641500000", "costofGoodsAndServicesSold": "4641500000", "operatingIncome": "2989400000", "sellingGeneralAndAdministrative": "942500000", "researchAndDevelopment": "None", "operatingExpenses": "1823000000", "investmentIncomeNet": "None", "netInterestIncome": "-398700000", "interestIncome": "2435100000", "interestExpense": "397800000", "nonInterestIncome": "None", "otherNonOperatingIncome": "None", "depreciation": "None", "depreciationAndAmortization": "387000000", "incomeBeforeTax": "383600000", "incomeTaxExpense": "422100000", "interestAndDebtExpense": "None", "netIncomeFromContinuingOperations": "-38500000", "comprehensiveIncomeNetOfTax": "None", "ebit": "781400000", "ebitda": "1168400000", "netIncome": "-71000000"}, {"fiscalDateEnding": "2022-02-28", "reportedCurrency": "USD", "grossProfit": "4599700000", "totalRevenue": "8821800000", "costOfRevenue": "4222100000", "costofGoodsAndServicesSold": "4222100000", "operatingIncome": "2904200000", "sellingGeneralAndAdministrative": "838700000", "researchAndDevelopment": "None", "operatingExpenses": "1695500000", "investmentIncomeNet": "None", "netInterestIncome": "-356400000", "interestIncome": "1991900000", "interestExpense": "352200000", "nonInterestIncome": "None", "otherNonOperatingIncome": "-1664900000", "depreciation": "None", "depreciationAndAmortization": "342400000", "incomeBeforeTax": "310400000", "incomeTaxExpense": "309400000", "interestAndDebtExpense": "None", "netIncomeFromContinuingOperations": "1000000", "comprehensiveIncomeNetOfTax": "None", "ebit": "662600000", "ebitda": "1005000000", "netIncome": "-40400000"}, {"fiscalDateEnding": "2021-02-28", "reportedCurrency": "USD", "grossProfit": "4470800000", "totalRevenue": "8613500000", "costOfRevenue": "4142700000", "costofGoodsAndServicesSold": "4142700000", "operatingIncome": "2858700000", "sellingGeneralAndAdministrative": "820700000", "researchAndDevelopment": "None", "operatingExpenses": "1612100000", "investmentIncomeNet": "None", "netInterestIncome": "-385700000", "interestIncome": "235400000", "interestExpense": "382800000", "nonInterestIncome": "None", "otherNonOperatingIncome": "137500000", "depreciation": "None", "depreciationAndAmortization": "299100000", "incomeBeforeTax": "2542900000", "incomeTaxExpense": "511100000", "interestAndDebtExpense": "None", "netIncomeFromContinuingOperations": "2031800000", "comprehensiveIncomeNetOfTax": "None", "ebit": "2925700000", "ebitda": "3224800000", "netIncome": "1998000000"}, {"fiscalDateEnding": "2020-02-29", "reportedCurrency": "USD", "grossProfit": "4322700000", "totalRevenue": "8343500000", "costOfRevenue": "4020800000", "costofGoodsAndServicesSold": "4020800000", "operatingIncome": "2769600000", "sellingGeneralAndAdministrative": "852300000", "researchAndDevelopment": "None", "operatingExpenses": "1553100000", "investmentIncomeNet": "None", "netInterestIncome": "-428700000", "interestIncome": "3097300000", "interestExpense": "428700000", "nonInterestIncome": "None", "otherNonOperatingIncome": "-2671000000", "depreciation": "None", "depreciationAndAmortization": "343200000", "incomeBeforeTax": "-945200000", "incomeTaxExpense": "-966600000", "interestAndDebtExpense": "None", "netIncomeFromContinuingOperations": "21400000", "comprehensiveIncomeNetOfTax": "None", "ebit": "-516499999", "ebitda": "-173299999", "netIncome": "-11800000"}, {"fiscalDateEnding": "2019-02-28", "reportedCurrency": "USD", "grossProfit": "4102399999", "totalRevenue": "8115600000", "costOfRevenue": "4013200000", "costofGoodsAndServicesSold": "4013200000", "operatingIncome": "2652900000", "sellingGeneralAndAdministrative": "967300000", "researchAndDevelopment": "None", "operatingExpenses": "1449500000", "investmentIncomeNet": "None", "netInterestIncome": "-367100000", "interestIncome": "1734500000", "interestExpense": "414100000", "nonInterestIncome": "None", "otherNonOperatingIncome": "2099900000", "depreciation": "None", "depreciationAndAmortization": "447100000", "incomeBeforeTax": "4145000000", "incomeTaxExpense": "685900000", "interestAndDebtExpense": "None", "netIncomeFromContinuingOperations": "3459100000", "comprehensiveIncomeNetOfTax": "None", "ebit": "4559100000", "ebitda": "5006200000", "netIncome": "3435900000"}, {"fiscalDateEnding": "2018-02-28", "reportedCurrency": "USD", "grossProfit": "3821600000", "totalRevenue": "7581700000", "costOfRevenue": "3760100000", "costofGoodsAndServicesSold": "3760100000", "operatingIncome": "2279800000", "sellingGeneralAndAdministrative": "917000000", "researchAndDevelopment": "0", "operatingExpenses": "1532700000", "investmentIncomeNet": "None", "netInterestIncome": "-332000000", "interestIncome": "155200000", "interestExpense": "336500000", "nonInterestIncome": "None", "otherNonOperatingIncome": "487200000", "depreciation": "None", "depreciationAndAmortization": "386500000", "incomeBeforeTax": "2342700000", "incomeTaxExpense": "22700000", "interestAndDebtExpense": "None", "netIncomeFromContinuingOperations": "2330800000", "comprehensiveIncomeNetOfTax": "None", "ebit": "2674500000", "ebitda": "3061000000", "netIncome": "2303400000"}, {"fiscalDateEnding": "2017-02-28", "reportedCurrency": "USD", "grossProfit": "3539200000", "totalRevenue": "7330400000", "costOfRevenue": "3791200000", "costofGoodsAndServicesSold": "3791200000", "operatingIncome": "2248600000", "sellingGeneralAndAdministrative": "839600000", "researchAndDevelopment": "0", "operatingExpenses": "1290600000", "investmentIncomeNet": "None", "netInterestIncome": "-333300000", "interestIncome": "306000000", "interestExpense": "331100000", "nonInterestIncome": "None", "otherNonOperatingIncome": "27300000", "depreciation": "None", "depreciationAndAmortization": "293900000", "incomeBeforeTax": "2093400000", "incomeTaxExpense": "554200000", "interestAndDebtExpense": "None", "netIncomeFromContinuingOperations": "1539200000", "comprehensiveIncomeNetOfTax": "None", "ebit": "2424500000", "ebitda": "2718400000", "netIncome": "1535100000"}, {"fiscalDateEnding": "2016-02-29", "reportedCurrency": "USD", "grossProfit": "3028900000", "totalRevenue": "6546300000", "costOfRevenue": "3517400000", "costofGoodsAndServicesSold": "3517400000", "operatingIncome": "1904600000", "sellingGeneralAndAdministrative": "708900000", "researchAndDevelopment": "0", "operatingExpenses": "1124300000", "investmentIncomeNet": "None", "netInterestIncome": "None", "interestIncome": "262800000", "interestExpense": "306500000", "nonInterestIncome": "None", "otherNonOperatingIncome": "50000000", "depreciation": "None", "depreciationAndAmortization": "221000000", "incomeBeforeTax": "1501200000", "incomeTaxExpense": "440600000", "interestAndDebtExpense": "None", "netIncomeFromContinuingOperations": "1060600000", "comprehensiveIncomeNetOfTax": "None", "ebit": "1807700000", "ebitda": "2028700000", "netIncome": "1054900000"}, {"fiscalDateEnding": "2015-02-28", "reportedCurrency": "USD", "grossProfit": "2629300000", "totalRevenue": "6026200000", "costOfRevenue": "3396900000", "costofGoodsAndServicesSold": "3396900000", "operatingIncome": "1576700000", "sellingGeneralAndAdministrative": "672300000", "researchAndDevelopment": "0", "operatingExpenses": "1052599999", "investmentIncomeNet": "None", "netInterestIncome": "None", "interestIncome": "None", "interestExpense": "330700000", "nonInterestIncome": "None", "otherNonOperatingIncome": "21500000", "depreciation": "None", "depreciationAndAmortization": "202000000", "incomeBeforeTax": "1179600000", "incomeTaxExpense": "343400000", "interestAndDebtExpense": "None", "netIncomeFromContinuingOperations": "836200000", "comprehensiveIncomeNetOfTax": "None", "ebit": "1510300000", "ebitda": "1712300000", "netIncome": "839300000"}, {"fiscalDateEnding": "2014-02-28", "reportedCurrency": "USD", "grossProfit": "2003400000", "totalRevenue": "4864200000", "costOfRevenue": "2860800000", "costofGoodsAndServicesSold": "2860800000", "operatingIncome": "1161200000", "sellingGeneralAndAdministrative": "616600000", "researchAndDevelopment": "0", "operatingExpenses": "842200000", "investmentIncomeNet": "None", "netInterestIncome": "None", "interestIncome": "None", "interestExpense": "338900000", "nonInterestIncome": "None", "otherNonOperatingIncome": "87800000", "depreciation": "None", "depreciationAndAmortization": "155300000", "incomeBeforeTax": "2202300000", "incomeTaxExpense": "259200000", "interestAndDebtExpense": "None", "netIncomeFromContinuingOperations": "1943100000", "comprehensiveIncomeNetOfTax": "None", "ebit": "2541200000", "ebitda": "2696500000", "netIncome": "1943100000"}, {"fiscalDateEnding": "2013-02-28", "reportedCurrency": "USD", "grossProfit": "1111200000", "totalRevenue": "2793700000", "costOfRevenue": "1682500000", "costofGoodsAndServicesSold": "1682500000", "operatingIncome": "555600000", "sellingGeneralAndAdministrative": "462800000", "researchAndDevelopment": "0", "operatingExpenses": "555600000", "investmentIncomeNet": "None", "netInterestIncome": "None", "interestIncome": "None", "interestExpense": "225400000", "nonInterestIncome": "None", "otherNonOperatingIncome": "233100000", "depreciation": "None", "depreciationAndAmortization": "115400000", "incomeBeforeTax": "516400000", "incomeTaxExpense": "128600000", "interestAndDebtExpense": "None", "netIncomeFromContinuingOperations": "387800000", "comprehensiveIncomeNetOfTax": "None", "ebit": "741800000", "ebitda": "857200000", "netIncome": "387800000"}, {"fiscalDateEnding": "2012-02-29", "reportedCurrency": "USD", "grossProfit": "1056000000", "totalRevenue": "2647900000", "costOfRevenue": "1591900000", "costofGoodsAndServicesSold": "1591900000", "operatingIncome": "531799999", "sellingGeneralAndAdministrative": "521500000", "researchAndDevelopment": "0", "operatingExpenses": "524200000", "investmentIncomeNet": "None", "netInterestIncome": "None", "interestIncome": "None", "interestExpense": "189300000", "nonInterestIncome": "None", "otherNonOperatingIncome": "None", "depreciation": "None", "depreciationAndAmortization": "110300000", "incomeBeforeTax": "534000000", "incomeTaxExpense": "89000000", "interestAndDebtExpense": "None", "netIncomeFromContinuingOperations": "None", "comprehensiveIncomeNetOfTax": "None", "ebit": "723300000", "ebitda": "833600000", "netIncome": "445000000"}, {"fiscalDateEnding": "2011-02-28", "reportedCurrency": "USD", "grossProfit": "1171700000", "totalRevenue": "3318400000", "costOfRevenue": "2146699999", "costofGoodsAndServicesSold": "2146699999", "operatingIncome": "506300000", "sellingGeneralAndAdministrative": "640900000", "researchAndDevelopment": "0", "operatingExpenses": "665400000", "investmentIncomeNet": "None", "netInterestIncome": "None", "interestIncome": "None", "interestExpense": "198800000", "nonInterestIncome": "None", "otherNonOperatingIncome": "243800000", "depreciation": "None", "depreciationAndAmortization": "133800000", "incomeBeforeTax": "551000000", "incomeTaxExpense": "-8500000", "interestAndDebtExpense": "None", "netIncomeFromContinuingOperations": "559500000", "comprehensiveIncomeNetOfTax": "None", "ebit": "749800000", "ebitda": "883600000", "netIncome": "559500000"}, {"fiscalDateEnding": "2010-02-28", "reportedCurrency": "USD", "grossProfit": "1161600000", "totalRevenue": "3346200000", "costOfRevenue": "2184600000", "costofGoodsAndServicesSold": "2184600000", "operatingIncome": "509000000", "sellingGeneralAndAdministrative": "682300000", "researchAndDevelopment": "None", "operatingExpenses": "652600000", "investmentIncomeNet": "None", "netInterestIncome": "None", "interestIncome": "None", "interestExpense": "247400000", "nonInterestIncome": "None", "otherNonOperatingIncome": "None", "depreciation": "None", "depreciationAndAmortization": "155900000", "incomeBeforeTax": "259300000", "incomeTaxExpense": "160000000", "interestAndDebtExpense": "None", "netIncomeFromContinuingOperations": "None", "comprehensiveIncomeNetOfTax": "None", "ebit": "506700000", "ebitda": "662600000", "netIncome": "99300000"}, {"fiscalDateEnding": "2009-02-28", "reportedCurrency": "USD", "grossProfit": "1294300000", "totalRevenue": "3655700000", "costOfRevenue": "2361400000", "costofGoodsAndServicesSold": "2361400000", "operatingIncome": "544800000", "sellingGeneralAndAdministrative": "830400000", "researchAndDevelopment": "None", "operatingExpenses": "749500000", "investmentIncomeNet": "None", "netInterestIncome": "None", "interestIncome": "None", "interestExpense": "324200000", "nonInterestIncome": "None", "otherNonOperatingIncome": "None", "depreciation": "None", "depreciationAndAmortization": "157000000", "incomeBeforeTax": "-106800000", "incomeTaxExpense": "194600000", "interestAndDebtExpense": "None", "netIncomeFromContinuingOperations": "None", "comprehensiveIncomeNetOfTax": "None", "ebit": "217400000", "ebitda": "374400000", "netIncome": "-301400000"}, {"fiscalDateEnding": "2008-02-29", "reportedCurrency": "USD", "grossProfit": "1297200000", "totalRevenue": "3773000000", "costOfRevenue": "2475800000", "costofGoodsAndServicesSold": "2475800000", "operatingIncome": "526299999", "sellingGeneralAndAdministrative": "807300000", "researchAndDevelopment": "None", "operatingExpenses": "770900000", "investmentIncomeNet": "None", "netInterestIncome": "None", "interestIncome": "None", "interestExpense": "340400000", "nonInterestIncome": "None", "otherNonOperatingIncome": "None", "depreciation": "None", "depreciationAndAmortization": "165900000", "incomeBeforeTax": "-440600000", "incomeTaxExpense": "172700000", "interestAndDebtExpense": "None", "netIncomeFromContinuingOperations": "None", "comprehensiveIncomeNetOfTax": "None", "ebit": "-100200001", "ebitda": "65699999", "netIncome": "-613300000"}, {"fiscalDateEnding": "2007-02-28", "reportedCurrency": "USD", "grossProfit": "1519100000", "totalRevenue": "5216400000", "costOfRevenue": "3697300000", "costofGoodsAndServicesSold": "3697300000", "operatingIncome": "779800000", "sellingGeneralAndAdministrative": "768800000", "researchAndDevelopment": "None", "operatingExpenses": "739300000", "investmentIncomeNet": "None", "netInterestIncome": "None", "interestIncome": "None", "interestExpense": "280000000", "nonInterestIncome": "None", "otherNonOperatingIncome": "None", "depreciation": "None", "depreciationAndAmortization": "139300000", "incomeBeforeTax": "535300000", "incomeTaxExpense": "203400000", "interestAndDebtExpense": "None", "netIncomeFromContinuingOperations": "None", "comprehensiveIncomeNetOfTax": "None", "ebit": "815300000", "ebitda": "954600000", "netIncome": "331900000"}, {"fiscalDateEnding": "2006-02-28", "reportedCurrency": "USD", "grossProfit": "1318389000", "totalRevenue": "4603448000", "costOfRevenue": "3285059000", "costofGoodsAndServicesSold": "3285059000", "operatingIncome": "712185000", "sellingGeneralAndAdministrative": "612404000", "researchAndDevelopment": "None", "operatingExpenses": "606204000", "investmentIncomeNet": "None", "netInterestIncome": "None", "interestIncome": "None", "interestExpense": "197482000", "nonInterestIncome": "None", "otherNonOperatingIncome": "None", "depreciation": "None", "depreciationAndAmortization": "128098000", "incomeBeforeTax": "477258000", "incomeTaxExpense": "151996000", "interestAndDebtExpense": "None", "netIncomeFromContinuingOperations": "None", "comprehensiveIncomeNetOfTax": "None", "ebit": "674740000", "ebitda": "802838000", "netIncome": "325262000"}], "quarterlyReports": [{"fiscalDateEnding": "2025-11-30", "reportedCurrency": "USD", "grossProfit": "1183200000", "totalRevenue": "2222800000", "costOfRevenue": "1039600000", "costofGoodsAndServicesSold": "1039600000", "operatingIncome": "692000000", "sellingGeneralAndAdministrative": "430400000", "researchAndDevelopment": "None", "operatingExpenses": "491200000", "investmentIncomeNet": "None", "netInterestIncome": "-82800000", "interestIncome": "59700000", "interestExpense": "86600000", "nonInterestIncome": "None", "otherNonOperatingIncome": "None", "depreciation": "None", "depreciationAndAmortization": "99000000", "incomeBeforeTax": "632300000", "incomeTaxExpense": "110100000", "interestAndDebtExpense": "None", "netIncomeFromContinuingOperations": "522200000", "comprehensiveIncomeNetOfTax": "None", "ebit": "718900000", "ebitda": "817900000", "netIncome": "502800000"}, {"fiscalDateEnding": "2025-08-31", "reportedCurrency": "USD", "grossProfit": "1310000000", "totalRevenue": "2481000000", "costOfRevenue": "1171000000", "costofGoodsAndServicesSold": "1171000000", "operatingIncome": "874000000", "sellingGeneralAndAdministrative": "436000000", "researchAndDevelopment": "None", "operatingExpenses": "436000000", "investmentIncomeNet": "None", "netInterestIncome": "-86600000", "interestIncome": "2400000", "interestExpense": "89000000", "nonInterestIncome": "None", "otherNonOperatingIncome": "None", "depreciation": "None", "depreciationAndAmortization": "102400000", "incomeBeforeTax": "782900000", "incomeTaxExpense": "296800000", "interestAndDebtExpense": "None", "netIncomeFromContinuingOperations": "486100000", "comprehensiveIncomeNetOfTax": "None", "ebit": "870500000", "ebitda": "972900000", "netIncome": "466000000"}, {"fiscalDateEnding": "2025-05-31", "reportedCurrency": "USD", "grossProfit": "1276700000", "totalRevenue": "2514700000", "costOfRevenue": "1238000000", "costofGoodsAndServicesSold": "1238000000", "operatingIncome": "798300000", "sellingGeneralAndAdministrative": "500700000", "researchAndDevelopment": "None", "operatingExpenses": "478400000", "investmentIncomeNet": "None", "netInterestIncome": "-98900000", "interestIncome": "1700000", "interestExpense": "100600000", "nonInterestIncome": "None", "otherNonOperatingIncome": "None", "depreciation": "None", "depreciationAndAmortization": "105500000", "incomeBeforeTax": "611400000", "incomeTaxExpense": "87600000", "interestAndDebtExpense": "None", "netIncomeFromContinuingOperations": "523800000", "comprehensiveIncomeNetOfTax": "None", "ebit": "712000000", "ebitda": "817500000", "netIncome": "516100000"}, {"fiscalDateEnding": "2025-02-28", "reportedCurrency": "USD", "grossProfit": "1105200000", "totalRevenue": "2164000000", "costOfRevenue": "1058800000", "costofGoodsAndServicesSold": "1058800000", "operatingIncome": "875800000", "sellingGeneralAndAdministrative": "453300000", "researchAndDevelopment": "None", "operatingExpenses": "229400000", "investmentIncomeNet": "None", "netInterestIncome": "-100200000", "interestIncome": "192300000", "interestExpense": "100200000", "nonInterestIncome": "None", "otherNonOperatingIncome": "None", "depreciation": "None", "depreciationAndAmortization": "106200000", "incomeBeforeTax": "-342600000", "incomeTaxExpense": "28000000", "interestAndDebtExpense": "None", "netIncomeFromContinuingOperations": "-370600000", "comprehensiveIncomeNetOfTax": "None", "ebit": "-242399999", "ebitda": "-136199999", "netIncome": "-375300000"}, {"fiscalDateEnding": "2024-11-30", "reportedCurrency": "USD", "grossProfit": "1257600000", "totalRevenue": "2463500000", "costOfRevenue": "1205900000", "costofGoodsAndServicesSold": "1205900000", "operatingIncome": "782600000", "sellingGeneralAndAdministrative": "491300000", "researchAndDevelopment": "None", "operatingExpenses": "475000000", "investmentIncomeNet": "None", "netInterestIncome": "-104400000", "interestIncome": "119400000", "interestExpense": "104400000", "nonInterestIncome": "None", "otherNonOperatingIncome": "None", "depreciation": "None", "depreciationAndAmortization": "119300000", "incomeBeforeTax": "673600000", "incomeTaxExpense": "44500000", "interestAndDebtExpense": "None", "netIncomeFromContinuingOperations": "629100000", "comprehensiveIncomeNetOfTax": "None", "ebit": "778000000", "ebitda": "897300000", "netIncome": "615900000"}, {"fiscalDateEnding": "2024-08-31", "reportedCurrency": "USD", "grossProfit": "1497400000", "totalRevenue": "2918700000", "costOfRevenue": "1421300000", "costofGoodsAndServicesSold": "1421300000", "operatingIncome": "1087500000", "sellingGeneralAndAdministrative": "491200000", "researchAndDevelopment": "None", "operatingExpenses": "409900000", "investmentIncomeNet": "None", "netInterestIncome": "-104000000", "interestIncome": "None", "interestExpense": "104000000", "nonInterestIncome": "None", "otherNonOperatingIncome": "None", "depreciation": "None", "depreciationAndAmortization": "109600000", "incomeBeforeTax": "-1334600000", "incomeTaxExpense": "-152200000", "interestAndDebtExpense": "None", "netIncomeFromContinuingOperations": "-1182400000", "comprehensiveIncomeNetOfTax": "None", "ebit": "-1230600000", "ebitda": "-1121000000", "netIncome": "-1199000000"}, {"fiscalDateEnding": "2024-05-31", "reportedCurrency": "USD", "grossProfit": "1341500000", "totalRevenue": "2661700000", "costOfRevenue": "1320200000", "costofGoodsAndServicesSold": "1320200000", "operatingIncome": "880100000", "sellingGeneralAndAdministrative": "462200000", "researchAndDevelopment": "None", "operatingExpenses": "461400000", "investmentIncomeNet": "None", "netInterestIncome": "-102800000", "interestIncome": "2000000", "interestExpense": "102600000", "nonInterestIncome": "None", "otherNonOperatingIncome": "None", "depreciation": "None", "depreciationAndAmortization": "111900000", "incomeBeforeTax": "920800000", "incomeTaxExpense": "28000000", "interestAndDebtExpense": "None", "netIncomeFromContinuingOperations": "892800000", "comprehensiveIncomeNetOfTax": "None", "ebit": "1023400000", "ebitda": "1135300000", "netIncome": "877000000"}, {"fiscalDateEnding": "2024-02-29", "reportedCurrency": "USD", "grossProfit": "1012900000", "totalRevenue": "2139100000", "costOfRevenue": "1126200000", "costofGoodsAndServicesSold": "1126200000", "operatingIncome": "630900000", "sellingGeneralAndAdministrative": "419800000", "researchAndDevelopment": "None", "operatingExpenses": "382000000", "investmentIncomeNet": "None", "netInterestIncome": "-102400000", "interestIncome": "None", "interestExpense": "102400000", "nonInterestIncome": "None", "otherNonOperatingIncome": "None", "depreciation": "None", "depreciationAndAmortization": "106400000", "incomeBeforeTax": "492600000", "incomeTaxExpense": "88200000", "interestAndDebtExpense": "None", "netIncomeFromContinuingOperations": "404400000", "comprehensiveIncomeNetOfTax": "None", "ebit": "595000000", "ebitda": "701400000", "netIncome": "392400000"}, {"fiscalDateEnding": "2023-11-30", "reportedCurrency": "USD", "grossProfit": "1293900000", "totalRevenue": "2470900000", "costOfRevenue": "1177000000", "costofGoodsAndServicesSold": "1177000000", "operatingIncome": "840700000", "sellingGeneralAndAdministrative": "473700000", "researchAndDevelopment": "None", "operatingExpenses": "453200000", "investmentIncomeNet": "None", "netInterestIncome": "-104200000", "interestIncome": "None", "interestExpense": "104100000", "nonInterestIncome": "None", "otherNonOperatingIncome": "None", "depreciation": "None", "depreciationAndAmortization": "108400000", "incomeBeforeTax": "650900000", "incomeTaxExpense": "130000000", "interestAndDebtExpense": "None", "netIncomeFromContinuingOperations": "520900000", "comprehensiveIncomeNetOfTax": "None", "ebit": "755000000", "ebitda": "863400000", "netIncome": "509100000"}, {"fiscalDateEnding": "2023-08-31", "reportedCurrency": "USD", "grossProfit": "1425200000", "totalRevenue": "2836800000", "costOfRevenue": "1411600000", "costofGoodsAndServicesSold": "1411600000", "operatingIncome": "972600000", "sellingGeneralAndAdministrative": "452600000", "researchAndDevelopment": "None", "operatingExpenses": "452600000", "investmentIncomeNet": "None", "netInterestIncome": "-110600000", "interestIncome": "130800000", "interestExpense": "110600000", "nonInterestIncome": "None", "otherNonOperatingIncome": "None", "depreciation": "None", "depreciationAndAmortization": "108000000", "incomeBeforeTax": "847900000", "incomeTaxExpense": "147200000", "interestAndDebtExpense": "None", "netIncomeFromContinuingOperations": "700700000", "comprehensiveIncomeNetOfTax": "None", "ebit": "958500000", "ebitda": "1066500000", "netIncome": "690000000"}, {"fiscalDateEnding": "2023-05-31", "reportedCurrency": "USD", "grossProfit": "1266700000", "totalRevenue": "2514900000", "costOfRevenue": "1248200000", "costofGoodsAndServicesSold": "1248200000", "operatingIncome": "788800000", "sellingGeneralAndAdministrative": "465200000", "researchAndDevelopment": "None", "operatingExpenses": "477900000", "investmentIncomeNet": "None", "netInterestIncome": "-118200000", "interestIncome": "533600000", "interestExpense": "118000000", "nonInterestIncome": "None", "otherNonOperatingIncome": "None", "depreciation": "None", "depreciationAndAmortization": "105700000", "incomeBeforeTax": "230400000", "incomeTaxExpense": "91200000", "interestAndDebtExpense": "None", "netIncomeFromContinuingOperations": "139200000", "comprehensiveIncomeNetOfTax": "None", "ebit": "348400000", "ebitda": "454100000", "netIncome": "135900000"}, {"fiscalDateEnding": "2023-02-28", "reportedCurrency": "USD", "grossProfit": "992600000", "totalRevenue": "1997700000", "costOfRevenue": "1005100000", "costofGoodsAndServicesSold": "1005100000", "operatingIncome": "587700000", "sellingGeneralAndAdministrative": "366300000", "researchAndDevelopment": "None", "operatingExpenses": "404900000", "investmentIncomeNet": "None", "netInterestIncome": "-117200000", "interestIncome": "209400000", "interestExpense": "117100000", "nonInterestIncome": "None", "otherNonOperatingIncome": "None", "depreciation": "None", "depreciationAndAmortization": "105800000", "incomeBeforeTax": "256400000", "incomeTaxExpense": "33200000", "interestAndDebtExpense": "None", "netIncomeFromContinuingOperations": "223200000", "comprehensiveIncomeNetOfTax": "None", "ebit": "373500000", "ebitda": "479300000", "netIncome": "223000000"}, {"fiscalDateEnding": "2022-11-30", "reportedCurrency": "USD", "grossProfit": "1238100000", "totalRevenue": "2436700000", "costOfRevenue": "1198600000", "costofGoodsAndServicesSold": "1198600000", "operatingIncome": "771400000", "sellingGeneralAndAdministrative": "480200000", "researchAndDevelopment": "None", "operatingExpenses": "466700000", "investmentIncomeNet": "None", "netInterestIncome": "-98700000", "interestIncome": "135900000", "interestExpense": "98500000", "nonInterestIncome": "None", "otherNonOperatingIncome": "-37200000", "depreciation": "None", "depreciationAndAmortization": "95800000", "incomeBeforeTax": "610800000", "incomeTaxExpense": "131100000", "interestAndDebtExpense": "None", "netIncomeFromContinuingOperations": "479700000", "comprehensiveIncomeNetOfTax": "None", "ebit": "709300000", "ebitda": "805100000", "netIncome": "467700000"}, {"fiscalDateEnding": "2022-08-31", "reportedCurrency": "USD", "grossProfit": "1362400000", "totalRevenue": "2655700000", "costOfRevenue": "1293300000", "costofGoodsAndServicesSold": "1293300000", "operatingIncome": "860100000", "sellingGeneralAndAdministrative": "512800000", "researchAndDevelopment": "None", "operatingExpenses": "502300000", "investmentIncomeNet": "None", "netInterestIncome": "-94300000", "interestIncome": "1813400000", "interestExpense": "94200000", "nonInterestIncome": "None", "otherNonOperatingIncome": "-1727100000", "depreciation": "None", "depreciationAndAmortization": "91700000", "incomeBeforeTax": "-1008300000", "incomeTaxExpense": "132400000", "interestAndDebtExpense": "None", "netIncomeFromContinuingOperations": "-1140700000", "comprehensiveIncomeNetOfTax": "None", "ebit": "-914100000", "ebitda": "-822400000", "netIncome": "-1151200000"}, {"fiscalDateEnding": "2022-05-31", "reportedCurrency": "USD", "grossProfit": "1293000000", "totalRevenue": "2363800000", "costOfRevenue": "1070800000", "costofGoodsAndServicesSold": "1070800000", "operatingIncome": "849800000", "sellingGeneralAndAdministrative": "438600000", "researchAndDevelopment": "None", "operatingExpenses": "443200000", "investmentIncomeNet": "None", "netInterestIncome": "-88500000", "interestIncome": "276400000", "interestExpense": "88000000", "nonInterestIncome": "None", "otherNonOperatingIncome": "None", "depreciation": "None", "depreciationAndAmortization": "93700000", "incomeBeforeTax": "524700000", "incomeTaxExpense": "125400000", "interestAndDebtExpense": "None", "netIncomeFromContinuingOperations": "399300000", "comprehensiveIncomeNetOfTax": "None", "ebit": "612700000", "ebitda": "706400000", "netIncome": "389500000"}, {"fiscalDateEnding": "2022-02-28", "reportedCurrency": "USD", "grossProfit": "1075300000", "totalRevenue": "2102800000", "costOfRevenue": "1027500000", "costofGoodsAndServicesSold": "1027500000", "operatingIncome": "627800000", "sellingGeneralAndAdministrative": "371500000", "researchAndDevelopment": "None", "operatingExpenses": "447500000", "investmentIncomeNet": "None", "netInterestIncome": "-85900000", "interestIncome": "179600000", "interestExpense": "83500000", "nonInterestIncome": "None", "otherNonOperatingIncome": "-93700000", "depreciation": "None", "depreciationAndAmortization": "90000000", "incomeBeforeTax": "497900000", "incomeTaxExpense": "92300000", "interestAndDebtExpense": "None", "netIncomeFromContinuingOperations": "405600000", "comprehensiveIncomeNetOfTax": "None", "ebit": "581400000", "ebitda": "671400000", "netIncome": "395400000"}, {"fiscalDateEnding": "2021-11-30", "reportedCurrency": "USD", "grossProfit": "1229800000", "totalRevenue": "2321000000", "costOfRevenue": "1091200000", "costofGoodsAndServicesSold": "1091200000", "operatingIncome": "847300000", "sellingGeneralAndAdministrative": "385800000", "researchAndDevelopment": "None", "operatingExpenses": "382500000", "investmentIncomeNet": "None", "netInterestIncome": "-88000000", "interestIncome": "259800000", "interestExpense": "87700000", "nonInterestIncome": "None", "otherNonOperatingIncome": "-171800000", "depreciation": "None", "depreciationAndAmortization": "87800000", "incomeBeforeTax": "580100000", "incomeTaxExpense": "99300000", "interestAndDebtExpense": "None", "netIncomeFromContinuingOperations": "480800000", "comprehensiveIncomeNetOfTax": "None", "ebit": "667800000", "ebitda": "755600000", "netIncome": "470800000"}, {"fiscalDateEnding": "2021-08-31", "reportedCurrency": "USD", "grossProfit": "1219800000", "totalRevenue": "2371300000", "costOfRevenue": "1151500000", "costofGoodsAndServicesSold": "1151500000", "operatingIncome": "717800000", "sellingGeneralAndAdministrative": "490500000", "researchAndDevelopment": "None", "operatingExpenses": "502000000", "investmentIncomeNet": "None", "netInterestIncome": "-95800000", "interestIncome": "566600000", "interestExpense": "95800000", "nonInterestIncome": "None", "otherNonOperatingIncome": "-500200000", "depreciation": "None", "depreciationAndAmortization": "87400000", "incomeBeforeTax": "143200000", "incomeTaxExpense": "131300000", "interestAndDebtExpense": "None", "netIncomeFromContinuingOperations": "11900000", "comprehensiveIncomeNetOfTax": "None", "ebit": "239000000", "ebitda": "326400000", "netIncome": "1500000"}, {"fiscalDateEnding": "2021-05-31", "reportedCurrency": "USD", "grossProfit": "1078500000", "totalRevenue": "2026700000", "costOfRevenue": "948200000", "costofGoodsAndServicesSold": "948200000", "operatingIncome": "678200000", "sellingGeneralAndAdministrative": "378300000", "researchAndDevelopment": "None", "operatingExpenses": "400300000", "investmentIncomeNet": "None", "netInterestIncome": "-86700000", "interestIncome": "985900000", "interestExpense": "86700000", "nonInterestIncome": "None", "otherNonOperatingIncome": "-899200000", "depreciation": "None", "depreciationAndAmortization": "77200000", "incomeBeforeTax": "-910800000", "incomeTaxExpense": "-13500000", "interestAndDebtExpense": "None", "netIncomeFromContinuingOperations": "-897300000", "comprehensiveIncomeNetOfTax": "None", "ebit": "-824100000", "ebitda": "-746900000", "netIncome": "-908100000"}, {"fiscalDateEnding": "2021-02-28", "reportedCurrency": "USD", "grossProfit": "965200000", "totalRevenue": "1952700000", "costOfRevenue": "987500000", "costofGoodsAndServicesSold": "987500000", "operatingIncome": "511600000", "sellingGeneralAndAdministrative": "348900000", "researchAndDevelopment": "None", "operatingExpenses": "453600000", "investmentIncomeNet": "None", "netInterestIncome": "-89800000", "interestIncome": "70000000", "interestExpense": "88000000", "nonInterestIncome": "None", "otherNonOperatingIncome": "15800000", "depreciation": "None", "depreciationAndAmortization": "75900000", "incomeBeforeTax": "485300000", "incomeTaxExpense": "94700000", "interestAndDebtExpense": "None", "netIncomeFromContinuingOperations": "390600000", "comprehensiveIncomeNetOfTax": "None", "ebit": "573300000", "ebitda": "649200000", "netIncome": "382900000"}, {"fiscalDateEnding": "2020-11-30", "reportedCurrency": "USD", "grossProfit": "1272000000", "totalRevenue": "2437900000", "costOfRevenue": "1165900000", "costofGoodsAndServicesSold": "1165900000", "operatingIncome": "825600000", "sellingGeneralAndAdministrative": "463000000", "researchAndDevelopment": "None", "operatingExpenses": "446400000", "investmentIncomeNet": "None", "netInterestIncome": "-95700000", "interestIncome": "686700000", "interestExpense": "95700000", "nonInterestIncome": "None", "otherNonOperatingIncome": "781200000", "depreciation": "None", "depreciationAndAmortization": "77800000", "incomeBeforeTax": "1468600000", "incomeTaxExpense": "176600000", "interestAndDebtExpense": "None", "netIncomeFromContinuingOperations": "1292000000", "comprehensiveIncomeNetOfTax": "None", "ebit": "1564300000", "ebitda": "1642100000", "netIncome": "1280900000"}, {"fiscalDateEnding": "2020-08-31", "reportedCurrency": "USD", "grossProfit": "1231600000", "totalRevenue": "2259900000", "costOfRevenue": "1028300000", "costofGoodsAndServicesSold": "1028300000", "operatingIncome": "870500000", "sellingGeneralAndAdministrative": "399100000", "researchAndDevelopment": "None", "operatingExpenses": "361100000", "investmentIncomeNet": "None", "netInterestIncome": "-100200000", "interestIncome": "180900000", "interestExpense": "99500000", "nonInterestIncome": "None", "otherNonOperatingIncome": "-81300000", "depreciation": "None", "depreciationAndAmortization": "73000000", "incomeBeforeTax": "657200000", "incomeTaxExpense": "135400000", "interestAndDebtExpense": "None", "netIncomeFromContinuingOperations": "521800000", "comprehensiveIncomeNetOfTax": "None", "ebit": "756700000", "ebitda": "829700000", "netIncome": "512100000"}, {"fiscalDateEnding": "2020-05-31", "reportedCurrency": "USD", "grossProfit": "1079400000", "totalRevenue": "1963000000", "costOfRevenue": "883600000", "costofGoodsAndServicesSold": "883600000", "operatingIncome": "753700000", "sellingGeneralAndAdministrative": "353300000", "researchAndDevelopment": "None", "operatingExpenses": "325700000", "investmentIncomeNet": "None", "netInterestIncome": "-100000000", "interestIncome": "671200000", "interestExpense": "99600000", "nonInterestIncome": "None", "otherNonOperatingIncome": "-578200000", "depreciation": "None", "depreciationAndAmortization": "72400000", "incomeBeforeTax": "-68200000", "incomeTaxExpense": "104400000", "interestAndDebtExpense": "None", "netIncomeFromContinuingOperations": "-172600000", "comprehensiveIncomeNetOfTax": "None", "ebit": "31399999", "ebitda": "103799999", "netIncome": "-177900000"}, {"fiscalDateEnding": "2020-02-29", "reportedCurrency": "USD", "grossProfit": "930100000", "totalRevenue": "1902900000", "costOfRevenue": "972800000", "costofGoodsAndServicesSold": "972800000", "operatingIncome": "569900000", "sellingGeneralAndAdministrative": "417200000", "researchAndDevelopment": "None", "operatingExpenses": "360200000", "investmentIncomeNet": "None", "netInterestIncome": "-99400000", "interestIncome": "56200000", "interestExpense": "99400000", "nonInterestIncome": "None", "otherNonOperatingIncome": "43200000", "depreciation": "None", "depreciationAndAmortization": "90000000", "incomeBeforeTax": "488900000", "incomeTaxExpense": "79900000", "interestAndDebtExpense": "None", "netIncomeFromContinuingOperations": "409000000", "comprehensiveIncomeNetOfTax": "None", "ebit": "588300000", "ebitda": "678300000", "netIncome": "398400000"}, {"fiscalDateEnding": "2019-11-30", "reportedCurrency": "USD", "grossProfit": "1059500000", "totalRevenue": "1999400000", "costOfRevenue": "939900000", "costofGoodsAndServicesSold": "939900000", "operatingIncome": "658000000", "sellingGeneralAndAdministrative": "406300000", "researchAndDevelopment": "None", "operatingExpenses": "401500000", "investmentIncomeNet": "None", "netInterestIncome": "-103100000", "interestIncome": "559600000", "interestExpense": "107700000", "nonInterestIncome": "None", "otherNonOperatingIncome": "-456500000", "depreciation": "None", "depreciationAndAmortization": "81200000", "incomeBeforeTax": "-292400000", "incomeTaxExpense": "-658900000", "interestAndDebtExpense": "None", "netIncomeFromContinuingOperations": "366500000", "comprehensiveIncomeNetOfTax": "None", "ebit": "-184700000", "ebitda": "-103500000", "netIncome": "360400000"}, {"fiscalDateEnding": "2019-08-31", "reportedCurrency": "USD", "grossProfit": "1235900000", "totalRevenue": "2344000000", "costOfRevenue": "1108100000", "costofGoodsAndServicesSold": "1108100000", "operatingIncome": "854800000", "sellingGeneralAndAdministrative": "466400000", "researchAndDevelopment": "None", "operatingExpenses": "381100000", "investmentIncomeNet": "None", "netInterestIncome": "-111600000", "interestIncome": "1436300000", "interestExpense": "116500000", "nonInterestIncome": "None", "otherNonOperatingIncome": "-1327100000", "depreciation": "None", "depreciationAndAmortization": "83900000", "incomeBeforeTax": "-719200000", "incomeTaxExpense": "-202200000", "interestAndDebtExpense": "None", "netIncomeFromContinuingOperations": "-517000000", "comprehensiveIncomeNetOfTax": "None", "ebit": "-602700000", "ebitda": "-518800000", "netIncome": "-525200000"}, {"fiscalDateEnding": "2019-05-31", "reportedCurrency": "USD", "grossProfit": "1135200000", "totalRevenue": "2097199999", "costOfRevenue": "962000000", "costofGoodsAndServicesSold": "962000000", "operatingIncome": "751900000", "sellingGeneralAndAdministrative": "406000000", "researchAndDevelopment": "None", "operatingExpenses": "383300000", "investmentIncomeNet": "None", "netInterestIncome": "-114600000", "interestIncome": "1045200000", "interestExpense": "118900000", "nonInterestIncome": "None", "otherNonOperatingIncome": "-930600000", "depreciation": "None", "depreciationAndAmortization": "88100000", "incomeBeforeTax": "-422500000", "incomeTaxExpense": "-185400000", "interestAndDebtExpense": "None", "netIncomeFromContinuingOperations": "-237100000", "comprehensiveIncomeNetOfTax": "None", "ebit": "-303600000", "ebitda": "-215500000", "netIncome": "-245400000"}, {"fiscalDateEnding": "2019-02-28", "reportedCurrency": "USD", "grossProfit": "898400000", "totalRevenue": "1796900000", "costOfRevenue": "898500000", "costofGoodsAndServicesSold": "898500000", "operatingIncome": "588600000", "sellingGeneralAndAdministrative": "272600000", "researchAndDevelopment": "0", "operatingExpenses": "309800000", "investmentIncomeNet": "None", "netInterestIncome": "-118500000", "interestIncome": "None", "interestExpense": "122600000", "nonInterestIncome": "None", "otherNonOperatingIncome": "1183400000", "depreciation": "None", "depreciationAndAmortization": "192500000", "incomeBeforeTax": "1530200000", "incomeTaxExpense": "280800000", "interestAndDebtExpense": "None", "netIncomeFromContinuingOperations": "1249400000", "comprehensiveIncomeNetOfTax": "None", "ebit": "1652800000", "ebitda": "1845300000", "netIncome": "1239500000"}, {"fiscalDateEnding": "2018-11-30", "reportedCurrency": "USD", "grossProfit": "990100000", "totalRevenue": "1972600000", "costOfRevenue": "982500000", "costofGoodsAndServicesSold": "982500000", "operatingIncome": "640500000", "sellingGeneralAndAdministrative": "413500000", "researchAndDevelopment": "0", "operatingExpenses": "349600000", "investmentIncomeNet": "None", "netInterestIncome": "None", "interestIncome": "None", "interestExpense": "109500000", "nonInterestIncome": "None", "otherNonOperatingIncome": "-136300000", "depreciation": "None", "depreciationAndAmortization": "82800000", "incomeBeforeTax": "347400000", "incomeTaxExpense": "35300000", "interestAndDebtExpense": "None", "netIncomeFromContinuingOperations": "312100000", "comprehensiveIncomeNetOfTax": "None", "ebit": "456900000", "ebitda": "539700000", "netIncome": "303100000"}, {"fiscalDateEnding": "2018-08-31", "reportedCurrency": "USD", "grossProfit": "1179400000", "totalRevenue": "2299100000", "costOfRevenue": "1119700000", "costofGoodsAndServicesSold": "1119700000", "operatingIncome": "806300000", "sellingGeneralAndAdministrative": "403200000", "researchAndDevelopment": "0", "operatingExpenses": "373100000", "investmentIncomeNet": "None", "netInterestIncome": "None", "interestIncome": "None", "interestExpense": "93800000", "nonInterestIncome": "None", "otherNonOperatingIncome": "688400000", "depreciation": "None", "depreciationAndAmortization": "86100000", "incomeBeforeTax": "1365400000", "incomeTaxExpense": "214100000", "interestAndDebtExpense": "None", "netIncomeFromContinuingOperations": "1151300000", "comprehensiveIncomeNetOfTax": "None", "ebit": "1459200000", "ebitda": "1545300000", "netIncome": "1149500000"}, {"fiscalDateEnding": "2018-05-31", "reportedCurrency": "USD", "grossProfit": "1033800000", "totalRevenue": "2047000000", "costOfRevenue": "1013200000", "costofGoodsAndServicesSold": "1013200000", "operatingIncome": "616800000", "sellingGeneralAndAdministrative": "423200000", "researchAndDevelopment": "0", "operatingExpenses": "417000000", "investmentIncomeNet": "None", "netInterestIncome": "None", "interestIncome": "None", "interestExpense": "88200000", "nonInterestIncome": "None", "otherNonOperatingIncome": "364400000", "depreciation": "None", "depreciationAndAmortization": "85700000", "incomeBeforeTax": "902000000", "incomeTaxExpense": "155700000", "interestAndDebtExpense": "None", "netIncomeFromContinuingOperations": "746300000", "comprehensiveIncomeNetOfTax": "None", "ebit": "990200000", "ebitda": "1075900000", "netIncome": "743800000"}, {"fiscalDateEnding": "2018-02-28", "reportedCurrency": "USD", "grossProfit": "846200000", "totalRevenue": "1763100000", "costOfRevenue": "916900000", "costofGoodsAndServicesSold": "916900000", "operatingIncome": "520000000", "sellingGeneralAndAdministrative": "282300000", "researchAndDevelopment": "0", "operatingExpenses": "326200000", "investmentIncomeNet": "None", "netInterestIncome": "None", "interestIncome": "None", "interestExpense": "89700000", "nonInterestIncome": "None", "otherNonOperatingIncome": "256600000", "depreciation": "None", "depreciationAndAmortization": "167700000", "incomeBeforeTax": "584500000", "incomeTaxExpense": "-329300000", "interestAndDebtExpense": "None", "netIncomeFromContinuingOperations": "928800000", "comprehensiveIncomeNetOfTax": "None", "ebit": "674200000", "ebitda": "841900000", "netIncome": "910500000"}, {"fiscalDateEnding": "2017-11-30", "reportedCurrency": "USD", "grossProfit": "912200000", "totalRevenue": "1802300000", "costOfRevenue": "890100000", "costofGoodsAndServicesSold": "890100000", "operatingIncome": "489600000", "sellingGeneralAndAdministrative": "420700000", "researchAndDevelopment": "0", "operatingExpenses": "420700000", "investmentIncomeNet": "None", "netInterestIncome": "None", "interestIncome": "None", "interestExpense": "83000000", "nonInterestIncome": "None", "otherNonOperatingIncome": "238800000", "depreciation": "None", "depreciationAndAmortization": "75000000", "incomeBeforeTax": "644200000", "incomeTaxExpense": "150600000", "interestAndDebtExpense": "None", "netIncomeFromContinuingOperations": "494700000", "comprehensiveIncomeNetOfTax": "None", "ebit": "730000000", "ebitda": "805000000", "netIncome": "492800000"}, {"fiscalDateEnding": "2017-08-31", "reportedCurrency": "USD", "grossProfit": "1064800000", "totalRevenue": "2088100000", "costOfRevenue": "1023300000", "costofGoodsAndServicesSold": "1023300000", "operatingIncome": "717300000", "sellingGeneralAndAdministrative": "351400000", "researchAndDevelopment": "0", "operatingExpenses": "353800000", "investmentIncomeNet": "None", "netInterestIncome": "None", "interestIncome": "None", "interestExpense": "81400000", "nonInterestIncome": "None", "otherNonOperatingIncome": "-1900000", "depreciation": "None", "depreciationAndAmortization": "72300000", "incomeBeforeTax": "634100000", "incomeTaxExpense": "130000000", "interestAndDebtExpense": "None", "netIncomeFromContinuingOperations": "502000000", "comprehensiveIncomeNetOfTax": "None", "ebit": "715500000", "ebitda": "787800000", "netIncome": "501600000"}, {"fiscalDateEnding": "2017-05-31", "reportedCurrency": "USD", "grossProfit": "993600000", "totalRevenue": "1928200000", "costOfRevenue": "934600000", "costofGoodsAndServicesSold": "934600000", "operatingIncome": "561100000", "sellingGeneralAndAdministrative": "427200000", "researchAndDevelopment": "0", "operatingExpenses": "434200000", "investmentIncomeNet": "None", "netInterestIncome": "None", "interestIncome": "None", "interestExpense": "82400000", "nonInterestIncome": "None", "otherNonOperatingIncome": "-6300000", "depreciation": "None", "depreciationAndAmortization": "158300000", "incomeBeforeTax": "472400000", "incomeTaxExpense": "71400000", "interestAndDebtExpense": "None", "netIncomeFromContinuingOperations": "405300000", "comprehensiveIncomeNetOfTax": "None", "ebit": "554800000", "ebitda": "713100000", "netIncome": "398500000"}, {"fiscalDateEnding": "2017-02-28", "reportedCurrency": "USD", "grossProfit": "795700000", "totalRevenue": "1627400000", "costOfRevenue": "831700000", "costofGoodsAndServicesSold": "831700000", "operatingIncome": "447400000", "sellingGeneralAndAdministrative": "204500000", "researchAndDevelopment": "0", "operatingExpenses": "348300000", "investmentIncomeNet": "None", "netInterestIncome": "None", "interestIncome": "None", "interestExpense": "77500000", "nonInterestIncome": "None", "otherNonOperatingIncome": "-900000", "depreciation": "None", "depreciationAndAmortization": "110200000", "incomeBeforeTax": "623900000", "incomeTaxExpense": "162000000", "interestAndDebtExpense": "None", "netIncomeFromContinuingOperations": "461900000", "comprehensiveIncomeNetOfTax": "None", "ebit": "701400000", "ebitda": "811600000", "netIncome": "452000000"}, {"fiscalDateEnding": "2016-11-30", "reportedCurrency": "USD", "grossProfit": "891800000", "totalRevenue": "1810200000", "costOfRevenue": "918400000", "costofGoodsAndServicesSold": "918400000", "operatingIncome": "545100000", "sellingGeneralAndAdministrative": "357400000", "researchAndDevelopment": "0", "operatingExpenses": "346700000", "investmentIncomeNet": "None", "netInterestIncome": "None", "interestIncome": "None", "interestExpense": "77700000", "nonInterestIncome": "None", "otherNonOperatingIncome": "27500000", "depreciation": "None", "depreciationAndAmortization": "63500000", "incomeBeforeTax": "483900000", "incomeTaxExpense": "78900000", "interestAndDebtExpense": "None", "netIncomeFromContinuingOperations": "405000000", "comprehensiveIncomeNetOfTax": "None", "ebit": "561600000", "ebitda": "625100000", "netIncome": "405900000"}, {"fiscalDateEnding": "2016-08-31", "reportedCurrency": "USD", "grossProfit": "976600000", "totalRevenue": "2021100000", "costOfRevenue": "1044500000", "costofGoodsAndServicesSold": "1044500000", "operatingIncome": "629600000", "sellingGeneralAndAdministrative": "358100000", "researchAndDevelopment": "0", "operatingExpenses": "347000000", "investmentIncomeNet": "None", "netInterestIncome": "None", "interestIncome": "None", "interestExpense": "92900000", "nonInterestIncome": "None", "otherNonOperatingIncome": "None", "depreciation": "None", "depreciationAndAmortization": "60200000", "incomeBeforeTax": "516800000", "incomeTaxExpense": "163600000", "interestAndDebtExpense": "None", "netIncomeFromContinuingOperations": "353200000", "comprehensiveIncomeNetOfTax": "None", "ebit": "609700000", "ebitda": "669900000", "netIncome": "358900000"}, {"fiscalDateEnding": "2016-05-31", "reportedCurrency": "USD", "grossProfit": "881300000", "totalRevenue": "1871800000", "costOfRevenue": "990500000", "costofGoodsAndServicesSold": "990500000", "operatingIncome": "552700000", "sellingGeneralAndAdministrative": "328600000", "researchAndDevelopment": "0", "operatingExpenses": "328600000", "investmentIncomeNet": "None", "netInterestIncome": "None", "interestIncome": "None", "interestExpense": "84600000", "nonInterestIncome": "None", "otherNonOperatingIncome": "700000", "depreciation": "None", "depreciationAndAmortization": "60000000", "incomeBeforeTax": "468800000", "incomeTaxExpense": "149700000", "interestAndDebtExpense": "None", "netIncomeFromContinuingOperations": "319100000", "comprehensiveIncomeNetOfTax": "None", "ebit": "549200000", "ebitda": "609200000", "netIncome": "318300000"}, {"fiscalDateEnding": "2016-02-29", "reportedCurrency": "USD", "grossProfit": "696100000", "totalRevenue": "1543200000", "costOfRevenue": "847100000", "costofGoodsAndServicesSold": "847100000", "operatingIncome": "411100000", "sellingGeneralAndAdministrative": "183300000", "researchAndDevelopment": "0", "operatingExpenses": "285000000", "investmentIncomeNet": "None", "netInterestIncome": "None", "interestIncome": "None", "interestExpense": "83500000", "nonInterestIncome": "None", "otherNonOperatingIncome": "21500000", "depreciation": "None", "depreciationAndAmortization": "58300000", "incomeBeforeTax": "350200000", "incomeTaxExpense": "104900000", "interestAndDebtExpense": "None", "netIncomeFromContinuingOperations": "244100000", "comprehensiveIncomeNetOfTax": "None", "ebit": "433700000", "ebitda": "492000000", "netIncome": "243400000"}, {"fiscalDateEnding": "2015-11-30", "reportedCurrency": "USD", "grossProfit": "733500000", "totalRevenue": "1640500000", "costOfRevenue": "907000000", "costofGoodsAndServicesSold": "907000000", "operatingIncome": "447300000", "sellingGeneralAndAdministrative": "286200000", "researchAndDevelopment": "0", "operatingExpenses": "286200000", "investmentIncomeNet": "None", "netInterestIncome": "None", "interestIncome": "None", "interestExpense": "75600000", "nonInterestIncome": "None", "otherNonOperatingIncome": "27300000", "depreciation": "None", "depreciationAndAmortization": "51300000", "incomeBeforeTax": "399000000", "incomeTaxExpense": "128000000", "interestAndDebtExpense": "None", "netIncomeFromContinuingOperations": "271000000", "comprehensiveIncomeNetOfTax": "None", "ebit": "474600000", "ebitda": "525900000", "netIncome": "270500000"}, {"fiscalDateEnding": "2015-08-31", "reportedCurrency": "USD", "grossProfit": "775600000", "totalRevenue": "1733400000", "costOfRevenue": "957800000", "costofGoodsAndServicesSold": "957800000", "operatingIncome": "479400000", "sellingGeneralAndAdministrative": "296200000", "researchAndDevelopment": "0", "operatingExpenses": "296200000", "investmentIncomeNet": "None", "netInterestIncome": "None", "interestIncome": "None", "interestExpense": "77300000", "nonInterestIncome": "None", "otherNonOperatingIncome": "200000", "depreciation": "None", "depreciationAndAmortization": "56700000", "incomeBeforeTax": "401200000", "incomeTaxExpense": "97100000", "interestAndDebtExpense": "None", "netIncomeFromContinuingOperations": "304100000", "comprehensiveIncomeNetOfTax": "None", "ebit": "478500000", "ebitda": "535200000", "netIncome": "302400000"}, {"fiscalDateEnding": "2015-05-31", "reportedCurrency": "USD", "grossProfit": "737100000", "totalRevenue": "1631300000", "costOfRevenue": "894200000", "costofGoodsAndServicesSold": "894200000", "operatingIncome": "427300000", "sellingGeneralAndAdministrative": "309800000", "researchAndDevelopment": "0", "operatingExpenses": "309800000", "investmentIncomeNet": "None", "netInterestIncome": "None", "interestIncome": "None", "interestExpense": "77500000", "nonInterestIncome": "None", "otherNonOperatingIncome": "1000000", "depreciation": "None", "depreciationAndAmortization": "54700000", "incomeBeforeTax": "350800000", "incomeTaxExpense": "110600000", "interestAndDebtExpense": "None", "netIncomeFromContinuingOperations": "241400000", "comprehensiveIncomeNetOfTax": "None", "ebit": "428300000", "ebitda": "483000000", "netIncome": "238600000"}, {"fiscalDateEnding": "2015-02-28", "reportedCurrency": "USD", "grossProfit": "597600000", "totalRevenue": "1356200000", "costOfRevenue": "758600000", "costofGoodsAndServicesSold": "758600000", "operatingIncome": "353700000", "sellingGeneralAndAdministrative": "162200000", "researchAndDevelopment": "0", "operatingExpenses": "243900000", "investmentIncomeNet": "None", "netInterestIncome": "None", "interestIncome": "None", "interestExpense": "80300000", "nonInterestIncome": "None", "otherNonOperatingIncome": "None", "depreciation": "None", "depreciationAndAmortization": "47400000", "incomeBeforeTax": "273800000", "incomeTaxExpense": "62300000", "interestAndDebtExpense": "None", "netIncomeFromContinuingOperations": "836200000", "comprehensiveIncomeNetOfTax": "None", "ebit": "354100000", "ebitda": "401500000", "netIncome": "214600000"}, {"fiscalDateEnding": "2014-11-30", "reportedCurrency": "USD", "grossProfit": "638900000", "totalRevenue": "1541700000", "costOfRevenue": "902800000", "costofGoodsAndServicesSold": "902800000", "operatingIncome": "375600000", "sellingGeneralAndAdministrative": "263300000", "researchAndDevelopment": "0", "operatingExpenses": "263300000", "investmentIncomeNet": "None", "netInterestIncome": "None", "interestIncome": "None", "interestExpense": "86000000", "nonInterestIncome": "None", "otherNonOperatingIncome": "None", "depreciation": "None", "depreciationAndAmortization": "51600000", "incomeBeforeTax": "310800000", "incomeTaxExpense": "88600000", "interestAndDebtExpense": "None", "netIncomeFromContinuingOperations": "0", "comprehensiveIncomeNetOfTax": "None", "ebit": "396800000", "ebitda": "448400000", "netIncome": "222200000"}, {"fiscalDateEnding": "2014-08-31", "reportedCurrency": "USD", "grossProfit": "672000000", "totalRevenue": "1604100000", "costOfRevenue": "932100000", "costofGoodsAndServicesSold": "932100000", "operatingIncome": "378700000", "sellingGeneralAndAdministrative": "293300000", "researchAndDevelopment": "0", "operatingExpenses": "293300000", "investmentIncomeNet": "None", "netInterestIncome": "None", "interestIncome": "None", "interestExpense": "85000000", "nonInterestIncome": "None", "otherNonOperatingIncome": "-600000", "depreciation": "None", "depreciationAndAmortization": "53500000", "incomeBeforeTax": "288700000", "incomeTaxExpense": "92900000", "interestAndDebtExpense": "None", "netIncomeFromContinuingOperations": "195800000", "comprehensiveIncomeNetOfTax": "None", "ebit": "373700000", "ebitda": "427200000", "netIncome": "195800000"}, {"fiscalDateEnding": "2014-05-31", "reportedCurrency": "USD", "grossProfit": "670100000", "totalRevenue": "1526000000", "costOfRevenue": "855900000", "costofGoodsAndServicesSold": "855900000", "operatingIncome": "392200000", "sellingGeneralAndAdministrative": "277900000", "researchAndDevelopment": "0", "operatingExpenses": "277900000", "investmentIncomeNet": "None", "netInterestIncome": "None", "interestIncome": "None", "interestExpense": "86400000", "nonInterestIncome": "None", "otherNonOperatingIncome": "None", "depreciation": "None", "depreciationAndAmortization": "49500000", "incomeBeforeTax": "306300000", "incomeTaxExpense": "99600000", "interestAndDebtExpense": "None", "netIncomeFromContinuingOperations": "0", "comprehensiveIncomeNetOfTax": "None", "ebit": "392700000", "ebitda": "442200000", "netIncome": "206700000"}, {"fiscalDateEnding": "2014-02-28", "reportedCurrency": "USD", "grossProfit": "548900000", "totalRevenue": "1291200000", "costOfRevenue": "742300000", "costofGoodsAndServicesSold": "742300000", "operatingIncome": "329400000", "sellingGeneralAndAdministrative": "59000000", "researchAndDevelopment": "0", "operatingExpenses": "219500000", "investmentIncomeNet": "None", "netInterestIncome": "None", "interestIncome": "None", "interestExpense": "88500000", "nonInterestIncome": "None", "otherNonOperatingIncome": "-500000", "depreciation": "None", "depreciationAndAmortization": "42000000", "incomeBeforeTax": "240400000", "incomeTaxExpense": "83200000", "interestAndDebtExpense": "None", "netIncomeFromContinuingOperations": "157200000", "comprehensiveIncomeNetOfTax": "None", "ebit": "328900000", "ebitda": "370900000", "netIncome": "157200000"}, {"fiscalDateEnding": "2013-11-30", "reportedCurrency": "USD", "grossProfit": "609700000", "totalRevenue": "1443300000", "costOfRevenue": "833600000", "costofGoodsAndServicesSold": "833600000", "operatingIncome": "363800000", "sellingGeneralAndAdministrative": "245900000", "researchAndDevelopment": "0", "operatingExpenses": "245900000", "investmentIncomeNet": "None", "netInterestIncome": "None", "interestIncome": "None", "interestExpense": "89600000", "nonInterestIncome": "None", "otherNonOperatingIncome": "18000000", "depreciation": "None", "depreciationAndAmortization": "42100000", "incomeBeforeTax": "292200000", "incomeTaxExpense": "81200000", "interestAndDebtExpense": "None", "netIncomeFromContinuingOperations": "211000000", "comprehensiveIncomeNetOfTax": "None", "ebit": "381800000", "ebitda": "423900000", "netIncome": "211000000"}, {"fiscalDateEnding": "2013-08-31", "reportedCurrency": "USD", "grossProfit": "577000000", "totalRevenue": "1459800000", "costOfRevenue": "882800000", "costofGoodsAndServicesSold": "882800000", "operatingIncome": "397500000", "sellingGeneralAndAdministrative": "244100000", "researchAndDevelopment": "0", "operatingExpenses": "244100000", "investmentIncomeNet": "None", "netInterestIncome": "None", "interestIncome": "None", "interestExpense": "90300000", "nonInterestIncome": "None", "otherNonOperatingIncome": "3700000", "depreciation": "None", "depreciationAndAmortization": "42200000", "incomeBeforeTax": "1587400000", "incomeTaxExpense": "65400000", "interestAndDebtExpense": "None", "netIncomeFromContinuingOperations": "1522000000", "comprehensiveIncomeNetOfTax": "None", "ebit": "1677700000", "ebitda": "1719900000", "netIncome": "1522000000"}, {"fiscalDateEnding": "2013-05-31", "reportedCurrency": "USD", "grossProfit": "256100000", "totalRevenue": "673400000", "costOfRevenue": "417300000", "costofGoodsAndServicesSold": "417300000", "operatingIncome": "70500000", "sellingGeneralAndAdministrative": "186500000", "researchAndDevelopment": "0", "operatingExpenses": "186500000", "investmentIncomeNet": "None", "netInterestIncome": "None", "interestIncome": "None", "interestExpense": "54800000", "nonInterestIncome": "None", "otherNonOperatingIncome": "66600000", "depreciation": "None", "depreciationAndAmortization": "29000000", "incomeBeforeTax": "82300000", "incomeTaxExpense": "29400000", "interestAndDebtExpense": "None", "netIncomeFromContinuingOperations": "52900000", "comprehensiveIncomeNetOfTax": "None", "ebit": "152800000", "ebitda": "181800000", "netIncome": "52900000"}, {"fiscalDateEnding": "2013-02-28", "reportedCurrency": "USD", "grossProfit": "261800000", "totalRevenue": "695900000", "costOfRevenue": "434100000", "costofGoodsAndServicesSold": "434100000", "operatingIncome": "127400000", "sellingGeneralAndAdministrative": "12800000", "researchAndDevelopment": "0", "operatingExpenses": "134700000", "investmentIncomeNet": "None", "netInterestIncome": "None", "interestIncome": "None", "interestExpense": "60400000", "nonInterestIncome": "None", "otherNonOperatingIncome": "None", "depreciation": "None", "depreciationAndAmortization": "29900000", "incomeBeforeTax": "106800000", "incomeTaxExpense": "25100000", "interestAndDebtExpense": "None", "netIncomeFromContinuingOperations": "0", "comprehensiveIncomeNetOfTax": "None", "ebit": "165500000", "ebitda": "195400000", "netIncome": "81700000"}, {"fiscalDateEnding": "2012-11-30", "reportedCurrency": "USD", "grossProfit": "310800000", "totalRevenue": "766900000", "costOfRevenue": "456100000", "costofGoodsAndServicesSold": "456100000", "operatingIncome": "158800000", "sellingGeneralAndAdministrative": "151700000", "researchAndDevelopment": "0", "operatingExpenses": "151700000", "investmentIncomeNet": "None", "netInterestIncome": "None", "interestIncome": "None", "interestExpense": "61400000", "nonInterestIncome": "None", "otherNonOperatingIncome": "None", "depreciation": "None", "depreciationAndAmortization": "29500000", "incomeBeforeTax": "149900000", "incomeTaxExpense": "40400000", "interestAndDebtExpense": "None", "netIncomeFromContinuingOperations": "0", "comprehensiveIncomeNetOfTax": "None", "ebit": "174300000", "ebitda": "203800000", "netIncome": "109500000"}, {"fiscalDateEnding": "2012-08-31", "reportedCurrency": "USD", "grossProfit": "285100000", "totalRevenue": "698500000", "costOfRevenue": "413400000", "costofGoodsAndServicesSold": "413400000", "operatingIncome": "130600000", "sellingGeneralAndAdministrative": "154300000", "researchAndDevelopment": "0", "operatingExpenses": "154300000", "investmentIncomeNet": "None", "netInterestIncome": "None", "interestIncome": "None", "interestExpense": "54600000", "nonInterestIncome": "None", "otherNonOperatingIncome": "None", "depreciation": "None", "depreciationAndAmortization": "27700000", "incomeBeforeTax": "146500000", "incomeTaxExpense": "21900000", "interestAndDebtExpense": "None", "netIncomeFromContinuingOperations": "0", "comprehensiveIncomeNetOfTax": "None", "ebit": "201300000", "ebitda": "229000000", "netIncome": "124600000"}, {"fiscalDateEnding": "2012-05-31", "reportedCurrency": "USD", "grossProfit": "250600000", "totalRevenue": "634800000", "costOfRevenue": "384200000", "costofGoodsAndServicesSold": "384200000", "operatingIncome": "106100000", "sellingGeneralAndAdministrative": "144000000", "researchAndDevelopment": "0", "operatingExpenses": "144000000", "investmentIncomeNet": "None", "netInterestIncome": "None", "interestIncome": "None", "interestExpense": "50700000", "nonInterestIncome": "None", "otherNonOperatingIncome": "None", "depreciation": "None", "depreciationAndAmortization": "28100000", "incomeBeforeTax": "113200000", "incomeTaxExpense": "41200000", "interestAndDebtExpense": "None", "netIncomeFromContinuingOperations": "0", "comprehensiveIncomeNetOfTax": "None", "ebit": "163900000", "ebitda": "192000000", "netIncome": "72000000"}, {"fiscalDateEnding": "2012-02-29", "reportedCurrency": "USD", "grossProfit": "245200000", "totalRevenue": "628100000", "costOfRevenue": "382900000", "costofGoodsAndServicesSold": "382900000", "operatingIncome": "79400000", "sellingGeneralAndAdministrative": "123300000", "researchAndDevelopment": "0", "operatingExpenses": "165800000", "investmentIncomeNet": "None", "netInterestIncome": "None", "interestIncome": "None", "interestExpense": "47900000", "nonInterestIncome": "None", "otherNonOperatingIncome": "None", "depreciation": "None", "depreciationAndAmortization": "29700000", "incomeBeforeTax": "80500000", "incomeTaxExpense": "-22500000", "interestAndDebtExpense": "None", "netIncomeFromContinuingOperations": "0", "comprehensiveIncomeNetOfTax": "None", "ebit": "128400000", "ebitda": "158100000", "netIncome": "103000000"}, {"fiscalDateEnding": "2011-11-30", "reportedCurrency": "USD", "grossProfit": "282900000", "totalRevenue": "700700000", "costOfRevenue": "417800000", "costofGoodsAndServicesSold": "417800000", "operatingIncome": "160300000", "sellingGeneralAndAdministrative": "121800000", "researchAndDevelopment": "0", "operatingExpenses": "121800000", "investmentIncomeNet": "None", "netInterestIncome": "None", "interestIncome": "None", "interestExpense": "46300000", "nonInterestIncome": "None", "otherNonOperatingIncome": "None", "depreciation": "None", "depreciationAndAmortization": "28300000", "incomeBeforeTax": "167300000", "incomeTaxExpense": "62500000", "interestAndDebtExpense": "None", "netIncomeFromContinuingOperations": "0", "comprehensiveIncomeNetOfTax": "None", "ebit": "213600000", "ebitda": "241900000", "netIncome": "104800000"}, {"fiscalDateEnding": "2011-08-31", "reportedCurrency": "USD", "grossProfit": "283000000", "totalRevenue": "690200000", "costOfRevenue": "407200000", "costofGoodsAndServicesSold": "407200000", "operatingIncome": "145100000", "sellingGeneralAndAdministrative": "138200000", "researchAndDevelopment": "0", "operatingExpenses": "138200000", "investmentIncomeNet": "None", "netInterestIncome": "None", "interestIncome": "None", "interestExpense": "42500000", "nonInterestIncome": "None", "otherNonOperatingIncome": "64000000", "depreciation": "None", "depreciationAndAmortization": "25400000", "incomeBeforeTax": "166600000", "incomeTaxExpense": "3900000", "interestAndDebtExpense": "None", "netIncomeFromContinuingOperations": "162700000", "comprehensiveIncomeNetOfTax": "None", "ebit": "209100000", "ebitda": "234500000", "netIncome": "162700000"}, {"fiscalDateEnding": "2011-05-31", "reportedCurrency": "USD", "grossProfit": "251000000", "totalRevenue": "635300000", "costOfRevenue": "384300000", "costofGoodsAndServicesSold": "384300000", "operatingIncome": "101700000", "sellingGeneralAndAdministrative": "138200000", "researchAndDevelopment": "0", "operatingExpenses": "138200000", "investmentIncomeNet": "None", "netInterestIncome": "None", "interestIncome": "None", "interestExpense": "44300000", "nonInterestIncome": "None", "otherNonOperatingIncome": "62200000", "depreciation": "None", "depreciationAndAmortization": "26900000", "incomeBeforeTax": "119600000", "incomeTaxExpense": "45100000", "interestAndDebtExpense": "None", "netIncomeFromContinuingOperations": "74500000", "comprehensiveIncomeNetOfTax": "None", "ebit": "163900000", "ebitda": "190800000", "netIncome": "74500000"}, {"fiscalDateEnding": "2011-02-28", "reportedCurrency": "USD", "grossProfit": "254000000", "totalRevenue": "715300000", "costOfRevenue": "461300000", "costofGoodsAndServicesSold": "461300000", "operatingIncome": "102900000", "sellingGeneralAndAdministrative": "128700000", "researchAndDevelopment": "0", "operatingExpenses": "151100000", "investmentIncomeNet": "None", "netInterestIncome": "None", "interestIncome": "None", "interestExpense": "50900000", "nonInterestIncome": "None", "otherNonOperatingIncome": "None", "depreciation": "None", "depreciationAndAmortization": "30900000", "incomeBeforeTax": "107000000", "incomeTaxExpense": "-172800000", "interestAndDebtExpense": "None", "netIncomeFromContinuingOperations": "0", "comprehensiveIncomeNetOfTax": "None", "ebit": "-42700000", "ebitda": "-11800000", "netIncome": "279800000"}, {"fiscalDateEnding": "2010-11-30", "reportedCurrency": "USD", "grossProfit": "351900000", "totalRevenue": "966400000", "costOfRevenue": "614500000", "costofGoodsAndServicesSold": "614500000", "operatingIncome": "170100000", "sellingGeneralAndAdministrative": "176100000", "researchAndDevelopment": "0", "operatingExpenses": "176100000", "investmentIncomeNet": "None", "netInterestIncome": "None", "interestIncome": "None", "interestExpense": "49100000", "nonInterestIncome": "None", "otherNonOperatingIncome": "71400000", "depreciation": "None", "depreciationAndAmortization": "34600000", "incomeBeforeTax": "192400000", "incomeTaxExpense": "53100000", "interestAndDebtExpense": "None", "netIncomeFromContinuingOperations": "139300000", "comprehensiveIncomeNetOfTax": "None", "ebit": "241500000", "ebitda": "276100000", "netIncome": "139300000"}, {"fiscalDateEnding": "2010-08-31", "reportedCurrency": "USD", "grossProfit": "314200000", "totalRevenue": "862800000", "costOfRevenue": "548600000", "costofGoodsAndServicesSold": "548600000", "operatingIncome": "133200000", "sellingGeneralAndAdministrative": "167300000", "researchAndDevelopment": "0", "operatingExpenses": "167300000", "investmentIncomeNet": "None", "netInterestIncome": "None", "interestIncome": "None", "interestExpense": "50300000", "nonInterestIncome": "None", "otherNonOperatingIncome": "None", "depreciation": "None", "depreciationAndAmortization": "33700000", "incomeBeforeTax": "149300000", "incomeTaxExpense": "58000000", "interestAndDebtExpense": "None", "netIncomeFromContinuingOperations": "0", "comprehensiveIncomeNetOfTax": "None", "ebit": "199600000", "ebitda": "233300000", "netIncome": "91300000"}, {"fiscalDateEnding": "2010-05-31", "reportedCurrency": "USD", "grossProfit": "270000000", "totalRevenue": "787500000", "costOfRevenue": "517500000", "costofGoodsAndServicesSold": "517500000", "operatingIncome": "96300000", "sellingGeneralAndAdministrative": "168800000", "researchAndDevelopment": "0", "operatingExpenses": "173700000", "investmentIncomeNet": "None", "netInterestIncome": "None", "interestIncome": "None", "interestExpense": "48500000", "nonInterestIncome": "None", "otherNonOperatingIncome": "None", "depreciation": "None", "depreciationAndAmortization": "34600000", "incomeBeforeTax": "102300000", "incomeTaxExpense": "53200000", "interestAndDebtExpense": "None", "netIncomeFromContinuingOperations": "0", "comprehensiveIncomeNetOfTax": "None", "ebit": "150800000", "ebitda": "185400000", "netIncome": "49100000"}, {"fiscalDateEnding": "2010-02-28", "reportedCurrency": "USD", "grossProfit": "222400000", "totalRevenue": "708700000", "costOfRevenue": "486300000", "costofGoodsAndServicesSold": "486300000", "operatingIncome": "-44800000", "sellingGeneralAndAdministrative": "143600000", "researchAndDevelopment": "0", "operatingExpenses": "267200000", "investmentIncomeNet": "None", "netInterestIncome": "None", "interestIncome": "None", "interestExpense": "67700000", "nonInterestIncome": "None", "otherNonOperatingIncome": "None", "depreciation": "None", "depreciationAndAmortization": "35500000", "incomeBeforeTax": "-70200000", "incomeTaxExpense": "-19200000", "interestAndDebtExpense": "None", "netIncomeFromContinuingOperations": "0", "comprehensiveIncomeNetOfTax": "None", "ebit": "-2500000", "ebitda": "33000000", "netIncome": "-51000000"}, {"fiscalDateEnding": "2009-11-30", "reportedCurrency": "USD", "grossProfit": "344100000", "totalRevenue": "987700000", "costOfRevenue": "643600000", "costofGoodsAndServicesSold": "643600000", "operatingIncome": "134600000", "sellingGeneralAndAdministrative": "204300000", "researchAndDevelopment": "0", "operatingExpenses": "204300000", "investmentIncomeNet": "None", "netInterestIncome": "None", "interestIncome": "None", "interestExpense": "65500000", "nonInterestIncome": "None", "otherNonOperatingIncome": "None", "depreciation": "None", "depreciationAndAmortization": "37300000", "incomeBeforeTax": "105200000", "incomeTaxExpense": "61100000", "interestAndDebtExpense": "None", "netIncomeFromContinuingOperations": "0", "comprehensiveIncomeNetOfTax": "None", "ebit": "170700000", "ebitda": "208000000", "netIncome": "44100000"}, {"fiscalDateEnding": "2009-08-31", "reportedCurrency": "USD", "grossProfit": "309600000", "totalRevenue": "876800000", "costOfRevenue": "567200000", "costofGoodsAndServicesSold": "567200000", "operatingIncome": "138600000", "sellingGeneralAndAdministrative": "167800000", "researchAndDevelopment": "0", "operatingExpenses": "167800000", "investmentIncomeNet": "None", "netInterestIncome": "None", "interestIncome": "None", "interestExpense": "68100000", "nonInterestIncome": "None", "otherNonOperatingIncome": "None", "depreciation": "None", "depreciationAndAmortization": "45900000", "incomeBeforeTax": "145200000", "incomeTaxExpense": "45500000", "interestAndDebtExpense": "None", "netIncomeFromContinuingOperations": "0", "comprehensiveIncomeNetOfTax": "None", "ebit": "213300000", "ebitda": "259200000", "netIncome": "99700000"}, {"fiscalDateEnding": "2009-05-31", "reportedCurrency": "USD", "grossProfit": "268700000", "totalRevenue": "791600000", "costOfRevenue": "522900000", "costofGoodsAndServicesSold": "522900000", "operatingIncome": "83100000", "sellingGeneralAndAdministrative": "166600000", "researchAndDevelopment": "0", "operatingExpenses": "166600000", "investmentIncomeNet": "None", "netInterestIncome": "None", "interestIncome": "None", "interestExpense": "68400000", "nonInterestIncome": "None", "otherNonOperatingIncome": "None", "depreciation": "None", "depreciationAndAmortization": "37200000", "incomeBeforeTax": "79100000", "incomeTaxExpense": "72600000", "interestAndDebtExpense": "None", "netIncomeFromContinuingOperations": "0", "comprehensiveIncomeNetOfTax": "None", "ebit": "147500000", "ebitda": "184700000", "netIncome": "6500000"}, {"fiscalDateEnding": "2009-02-28", "reportedCurrency": "USD", "grossProfit": "191200000", "totalRevenue": "735100000", "costOfRevenue": "543900000", "costofGoodsAndServicesSold": "543900000", "operatingIncome": "-286900000", "sellingGeneralAndAdministrative": "171200000", "researchAndDevelopment": "0", "operatingExpenses": "478100000", "investmentIncomeNet": "None", "netInterestIncome": "None", "interestIncome": "None", "interestExpense": "78500000", "nonInterestIncome": "None", "otherNonOperatingIncome": "None", "depreciation": "None", "depreciationAndAmortization": "37800000", "incomeBeforeTax": "-389500000", "incomeTaxExpense": "17300000", "interestAndDebtExpense": "None", "netIncomeFromContinuingOperations": "0", "comprehensiveIncomeNetOfTax": "None", "ebit": "-128800000", "ebitda": "-91000000", "netIncome": "-406800000"}, {"fiscalDateEnding": "2008-11-30", "reportedCurrency": "USD", "grossProfit": "404000000", "totalRevenue": "1031200000", "costOfRevenue": "627200000", "costofGoodsAndServicesSold": "627200000", "operatingIncome": "197700000", "sellingGeneralAndAdministrative": "200500000", "researchAndDevelopment": "0", "operatingExpenses": "200500000", "investmentIncomeNet": "None", "netInterestIncome": "None", "interestIncome": "None", "interestExpense": "78400000", "nonInterestIncome": "None", "otherNonOperatingIncome": "None", "depreciation": "None", "depreciationAndAmortization": "34000000", "incomeBeforeTax": "195600000", "incomeTaxExpense": "112100000", "interestAndDebtExpense": "None", "netIncomeFromContinuingOperations": "0", "comprehensiveIncomeNetOfTax": "None", "ebit": "274000000", "ebitda": "308000000", "netIncome": "83500000"}, {"fiscalDateEnding": "2008-08-31", "reportedCurrency": "USD", "grossProfit": "305800000", "totalRevenue": "956500000", "costOfRevenue": "650700000", "costofGoodsAndServicesSold": "650700000", "operatingIncome": "21500000", "sellingGeneralAndAdministrative": "225200000", "researchAndDevelopment": "0", "operatingExpenses": "225200000", "investmentIncomeNet": "None", "netInterestIncome": "None", "interestIncome": "None", "interestExpense": "80700000", "nonInterestIncome": "None", "otherNonOperatingIncome": "None", "depreciation": "None", "depreciationAndAmortization": "41000000", "incomeBeforeTax": "10900000", "incomeTaxExpense": "33600000", "interestAndDebtExpense": "None", "netIncomeFromContinuingOperations": "0", "comprehensiveIncomeNetOfTax": "None", "ebit": "91600000", "ebitda": "132600000", "netIncome": "-22700000"}, {"fiscalDateEnding": "2008-05-31", "reportedCurrency": "USD", "grossProfit": "329000000", "totalRevenue": "931800000", "costOfRevenue": "602800000", "costofGoodsAndServicesSold": "602800000", "operatingIncome": "90700000", "sellingGeneralAndAdministrative": "233500000", "researchAndDevelopment": "0", "operatingExpenses": "233500000", "investmentIncomeNet": "None", "netInterestIncome": "None", "interestIncome": "None", "interestExpense": "86600000", "nonInterestIncome": "None", "otherNonOperatingIncome": "None", "depreciation": "None", "depreciationAndAmortization": "44200000", "incomeBeforeTax": "76200000", "incomeTaxExpense": "31600000", "interestAndDebtExpense": "None", "netIncomeFromContinuingOperations": "0", "comprehensiveIncomeNetOfTax": "None", "ebit": "162800000", "ebitda": "207000000", "netIncome": "44600000"}, {"fiscalDateEnding": "2008-02-29", "reportedCurrency": "USD", "grossProfit": "311700000", "totalRevenue": "884400000", "costOfRevenue": "572700000", "costofGoodsAndServicesSold": "572700000", "operatingIncome": "-740400000", "sellingGeneralAndAdministrative": "227100000", "researchAndDevelopment": "0", "operatingExpenses": "1052100000", "investmentIncomeNet": "None", "netInterestIncome": "None", "interestIncome": "None", "interestExpense": "321700000", "nonInterestIncome": "None", "otherNonOperatingIncome": "None", "depreciation": "None", "depreciationAndAmortization": "48400000", "incomeBeforeTax": "-805600000", "incomeTaxExpense": "29200000", "interestAndDebtExpense": "None", "netIncomeFromContinuingOperations": "0", "comprehensiveIncomeNetOfTax": "None", "ebit": "84600000", "ebitda": "133000000", "netIncome": "-834800000"}, {"fiscalDateEnding": "2007-11-30", "reportedCurrency": "USD", "grossProfit": "391900000", "totalRevenue": "1094800000", "costOfRevenue": "702900000", "costofGoodsAndServicesSold": "702900000", "operatingIncome": "198300000", "sellingGeneralAndAdministrative": "192100000", "researchAndDevelopment": "0", "operatingExpenses": "192100000", "investmentIncomeNet": "None", "netInterestIncome": "None", "interestIncome": "None", "interestExpense": "82400000", "nonInterestIncome": "None", "otherNonOperatingIncome": "None", "depreciation": "None", "depreciationAndAmortization": "40500000", "incomeBeforeTax": "190100000", "incomeTaxExpense": "70500000", "interestAndDebtExpense": "None", "netIncomeFromContinuingOperations": "0", "comprehensiveIncomeNetOfTax": "None", "ebit": "272500000", "ebitda": "313000000", "netIncome": "119600000"}, {"fiscalDateEnding": "2007-08-31", "reportedCurrency": "USD", "grossProfit": "309700000", "totalRevenue": "892600000", "costOfRevenue": "582900000", "costofGoodsAndServicesSold": "582900000", "operatingIncome": "117200000", "sellingGeneralAndAdministrative": "190500000", "researchAndDevelopment": "0", "operatingExpenses": "190500000", "investmentIncomeNet": "None", "netInterestIncome": "None", "interestIncome": "None", "interestExpense": "86700000", "nonInterestIncome": "None", "otherNonOperatingIncome": "None", "depreciation": "None", "depreciationAndAmortization": "38300000", "incomeBeforeTax": "110600000", "incomeTaxExpense": "38500000", "interestAndDebtExpense": "None", "netIncomeFromContinuingOperations": "0", "comprehensiveIncomeNetOfTax": "None", "ebit": "197300000", "ebitda": "235600000", "netIncome": "72100000"}, {"fiscalDateEnding": "2007-05-31", "reportedCurrency": "USD", "grossProfit": "268200000", "totalRevenue": "901200000", "costOfRevenue": "633000000", "costofGoodsAndServicesSold": "633000000", "operatingIncome": "68200000", "sellingGeneralAndAdministrative": "197600000", "researchAndDevelopment": "0", "operatingExpenses": "197600000", "investmentIncomeNet": "None", "netInterestIncome": "None", "interestIncome": "None", "interestExpense": "79700000", "nonInterestIncome": "None", "otherNonOperatingIncome": "None", "depreciation": "None", "depreciationAndAmortization": "38700000", "incomeBeforeTax": "64300000", "incomeTaxExpense": "34500000", "interestAndDebtExpense": "None", "netIncomeFromContinuingOperations": "0", "comprehensiveIncomeNetOfTax": "None", "ebit": "144000000", "ebitda": "182700000", "netIncome": "29800000"}, {"fiscalDateEnding": "2007-02-28", "reportedCurrency": "USD", "grossProfit": "345300000", "totalRevenue": "1142200000", "costOfRevenue": "796900000", "costofGoodsAndServicesSold": "796900000", "operatingIncome": "138900000", "sellingGeneralAndAdministrative": "194000000", "researchAndDevelopment": "0", "operatingExpenses": "206400000", "investmentIncomeNet": "None", "netInterestIncome": "None", "interestIncome": "None", "interestExpense": "47600000", "nonInterestIncome": "None", "otherNonOperatingIncome": "None", "depreciation": "None", "depreciationAndAmortization": "41100000", "incomeBeforeTax": "103700000", "incomeTaxExpense": "33500000", "interestAndDebtExpense": "None", "netIncomeFromContinuingOperations": "0", "comprehensiveIncomeNetOfTax": "None", "ebit": "151300000", "ebitda": "192400000", "netIncome": "70200000"}, {"fiscalDateEnding": "2006-11-30", "reportedCurrency": "USD", "grossProfit": "445200000", "totalRevenue": "1500800000", "costOfRevenue": "1055600000", "costofGoodsAndServicesSold": "1055600000", "operatingIncome": "235800000", "sellingGeneralAndAdministrative": "197800000", "researchAndDevelopment": "0", "operatingExpenses": "197800000", "investmentIncomeNet": "None", "netInterestIncome": "None", "interestIncome": "None", "interestExpense": "74300000", "nonInterestIncome": "None", "otherNonOperatingIncome": "None", "depreciation": "None", "depreciationAndAmortization": "36000000", "incomeBeforeTax": "173100000", "incomeTaxExpense": "65300000", "interestAndDebtExpense": "None", "netIncomeFromContinuingOperations": "0", "comprehensiveIncomeNetOfTax": "None", "ebit": "247400000", "ebitda": "283400000", "netIncome": "107800000"}, {"fiscalDateEnding": "2006-08-31", "reportedCurrency": "USD", "grossProfit": "414800000", "totalRevenue": "1417500000", "costOfRevenue": "1002700000", "costofGoodsAndServicesSold": "1002700000", "operatingIncome": "181300000", "sellingGeneralAndAdministrative": "204400000", "researchAndDevelopment": "0", "operatingExpenses": "204400000", "investmentIncomeNet": "None", "netInterestIncome": "None", "interestIncome": "None", "interestExpense": "98800000", "nonInterestIncome": "None", "otherNonOperatingIncome": "None", "depreciation": "None", "depreciationAndAmortization": "33500000", "incomeBeforeTax": "111600000", "incomeTaxExpense": "43200000", "interestAndDebtExpense": "None", "netIncomeFromContinuingOperations": "0", "comprehensiveIncomeNetOfTax": "None", "ebit": "210400000", "ebitda": "243900000", "netIncome": "68400000"}, {"fiscalDateEnding": "2006-05-31", "reportedCurrency": "USD", "grossProfit": "318600000", "totalRevenue": "1155900000", "costOfRevenue": "837300000", "costofGoodsAndServicesSold": "837300000", "operatingIncome": "143000000", "sellingGeneralAndAdministrative": "172600000", "researchAndDevelopment": "0", "operatingExpenses": "172600000", "investmentIncomeNet": "None", "netInterestIncome": "None", "interestIncome": "None", "interestExpense": "3900000", "nonInterestIncome": "None", "otherNonOperatingIncome": "None", "depreciation": "None", "depreciationAndAmortization": "28700000", "incomeBeforeTax": "146900000", "incomeTaxExpense": "61400000", "interestAndDebtExpense": "None", "netIncomeFromContinuingOperations": "0", "comprehensiveIncomeNetOfTax": "None", "ebit": "146000000", "ebitda": "174700000", "netIncome": "85500000"}, {"fiscalDateEnding": "2006-02-28", "reportedCurrency": "USD", "grossProfit": "286364000", "totalRevenue": "1047867000", "costOfRevenue": "761503000", "costofGoodsAndServicesSold": "761503000", "operatingIncome": "130742000", "sellingGeneralAndAdministrative": "133845000", "researchAndDevelopment": "0", "operatingExpenses": "155622000", "investmentIncomeNet": "None", "netInterestIncome": "None", "interestIncome": "None", "interestExpense": "74089000", "nonInterestIncome": "None", "otherNonOperatingIncome": "None", "depreciation": "None", "depreciationAndAmortization": "35808000", "incomeBeforeTax": "78430000", "incomeTaxExpense": "20248000", "interestAndDebtExpense": "None", "netIncomeFromContinuingOperations": "0", "comprehensiveIncomeNetOfTax": "None", "ebit": "152519000", "ebitda": "188327000", "netIncome": "58182000"}, {"fiscalDateEnding": "2005-11-30", "reportedCurrency": "USD", "grossProfit": "384221000", "totalRevenue": "1267087000", "costOfRevenue": "882866000", "costofGoodsAndServicesSold": "882866000", "operatingIncome": "221353000", "sellingGeneralAndAdministrative": "156978000", "researchAndDevelopment": "0", "operatingExpenses": "156978000", "investmentIncomeNet": "None", "netInterestIncome": "None", "interestIncome": "None", "interestExpense": "41569000", "nonInterestIncome": "None", "otherNonOperatingIncome": "None", "depreciation": "None", "depreciationAndAmortization": "34190000", "incomeBeforeTax": "179784000", "incomeTaxExpense": "70823000", "interestAndDebtExpense": "None", "netIncomeFromContinuingOperations": "0", "comprehensiveIncomeNetOfTax": "None", "ebit": "227310000", "ebitda": "261500000", "netIncome": "108961000"}]}