{"symbol": "QSR", "annualReports": [{"fiscalDateEnding": "2025-12-31", "reportedCurrency": "USD", "grossProfit": "5103000000", "totalRevenue": "9434000000", "costOfRevenue": "4331000000", "costofGoodsAndServicesSold": "4331000000", "operatingIncome": "2202000000", "sellingGeneralAndAdministrative": "741000000", "researchAndDevelopment": "None", "operatingExpenses": "741000000", "investmentIncomeNet": "None", "netInterestIncome": "None", "interestIncome": "516000000", "interestExpense": "516000000", "nonInterestIncome": "None", "otherNonOperatingIncome": "None", "depreciation": "None", "depreciationAndAmortization": "None", "incomeBeforeTax": "1684000000", "incomeTaxExpense": "483000000", "interestAndDebtExpense": "None", "netIncomeFromContinuingOperations": "None", "comprehensiveIncomeNetOfTax": "None", "ebit": "None", "ebitda": "2202000000", "netIncome": "776000000"}, {"fiscalDateEnding": "2024-12-31", "reportedCurrency": "USD", "grossProfit": "3024000000", "totalRevenue": "8406000000", "costOfRevenue": "5382000000", "costofGoodsAndServicesSold": "5382000000", "operatingIncome": "2419000000", "sellingGeneralAndAdministrative": "691000000", "researchAndDevelopment": "None", "operatingExpenses": "605000000", "investmentIncomeNet": "None", "netInterestIncome": "-577000000", "interestIncome": "39000000", "interestExpense": "804000000", "nonInterestIncome": "None", "otherNonOperatingIncome": "None", "depreciation": "None", "depreciationAndAmortization": "264000000", "incomeBeforeTax": "1809000000", "incomeTaxExpense": "364000000", "interestAndDebtExpense": "None", "netIncomeFromContinuingOperations": "1445000000", "comprehensiveIncomeNetOfTax": "None", "ebit": "2400000000", "ebitda": "2664000000", "netIncome": "1021000000"}, {"fiscalDateEnding": "2023-12-31", "reportedCurrency": "USD", "grossProfit": "2802000000", "totalRevenue": "7022000000", "costOfRevenue": "4220000000", "costofGoodsAndServicesSold": "4220000000", "operatingIncome": "2051000000", "sellingGeneralAndAdministrative": "647000000", "researchAndDevelopment": "None", "operatingExpenses": "751000000", "investmentIncomeNet": "None", "netInterestIncome": "-574000000", "interestIncome": "33000000", "interestExpense": "766000000", "nonInterestIncome": "None", "otherNonOperatingIncome": "None", "depreciation": "None", "depreciationAndAmortization": "191000000", "incomeBeforeTax": "1453000000", "incomeTaxExpense": "-265000000", "interestAndDebtExpense": "None", "netIncomeFromContinuingOperations": "1328000000", "comprehensiveIncomeNetOfTax": "None", "ebit": "2048000000", "ebitda": "2239000000", "netIncome": "1190000000"}, {"fiscalDateEnding": "2022-12-31", "reportedCurrency": "USD", "grossProfit": "2598000000", "totalRevenue": "6505000000", "costOfRevenue": "3907000000", "costofGoodsAndServicesSold": "3907000000", "operatingIncome": "1898000000", "sellingGeneralAndAdministrative": "561000000", "researchAndDevelopment": "None", "operatingExpenses": "700000000", "investmentIncomeNet": "None", "netInterestIncome": "-533000000", "interestIncome": "533000000", "interestExpense": "542000000", "nonInterestIncome": "None", "otherNonOperatingIncome": "None", "depreciation": "None", "depreciationAndAmortization": "190000000", "incomeBeforeTax": "1365000000", "incomeTaxExpense": "-117000000", "interestAndDebtExpense": "None", "netIncomeFromContinuingOperations": "1248000000", "comprehensiveIncomeNetOfTax": "None", "ebit": "1877000000", "ebitda": "2067000000", "netIncome": "1008000000"}, {"fiscalDateEnding": "2021-12-31", "reportedCurrency": "USD", "grossProfit": "2374000000", "totalRevenue": "5739000000", "costOfRevenue": "3365000000", "costofGoodsAndServicesSold": "3365000000", "operatingIncome": "1879000000", "sellingGeneralAndAdministrative": "450000000", "researchAndDevelopment": "None", "operatingExpenses": "495000000", "investmentIncomeNet": "None", "netInterestIncome": "-505000000", "interestIncome": "2352904.27", "interestExpense": "428000000", "nonInterestIncome": "None", "otherNonOperatingIncome": "-11000000", "depreciation": "None", "depreciationAndAmortization": "201000000", "incomeBeforeTax": "1363000000", "incomeTaxExpense": "110000000", "interestAndDebtExpense": "None", "netIncomeFromContinuingOperations": "1253000000", "comprehensiveIncomeNetOfTax": "None", "ebit": "1844000000", "ebitda": "2045000000", "netIncome": "838000000"}, {"fiscalDateEnding": "2020-12-31", "reportedCurrency": "USD", "grossProfit": "1973000000", "totalRevenue": "4968000000", "costOfRevenue": "2995000000", "costofGoodsAndServicesSold": "2995000000", "operatingIncome": "1422000000", "sellingGeneralAndAdministrative": "388000000", "researchAndDevelopment": "None", "operatingExpenses": "551000000", "investmentIncomeNet": "None", "netInterestIncome": "-508000000", "interestIncome": "508000000", "interestExpense": "484000000", "nonInterestIncome": "None", "otherNonOperatingIncome": "-98000000", "depreciation": "None", "depreciationAndAmortization": "189000000", "incomeBeforeTax": "816000000", "incomeTaxExpense": "66000000", "interestAndDebtExpense": "None", "netIncomeFromContinuingOperations": "882000000", "comprehensiveIncomeNetOfTax": "None", "ebit": "1307000000", "ebitda": "1496000000", "netIncome": "486000000"}, {"fiscalDateEnding": "2019-12-31", "reportedCurrency": "USD", "grossProfit": "2392000000", "totalRevenue": "5603000000", "costOfRevenue": "3211000000", "costofGoodsAndServicesSold": "3211000000", "operatingIncome": "2007000000", "sellingGeneralAndAdministrative": "387000000", "researchAndDevelopment": "None", "operatingExpenses": "385000000", "investmentIncomeNet": "None", "netInterestIncome": "-532000000", "interestIncome": "20000000", "interestExpense": "596000000", "nonInterestIncome": "None", "otherNonOperatingIncome": "-23000000", "depreciation": "None", "depreciationAndAmortization": "185000000", "incomeBeforeTax": "1452000000", "incomeTaxExpense": "341000000", "interestAndDebtExpense": "None", "netIncomeFromContinuingOperations": "1793000000", "comprehensiveIncomeNetOfTax": "None", "ebit": "1975000000", "ebitda": "2160000000", "netIncome": "643000000"}, {"fiscalDateEnding": "2018-12-31", "reportedCurrency": "USD", "grossProfit": "3117000000", "totalRevenue": "5357000000", "costOfRevenue": "2240000000", "costofGoodsAndServicesSold": "2240000000", "operatingIncome": "1917000000", "sellingGeneralAndAdministrative": "1139000000", "researchAndDevelopment": "0", "operatingExpenses": "1200000000", "investmentIncomeNet": "None", "netInterestIncome": "-535000000", "interestIncome": "15000000", "interestExpense": "591000000", "nonInterestIncome": "None", "otherNonOperatingIncome": "0", "depreciation": "None", "depreciationAndAmortization": "180000000", "incomeBeforeTax": "1382000000", "incomeTaxExpense": "238000000", "interestAndDebtExpense": "None", "netIncomeFromContinuingOperations": "1620000000", "comprehensiveIncomeNetOfTax": "None", "ebit": "1903000000", "ebitda": "2083000000", "netIncome": "612000000"}, {"fiscalDateEnding": "2017-12-31", "reportedCurrency": "USD", "grossProfit": "2248000000", "totalRevenue": "4576000000", "costOfRevenue": "2328000000", "costofGoodsAndServicesSold": "2328000000", "operatingIncome": "1735000000", "sellingGeneralAndAdministrative": "329000000", "researchAndDevelopment": "0", "operatingExpenses": "513000000", "investmentIncomeNet": "None", "netInterestIncome": "-512200000", "interestIncome": "26400000", "interestExpense": "507600000", "nonInterestIncome": "None", "otherNonOperatingIncome": "-122000000", "depreciation": "None", "depreciationAndAmortization": "182000000", "incomeBeforeTax": "1101000000", "incomeTaxExpense": "-134000000", "interestAndDebtExpense": "None", "netIncomeFromContinuingOperations": "1235300000", "comprehensiveIncomeNetOfTax": "None", "ebit": "1606000000", "ebitda": "1788000000", "netIncome": "648000000"}, {"fiscalDateEnding": "2016-12-31", "reportedCurrency": "USD", "grossProfit": "1965000000", "totalRevenue": "4146000000", "costOfRevenue": "2181000000", "costofGoodsAndServicesSold": "2181000000", "operatingIncome": "1667000000", "sellingGeneralAndAdministrative": "281000000", "researchAndDevelopment": "0", "operatingExpenses": "298000000", "investmentIncomeNet": "None", "netInterestIncome": "-466900000", "interestIncome": "4100000", "interestExpense": "449700000", "nonInterestIncome": "None", "otherNonOperatingIncome": "0", "depreciation": "None", "depreciationAndAmortization": "172000000", "incomeBeforeTax": "1200000000", "incomeTaxExpense": "244000000", "interestAndDebtExpense": "None", "netIncomeFromContinuingOperations": "955900000", "comprehensiveIncomeNetOfTax": "None", "ebit": "1632000000", "ebitda": "1804000000", "netIncome": "616000000"}, {"fiscalDateEnding": "2015-12-31", "reportedCurrency": "USD", "grossProfit": "1739500000", "totalRevenue": "4052200000", "costOfRevenue": "2312700000", "costofGoodsAndServicesSold": "2312700000", "operatingIncome": "1192200000", "sellingGeneralAndAdministrative": "304000000", "researchAndDevelopment": "0", "operatingExpenses": "547300000", "investmentIncomeNet": "None", "netInterestIncome": "None", "interestIncome": "475700000", "interestExpense": "470500000", "nonInterestIncome": "None", "otherNonOperatingIncome": "-40000000", "depreciation": "None", "depreciationAndAmortization": "182000000", "incomeBeforeTax": "673900000", "incomeTaxExpense": "162200000", "interestAndDebtExpense": "None", "netIncomeFromContinuingOperations": "511700000", "comprehensiveIncomeNetOfTax": "None", "ebit": "1121500000", "ebitda": "1303500000", "netIncome": "375100000"}, {"fiscalDateEnding": "2014-12-31", "reportedCurrency": "USD", "grossProfit": "863400000", "totalRevenue": "1198800000", "costOfRevenue": "335400000", "costofGoodsAndServicesSold": "335400000", "operatingIncome": "181100000", "sellingGeneralAndAdministrative": "206400000", "researchAndDevelopment": "0", "operatingExpenses": "682300000", "investmentIncomeNet": "None", "netInterestIncome": "None", "interestIncome": "None", "interestExpense": "276800000", "nonInterestIncome": "None", "otherNonOperatingIncome": "-155400000", "depreciation": "None", "depreciationAndAmortization": "68800000", "incomeBeforeTax": "-254000000", "incomeTaxExpense": "15300000", "interestAndDebtExpense": "None", "netIncomeFromContinuingOperations": "-277400000", "comprehensiveIncomeNetOfTax": "None", "ebit": "17700000", "ebitda": "86500000", "netIncome": "161400000"}, {"fiscalDateEnding": "2013-12-31", "reportedCurrency": "USD", "grossProfit": "798600000", "totalRevenue": "1146300000", "costOfRevenue": "347700000", "costofGoodsAndServicesSold": "347700000", "operatingIncome": "522200000", "sellingGeneralAndAdministrative": "198600000", "researchAndDevelopment": "None", "operatingExpenses": "276400000", "investmentIncomeNet": "None", "netInterestIncome": "None", "interestIncome": "None", "interestExpense": "196500000", "nonInterestIncome": "None", "otherNonOperatingIncome": "None", "depreciation": "None", "depreciationAndAmortization": "65800000", "incomeBeforeTax": "322200000", "incomeTaxExpense": "88500000", "interestAndDebtExpense": "None", "netIncomeFromContinuingOperations": "233700000", "comprehensiveIncomeNetOfTax": "None", "ebit": "512800000", "ebitda": "578600000", "netIncome": "233700000"}, {"fiscalDateEnding": "2012-12-31", "reportedCurrency": "USD", "grossProfit": "818600000", "totalRevenue": "1970900000", "costOfRevenue": "1152300000", "costofGoodsAndServicesSold": "1152300000", "operatingIncome": "417700000", "sellingGeneralAndAdministrative": "224500000", "researchAndDevelopment": "None", "operatingExpenses": "400900000", "investmentIncomeNet": "None", "netInterestIncome": "None", "interestIncome": "None", "interestExpense": "221700000", "nonInterestIncome": "None", "otherNonOperatingIncome": "None", "depreciation": "None", "depreciationAndAmortization": "114200000", "incomeBeforeTax": "159700000", "incomeTaxExpense": "42000000", "interestAndDebtExpense": "None", "netIncomeFromContinuingOperations": "None", "comprehensiveIncomeNetOfTax": "None", "ebit": "368700000", "ebitda": "482900000", "netIncome": "117700000"}, {"fiscalDateEnding": "2011-12-31", "reportedCurrency": "USD", "grossProfit": "936800000", "totalRevenue": "2335700000", "costOfRevenue": "1398900000", "costofGoodsAndServicesSold": "1398900000", "operatingIncome": "434600000", "sellingGeneralAndAdministrative": "337400000", "researchAndDevelopment": "None", "operatingExpenses": "None", "investmentIncomeNet": "None", "netInterestIncome": "None", "interestIncome": "None", "interestExpense": "0", "nonInterestIncome": "None", "otherNonOperatingIncome": "None", "depreciation": "None", "depreciationAndAmortization": "None", "incomeBeforeTax": "146800000", "incomeTaxExpense": "39800000", "interestAndDebtExpense": "None", "netIncomeFromContinuingOperations": "None", "comprehensiveIncomeNetOfTax": "None", "ebit": "None", "ebitda": "None", "netIncome": "107000000"}, {"fiscalDateEnding": "2009-12-31", "reportedCurrency": "USD", "grossProfit": "957300000", "totalRevenue": "2502200000", "costOfRevenue": "1544900000", "costofGoodsAndServicesSold": "1544900000", "operatingIncome": "330500000", "sellingGeneralAndAdministrative": "497500000", "researchAndDevelopment": "None", "operatingExpenses": "None", "investmentIncomeNet": "None", "netInterestIncome": "None", "interestIncome": "None", "interestExpense": "0", "nonInterestIncome": "None", "otherNonOperatingIncome": "None", "depreciation": "None", "depreciationAndAmortization": "None", "incomeBeforeTax": "284300000", "incomeTaxExpense": "97500000", "interestAndDebtExpense": "None", "netIncomeFromContinuingOperations": "None", "comprehensiveIncomeNetOfTax": "None", "ebit": "None", "ebitda": "None", "netIncome": "186800000"}, {"fiscalDateEnding": "2008-12-31", "reportedCurrency": "USD", "grossProfit": "954500000", "totalRevenue": "2537400000", "costOfRevenue": "1582900000", "costofGoodsAndServicesSold": "1582900000", "operatingIncome": "345200000", "sellingGeneralAndAdministrative": "490400000", "researchAndDevelopment": "None", "operatingExpenses": "None", "investmentIncomeNet": "None", "netInterestIncome": "None", "interestIncome": "None", "interestExpense": "0", "nonInterestIncome": "None", "otherNonOperatingIncome": "None", "depreciation": "None", "depreciationAndAmortization": "None", "incomeBeforeTax": "284800000", "incomeTaxExpense": "84700000", "interestAndDebtExpense": "None", "netIncomeFromContinuingOperations": "None", "comprehensiveIncomeNetOfTax": "None", "ebit": "None", "ebitda": "None", "netIncome": "200100000"}, {"fiscalDateEnding": "2007-12-31", "reportedCurrency": "USD", "grossProfit": "977000000", "totalRevenue": "2455000000", "costOfRevenue": "1478000000", "costofGoodsAndServicesSold": "1478000000", "operatingIncome": "355000000", "sellingGeneralAndAdministrative": "500000000", "researchAndDevelopment": "None", "operatingExpenses": "None", "investmentIncomeNet": "None", "netInterestIncome": "None", "interestIncome": "None", "interestExpense": "0", "nonInterestIncome": "None", "otherNonOperatingIncome": "None", "depreciation": "None", "depreciationAndAmortization": "None", "incomeBeforeTax": "293000000", "incomeTaxExpense": "103000000", "interestAndDebtExpense": "None", "netIncomeFromContinuingOperations": "None", "comprehensiveIncomeNetOfTax": "None", "ebit": "None", "ebitda": "None", "netIncome": "190000000"}, {"fiscalDateEnding": "2006-12-31", "reportedCurrency": "USD", "grossProfit": "880000000", "totalRevenue": "2234000000", "costOfRevenue": "1354000000", "costofGoodsAndServicesSold": "1354000000", "operatingIncome": "290000000", "sellingGeneralAndAdministrative": "474000000", "researchAndDevelopment": "None", "operatingExpenses": "None", "investmentIncomeNet": "None", "netInterestIncome": "None", "interestIncome": "None", "interestExpense": "0", "nonInterestIncome": "None", "otherNonOperatingIncome": "None", "depreciation": "None", "depreciationAndAmortization": "None", "incomeBeforeTax": "223000000", "incomeTaxExpense": "75000000", "interestAndDebtExpense": "None", "netIncomeFromContinuingOperations": "None", "comprehensiveIncomeNetOfTax": "None", "ebit": "None", "ebitda": "None", "netIncome": "148000000"}, {"fiscalDateEnding": "2005-12-31", "reportedCurrency": "USD", "grossProfit": "783000000", "totalRevenue": "2048000000", "costOfRevenue": "1265000000", "costofGoodsAndServicesSold": "1265000000", "operatingIncome": "241000000", "sellingGeneralAndAdministrative": "454000000", "researchAndDevelopment": "None", "operatingExpenses": "None", "investmentIncomeNet": "None", "netInterestIncome": "None", "interestIncome": "None", "interestExpense": "0", "nonInterestIncome": "None", "otherNonOperatingIncome": "None", "depreciation": "None", "depreciationAndAmortization": "None", "incomeBeforeTax": "80000000", "incomeTaxExpense": "53000000", "interestAndDebtExpense": "None", "netIncomeFromContinuingOperations": "None", "comprehensiveIncomeNetOfTax": "None", "ebit": "None", "ebitda": "None", "netIncome": "27000000"}], "quarterlyReports": [{"fiscalDateEnding": "2025-12-31", "reportedCurrency": "USD", "grossProfit": "1303000000", "totalRevenue": "2466000000", "costOfRevenue": "1163000000", "costofGoodsAndServicesSold": "1163000000", "operatingIncome": "621000000", "sellingGeneralAndAdministrative": "192000000", "researchAndDevelopment": "None", "operatingExpenses": "192000000", "investmentIncomeNet": "None", "netInterestIncome": "None", "interestIncome": "125000000", "interestExpense": "125000000", "nonInterestIncome": "None", "otherNonOperatingIncome": "None", "depreciation": "None", "depreciationAndAmortization": "None", "incomeBeforeTax": "494000000", "incomeTaxExpense": "220000000", "interestAndDebtExpense": "None", "netIncomeFromContinuingOperations": "None", "comprehensiveIncomeNetOfTax": "None", "ebit": "None", "ebitda": "621000000", "netIncome": "274000000"}, {"fiscalDateEnding": "2025-09-30", "reportedCurrency": "USD", "grossProfit": "1185000000", "totalRevenue": "2449000000", "costOfRevenue": "1264000000", "costofGoodsAndServicesSold": "1264000000", "operatingIncome": "673000000", "sellingGeneralAndAdministrative": "170000000", "researchAndDevelopment": "None", "operatingExpenses": "512000000", "investmentIncomeNet": "None", "netInterestIncome": "-129000000", "interestIncome": "9000000", "interestExpense": "18000000", "nonInterestIncome": "None", "otherNonOperatingIncome": "None", "depreciation": "None", "depreciationAndAmortization": "76000000", "incomeBeforeTax": "534000000", "incomeTaxExpense": "94000000", "interestAndDebtExpense": "None", "netIncomeFromContinuingOperations": "440000000", "comprehensiveIncomeNetOfTax": "None", "ebit": "552000000", "ebitda": "628000000", "netIncome": "315000000"}, {"fiscalDateEnding": "2025-06-30", "reportedCurrency": "USD", "grossProfit": "815000000", "totalRevenue": "2410000000", "costOfRevenue": "1595000000", "costofGoodsAndServicesSold": "1595000000", "operatingIncome": "483000000", "sellingGeneralAndAdministrative": "167000000", "researchAndDevelopment": "None", "operatingExpenses": "332000000", "investmentIncomeNet": "None", "netInterestIncome": "-132000000", "interestIncome": "6000000", "interestExpense": "187000000", "nonInterestIncome": "None", "otherNonOperatingIncome": "None", "depreciation": "None", "depreciationAndAmortization": "77000000", "incomeBeforeTax": "351000000", "incomeTaxExpense": "87000000", "interestAndDebtExpense": "None", "netIncomeFromContinuingOperations": "264000000", "comprehensiveIncomeNetOfTax": "None", "ebit": "482000000", "ebitda": "559000000", "netIncome": "189000000"}, {"fiscalDateEnding": "2025-03-31", "reportedCurrency": "USD", "grossProfit": "704000000", "totalRevenue": "2109000000", "costOfRevenue": "1405000000", "costofGoodsAndServicesSold": "1405000000", "operatingIncome": "435000000", "sellingGeneralAndAdministrative": "184000000", "researchAndDevelopment": "None", "operatingExpenses": "269000000", "investmentIncomeNet": "None", "netInterestIncome": "-130000000", "interestIncome": "8000000", "interestExpense": "186000000", "nonInterestIncome": "None", "otherNonOperatingIncome": "None", "depreciation": "None", "depreciationAndAmortization": "71000000", "incomeBeforeTax": "305000000", "incomeTaxExpense": "82000000", "interestAndDebtExpense": "None", "netIncomeFromContinuingOperations": "223000000", "comprehensiveIncomeNetOfTax": "None", "ebit": "437000000", "ebitda": "508000000", "netIncome": "159000000"}, {"fiscalDateEnding": "2024-12-31", "reportedCurrency": "USD", "grossProfit": "744000000", "totalRevenue": "2296000000", "costOfRevenue": "1552000000", "costofGoodsAndServicesSold": "1552000000", "operatingIncome": "635000000", "sellingGeneralAndAdministrative": "185000000", "researchAndDevelopment": "None", "operatingExpenses": "109000000", "investmentIncomeNet": "None", "netInterestIncome": "-135000000", "interestIncome": "10000000", "interestExpense": "194000000", "nonInterestIncome": "None", "otherNonOperatingIncome": "None", "depreciation": "None", "depreciationAndAmortization": "77000000", "incomeBeforeTax": "500000000", "incomeTaxExpense": "139000000", "interestAndDebtExpense": "None", "netIncomeFromContinuingOperations": "361000000", "comprehensiveIncomeNetOfTax": "None", "ebit": "639000000", "ebitda": "716000000", "netIncome": "259000000"}, {"fiscalDateEnding": "2024-09-30", "reportedCurrency": "USD", "grossProfit": "798000000", "totalRevenue": "2291000000", "costOfRevenue": "1493000000", "costofGoodsAndServicesSold": "1493000000", "operatingIncome": "577000000", "sellingGeneralAndAdministrative": "169000000", "researchAndDevelopment": "None", "operatingExpenses": "221000000", "investmentIncomeNet": "None", "netInterestIncome": "-147000000", "interestIncome": "9000000", "interestExpense": "206000000", "nonInterestIncome": "None", "otherNonOperatingIncome": "None", "depreciation": "None", "depreciationAndAmortization": "79000000", "incomeBeforeTax": "429000000", "incomeTaxExpense": "72000000", "interestAndDebtExpense": "None", "netIncomeFromContinuingOperations": "357000000", "comprehensiveIncomeNetOfTax": "None", "ebit": "578000000", "ebitda": "657000000", "netIncome": "252000000"}, {"fiscalDateEnding": "2024-06-30", "reportedCurrency": "USD", "grossProfit": "786000000", "totalRevenue": "2080000000", "costOfRevenue": "1294000000", "costofGoodsAndServicesSold": "1294000000", "operatingIncome": "663000000", "sellingGeneralAndAdministrative": "170000000", "researchAndDevelopment": "None", "operatingExpenses": "123000000", "investmentIncomeNet": "None", "netInterestIncome": "-147000000", "interestIncome": "9000000", "interestExpense": "204000000", "nonInterestIncome": "None", "otherNonOperatingIncome": "None", "depreciation": "None", "depreciationAndAmortization": "59000000", "incomeBeforeTax": "484000000", "incomeTaxExpense": "85000000", "interestAndDebtExpense": "None", "netIncomeFromContinuingOperations": "399000000", "comprehensiveIncomeNetOfTax": "None", "ebit": "634000000", "ebitda": "693000000", "netIncome": "280000000"}, {"fiscalDateEnding": "2024-03-31", "reportedCurrency": "USD", "grossProfit": "696000000", "totalRevenue": "1739000000", "costOfRevenue": "1043000000", "costofGoodsAndServicesSold": "1043000000", "operatingIncome": "544000000", "sellingGeneralAndAdministrative": "167000000", "researchAndDevelopment": "None", "operatingExpenses": "152000000", "investmentIncomeNet": "None", "netInterestIncome": "-148000000", "interestIncome": "11000000", "interestExpense": "200000000", "nonInterestIncome": "None", "otherNonOperatingIncome": "None", "depreciation": "None", "depreciationAndAmortization": "49000000", "incomeBeforeTax": "396000000", "incomeTaxExpense": "68000000", "interestAndDebtExpense": "None", "netIncomeFromContinuingOperations": "328000000", "comprehensiveIncomeNetOfTax": "None", "ebit": "549000000", "ebitda": "598000000", "netIncome": "230000000"}, {"fiscalDateEnding": "2023-12-31", "reportedCurrency": "USD", "grossProfit": "673000000", "totalRevenue": "1820000000", "costOfRevenue": "1147000000", "costofGoodsAndServicesSold": "1147000000", "operatingIncome": "468000000", "sellingGeneralAndAdministrative": "199000000", "researchAndDevelopment": "None", "operatingExpenses": "205000000", "investmentIncomeNet": "None", "netInterestIncome": "-152000000", "interestIncome": "11000000", "interestExpense": "202000000", "nonInterestIncome": "None", "otherNonOperatingIncome": "None", "depreciation": "None", "depreciationAndAmortization": "49000000", "incomeBeforeTax": "316000000", "incomeTaxExpense": "-410000000", "interestAndDebtExpense": "None", "netIncomeFromContinuingOperations": "726000000", "comprehensiveIncomeNetOfTax": "None", "ebit": "473000000", "ebitda": "522000000", "netIncome": "508000000"}, {"fiscalDateEnding": "2023-09-30", "reportedCurrency": "USD", "grossProfit": "762000000", "totalRevenue": "1837000000", "costOfRevenue": "1075000000", "costofGoodsAndServicesSold": "1075000000", "operatingIncome": "582000000", "sellingGeneralAndAdministrative": "164000000", "researchAndDevelopment": "None", "operatingExpenses": "180000000", "investmentIncomeNet": "None", "netInterestIncome": "-143000000", "interestIncome": "143000000", "interestExpense": "195000000", "nonInterestIncome": "None", "otherNonOperatingIncome": "None", "depreciation": "None", "depreciationAndAmortization": "47000000", "incomeBeforeTax": "423000000", "incomeTaxExpense": "59000000", "interestAndDebtExpense": "None", "netIncomeFromContinuingOperations": "364000000", "comprehensiveIncomeNetOfTax": "None", "ebit": "572000000", "ebitda": "619000000", "netIncome": "252000000"}, {"fiscalDateEnding": "2023-06-30", "reportedCurrency": "USD", "grossProfit": "721000000", "totalRevenue": "1775000000", "costOfRevenue": "1054000000", "costofGoodsAndServicesSold": "1054000000", "operatingIncome": "554000000", "sellingGeneralAndAdministrative": "156000000", "researchAndDevelopment": "None", "operatingExpenses": "167000000", "investmentIncomeNet": "None", "netInterestIncome": "-145000000", "interestIncome": "9000000", "interestExpense": "190000000", "nonInterestIncome": "None", "otherNonOperatingIncome": "None", "depreciation": "None", "depreciationAndAmortization": "49000000", "incomeBeforeTax": "409000000", "incomeTaxExpense": "58000000", "interestAndDebtExpense": "None", "netIncomeFromContinuingOperations": "351000000", "comprehensiveIncomeNetOfTax": "None", "ebit": "556000000", "ebitda": "605000000", "netIncome": "241000000"}, {"fiscalDateEnding": "2023-03-31", "reportedCurrency": "USD", "grossProfit": "646000000", "totalRevenue": "1590000000", "costOfRevenue": "944000000", "costofGoodsAndServicesSold": "944000000", "operatingIncome": "447000000", "sellingGeneralAndAdministrative": "151000000", "researchAndDevelopment": "None", "operatingExpenses": "199000000", "investmentIncomeNet": "None", "netInterestIncome": "-142000000", "interestIncome": "142000000", "interestExpense": "179000000", "nonInterestIncome": "None", "otherNonOperatingIncome": "None", "depreciation": "None", "depreciationAndAmortization": "46000000", "incomeBeforeTax": "305000000", "incomeTaxExpense": "28000000", "interestAndDebtExpense": "None", "netIncomeFromContinuingOperations": "277000000", "comprehensiveIncomeNetOfTax": "None", "ebit": "447000000", "ebitda": "493000000", "netIncome": "189000000"}, {"fiscalDateEnding": "2022-12-31", "reportedCurrency": "USD", "grossProfit": "649000000", "totalRevenue": "1689000000", "costOfRevenue": "1040000000", "costofGoodsAndServicesSold": "1040000000", "operatingIncome": "346000000", "sellingGeneralAndAdministrative": "148000000", "researchAndDevelopment": "None", "operatingExpenses": "303000000", "investmentIncomeNet": "None", "netInterestIncome": "-144000000", "interestIncome": "144000000", "interestExpense": "170000000", "nonInterestIncome": "None", "otherNonOperatingIncome": "None", "depreciation": "None", "depreciationAndAmortization": "47000000", "incomeBeforeTax": "202000000", "incomeTaxExpense": "-134000000", "interestAndDebtExpense": "None", "netIncomeFromContinuingOperations": "102000000", "comprehensiveIncomeNetOfTax": "None", "ebit": "343000000", "ebitda": "390000000", "netIncome": "229000000"}, {"fiscalDateEnding": "2022-09-30", "reportedCurrency": "USD", "grossProfit": "698000000", "totalRevenue": "1726000000", "costOfRevenue": "1028000000", "costofGoodsAndServicesSold": "1028000000", "operatingIncome": "561000000", "sellingGeneralAndAdministrative": "135000000", "researchAndDevelopment": "None", "operatingExpenses": "137000000", "investmentIncomeNet": "None", "netInterestIncome": "-133000000", "interestIncome": "133000000", "interestExpense": "144000000", "nonInterestIncome": "None", "otherNonOperatingIncome": "None", "depreciation": "None", "depreciationAndAmortization": "46000000", "incomeBeforeTax": "428000000", "incomeTaxExpense": "-102000000", "interestAndDebtExpense": "None", "netIncomeFromContinuingOperations": "530000000", "comprehensiveIncomeNetOfTax": "None", "ebit": "556000000", "ebitda": "602000000", "netIncome": "360000000"}, {"fiscalDateEnding": "2022-06-30", "reportedCurrency": "USD", "grossProfit": "671000000", "totalRevenue": "1639000000", "costOfRevenue": "968000000", "costofGoodsAndServicesSold": "968000000", "operatingIncome": "541000000", "sellingGeneralAndAdministrative": "129000000", "researchAndDevelopment": "None", "operatingExpenses": "130000000", "investmentIncomeNet": "None", "netInterestIncome": "-129000000", "interestIncome": "1000000", "interestExpense": "119000000", "nonInterestIncome": "None", "otherNonOperatingIncome": "None", "depreciation": "None", "depreciationAndAmortization": "48000000", "incomeBeforeTax": "412000000", "incomeTaxExpense": "66000000", "interestAndDebtExpense": "None", "netIncomeFromContinuingOperations": "346000000", "comprehensiveIncomeNetOfTax": "None", "ebit": "535000000", "ebitda": "583000000", "netIncome": "236000000"}, {"fiscalDateEnding": "2022-03-31", "reportedCurrency": "USD", "grossProfit": "580000000", "totalRevenue": "1451000000", "costOfRevenue": "871000000", "costofGoodsAndServicesSold": "871000000", "operatingIncome": "450000000", "sellingGeneralAndAdministrative": "124000000", "researchAndDevelopment": "None", "operatingExpenses": "130000000", "investmentIncomeNet": "None", "netInterestIncome": "-127000000", "interestIncome": "127000000", "interestExpense": "109000000", "nonInterestIncome": "None", "otherNonOperatingIncome": "None", "depreciation": "None", "depreciationAndAmortization": "49000000", "incomeBeforeTax": "323000000", "incomeTaxExpense": "53000000", "interestAndDebtExpense": "None", "netIncomeFromContinuingOperations": "270000000", "comprehensiveIncomeNetOfTax": "None", "ebit": "443000000", "ebitda": "492000000", "netIncome": "183000000"}, {"fiscalDateEnding": "2021-12-31", "reportedCurrency": "USD", "grossProfit": "632000000", "totalRevenue": "1546000000", "costOfRevenue": "914000000", "costofGoodsAndServicesSold": "914000000", "operatingIncome": "416000000", "sellingGeneralAndAdministrative": "170000000", "researchAndDevelopment": "None", "operatingExpenses": "216000000", "investmentIncomeNet": "None", "netInterestIncome": "-127000000", "interestIncome": "352904.27", "interestExpense": "106000000", "nonInterestIncome": "None", "otherNonOperatingIncome": "None", "depreciation": "None", "depreciationAndAmortization": "51000000", "incomeBeforeTax": "289000000", "incomeTaxExpense": "27000000", "interestAndDebtExpense": "None", "netIncomeFromContinuingOperations": "262000000", "comprehensiveIncomeNetOfTax": "None", "ebit": "410000000", "ebitda": "461000000", "netIncome": "179000000"}, {"fiscalDateEnding": "2021-09-30", "reportedCurrency": "USD", "grossProfit": "639000000", "totalRevenue": "1495000000", "costOfRevenue": "856000000", "costofGoodsAndServicesSold": "856000000", "operatingIncome": "533000000", "sellingGeneralAndAdministrative": "105000000", "researchAndDevelopment": "None", "operatingExpenses": "106000000", "investmentIncomeNet": "None", "netInterestIncome": "-128000000", "interestIncome": "1000000", "interestExpense": "109000000", "nonInterestIncome": "None", "otherNonOperatingIncome": "-11000000", "depreciation": "None", "depreciationAndAmortization": "50000000", "incomeBeforeTax": "394000000", "incomeTaxExpense": "65000000", "interestAndDebtExpense": "None", "netIncomeFromContinuingOperations": "329000000", "comprehensiveIncomeNetOfTax": "None", "ebit": "516000000", "ebitda": "566000000", "netIncome": "221000000"}, {"fiscalDateEnding": "2021-06-30", "reportedCurrency": "USD", "grossProfit": "607000000", "totalRevenue": "1438000000", "costOfRevenue": "831000000", "costofGoodsAndServicesSold": "831000000", "operatingIncome": "488000000", "sellingGeneralAndAdministrative": "100000000", "researchAndDevelopment": "None", "operatingExpenses": "119000000", "investmentIncomeNet": "None", "netInterestIncome": "-126000000", "interestIncome": "126000000", "interestExpense": "106000000", "nonInterestIncome": "None", "otherNonOperatingIncome": "None", "depreciation": "None", "depreciationAndAmortization": "51000000", "incomeBeforeTax": "362000000", "incomeTaxExpense": "-29000000", "interestAndDebtExpense": "None", "netIncomeFromContinuingOperations": "391000000", "comprehensiveIncomeNetOfTax": "None", "ebit": "482000000", "ebitda": "533000000", "netIncome": "259000000"}, {"fiscalDateEnding": "2021-03-31", "reportedCurrency": "USD", "grossProfit": "506000000", "totalRevenue": "1260000000", "costOfRevenue": "754000000", "costofGoodsAndServicesSold": "754000000", "operatingIncome": "442000000", "sellingGeneralAndAdministrative": "100000000", "researchAndDevelopment": "None", "operatingExpenses": "64000000", "investmentIncomeNet": "None", "netInterestIncome": "-124000000", "interestIncome": "1000000", "interestExpense": "107000000", "nonInterestIncome": "None", "otherNonOperatingIncome": "None", "depreciation": "None", "depreciationAndAmortization": "49000000", "incomeBeforeTax": "318000000", "incomeTaxExpense": "47000000", "interestAndDebtExpense": "None", "netIncomeFromContinuingOperations": "271000000", "comprehensiveIncomeNetOfTax": "None", "ebit": "436000000", "ebitda": "485000000", "netIncome": "179000000"}, {"fiscalDateEnding": "2020-12-31", "reportedCurrency": "USD", "grossProfit": "764000000", "totalRevenue": "1358000000", "costOfRevenue": "594000000", "costofGoodsAndServicesSold": "594000000", "operatingIncome": "373000000", "sellingGeneralAndAdministrative": "332000000", "researchAndDevelopment": "None", "operatingExpenses": "391000000", "investmentIncomeNet": "None", "netInterestIncome": "-132000000", "interestIncome": "132000000", "interestExpense": "115000000", "nonInterestIncome": "None", "otherNonOperatingIncome": "-98000000", "depreciation": "None", "depreciationAndAmortization": "50000000", "incomeBeforeTax": "143000000", "incomeTaxExpense": "4000000", "interestAndDebtExpense": "None", "netIncomeFromContinuingOperations": "271000000", "comprehensiveIncomeNetOfTax": "None", "ebit": "269000000", "ebitda": "319000000", "netIncome": "91000000"}, {"fiscalDateEnding": "2020-09-30", "reportedCurrency": "USD", "grossProfit": "585000000", "totalRevenue": "1337000000", "costOfRevenue": "752000000", "costofGoodsAndServicesSold": "752000000", "operatingIncome": "417000000", "sellingGeneralAndAdministrative": "88000000", "researchAndDevelopment": "None", "operatingExpenses": "168000000", "investmentIncomeNet": "None", "netInterestIncome": "-129000000", "interestIncome": "129000000", "interestExpense": "115000000", "nonInterestIncome": "None", "otherNonOperatingIncome": "None", "depreciation": "None", "depreciationAndAmortization": "48000000", "incomeBeforeTax": "288000000", "incomeTaxExpense": "65000000", "interestAndDebtExpense": "None", "netIncomeFromContinuingOperations": "223000000", "comprehensiveIncomeNetOfTax": "None", "ebit": "411000000", "ebitda": "459000000", "netIncome": "145000000"}, {"fiscalDateEnding": "2020-06-30", "reportedCurrency": "USD", "grossProfit": "374000000", "totalRevenue": "1048000000", "costOfRevenue": "674000000", "costofGoodsAndServicesSold": "674000000", "operatingIncome": "243000000", "sellingGeneralAndAdministrative": "83000000", "researchAndDevelopment": "None", "operatingExpenses": "131000000", "investmentIncomeNet": "None", "netInterestIncome": "-128000000", "interestIncome": "2000000", "interestExpense": "124000000", "nonInterestIncome": "None", "otherNonOperatingIncome": "None", "depreciation": "None", "depreciationAndAmortization": "46000000", "incomeBeforeTax": "115000000", "incomeTaxExpense": "-49000000", "interestAndDebtExpense": "None", "netIncomeFromContinuingOperations": "164000000", "comprehensiveIncomeNetOfTax": "None", "ebit": "239000000", "ebitda": "285000000", "netIncome": "106000000"}, {"fiscalDateEnding": "2020-03-31", "reportedCurrency": "USD", "grossProfit": "477000000", "totalRevenue": "1225000000", "costOfRevenue": "748000000", "costofGoodsAndServicesSold": "748000000", "operatingIncome": "389000000", "sellingGeneralAndAdministrative": "96000000", "researchAndDevelopment": "None", "operatingExpenses": "88000000", "investmentIncomeNet": "None", "netInterestIncome": "-119000000", "interestIncome": "5000000", "interestExpense": "130000000", "nonInterestIncome": "None", "otherNonOperatingIncome": "None", "depreciation": "None", "depreciationAndAmortization": "45000000", "incomeBeforeTax": "270000000", "incomeTaxExpense": "46000000", "interestAndDebtExpense": "None", "netIncomeFromContinuingOperations": "224000000", "comprehensiveIncomeNetOfTax": "None", "ebit": "388000000", "ebitda": "433000000", "netIncome": "144000000"}, {"fiscalDateEnding": "2019-12-31", "reportedCurrency": "USD", "grossProfit": "861000000", "totalRevenue": "1479000000", "costOfRevenue": "618000000", "costofGoodsAndServicesSold": "618000000", "operatingIncome": "511000000", "sellingGeneralAndAdministrative": "302000000", "researchAndDevelopment": "None", "operatingExpenses": "350000000", "investmentIncomeNet": "None", "netInterestIncome": "-126000000", "interestIncome": "6000000", "interestExpense": "137000000", "nonInterestIncome": "None", "otherNonOperatingIncome": "-19000000", "depreciation": "None", "depreciationAndAmortization": "46000000", "incomeBeforeTax": "366000000", "incomeTaxExpense": "109000000", "interestAndDebtExpense": "None", "netIncomeFromContinuingOperations": "633000000", "comprehensiveIncomeNetOfTax": "None", "ebit": "491000000", "ebitda": "537000000", "netIncome": "165000000"}, {"fiscalDateEnding": "2019-09-30", "reportedCurrency": "USD", "grossProfit": "850000000", "totalRevenue": "1458000000", "costOfRevenue": "608000000", "costofGoodsAndServicesSold": "608000000", "operatingIncome": "571000000", "sellingGeneralAndAdministrative": "310000000", "researchAndDevelopment": "None", "operatingExpenses": "279000000", "investmentIncomeNet": "None", "netInterestIncome": "-137000000", "interestIncome": "5000000", "interestExpense": "151000000", "nonInterestIncome": "None", "otherNonOperatingIncome": "-4000000", "depreciation": "None", "depreciationAndAmortization": "47000000", "incomeBeforeTax": "430000000", "incomeTaxExpense": "79000000", "interestAndDebtExpense": "None", "netIncomeFromContinuingOperations": "351000000", "comprehensiveIncomeNetOfTax": "None", "ebit": "565000000", "ebitda": "612000000", "netIncome": "201000000"}, {"fiscalDateEnding": "2019-06-30", "reportedCurrency": "USD", "grossProfit": "812000000", "totalRevenue": "1400000000", "costOfRevenue": "588000000", "costofGoodsAndServicesSold": "588000000", "operatingIncome": "491000000", "sellingGeneralAndAdministrative": "299000000", "researchAndDevelopment": "0", "operatingExpenses": "321000000", "investmentIncomeNet": "None", "netInterestIncome": "-137000000", "interestIncome": "5000000", "interestExpense": "155000000", "nonInterestIncome": "None", "otherNonOperatingIncome": "0", "depreciation": "None", "depreciationAndAmortization": "45000000", "incomeBeforeTax": "354000000", "incomeTaxExpense": "97000000", "interestAndDebtExpense": "None", "netIncomeFromContinuingOperations": "451000000", "comprehensiveIncomeNetOfTax": "None", "ebit": "488000000", "ebitda": "533000000", "netIncome": "142000000"}, {"fiscalDateEnding": "2019-03-31", "reportedCurrency": "USD", "grossProfit": "727000000", "totalRevenue": "1266000000", "costOfRevenue": "539000000", "costofGoodsAndServicesSold": "539000000", "operatingIncome": "434000000", "sellingGeneralAndAdministrative": "297000000", "researchAndDevelopment": "0", "operatingExpenses": "293000000", "investmentIncomeNet": "None", "netInterestIncome": "-132000000", "interestIncome": "132000000", "interestExpense": "153000000", "nonInterestIncome": "None", "otherNonOperatingIncome": "0", "depreciation": "None", "depreciationAndAmortization": "47000000", "incomeBeforeTax": "302000000", "incomeTaxExpense": "56000000", "interestAndDebtExpense": "None", "netIncomeFromContinuingOperations": "358000000", "comprehensiveIncomeNetOfTax": "None", "ebit": "431000000", "ebitda": "478000000", "netIncome": "135000000"}, {"fiscalDateEnding": "2018-12-31", "reportedCurrency": "USD", "grossProfit": "806800000", "totalRevenue": "1384500000", "costOfRevenue": "577700000", "costofGoodsAndServicesSold": "577700000", "operatingIncome": "516500000", "sellingGeneralAndAdministrative": "282800000", "researchAndDevelopment": "0", "operatingExpenses": "290300000", "investmentIncomeNet": "None", "netInterestIncome": "None", "interestIncome": "None", "interestExpense": "152200000", "nonInterestIncome": "None", "otherNonOperatingIncome": "0", "depreciation": "None", "depreciationAndAmortization": "42500000", "incomeBeforeTax": "386300000", "incomeTaxExpense": "85100000", "interestAndDebtExpense": "None", "netIncomeFromContinuingOperations": "474800000", "comprehensiveIncomeNetOfTax": "None", "ebit": "514100000", "ebitda": "556600000", "netIncome": "163000000"}, {"fiscalDateEnding": "2018-09-30", "reportedCurrency": "USD", "grossProfit": "798000000", "totalRevenue": "1375000000", "costOfRevenue": "577000000", "costofGoodsAndServicesSold": "577000000", "operatingIncome": "478000000", "sellingGeneralAndAdministrative": "284000000", "researchAndDevelopment": "0", "operatingExpenses": "320000000", "investmentIncomeNet": "None", "netInterestIncome": "None", "interestIncome": "None", "interestExpense": "134100000", "nonInterestIncome": "None", "otherNonOperatingIncome": "0", "depreciation": "None", "depreciationAndAmortization": "45000000", "incomeBeforeTax": "343000000", "incomeTaxExpense": "93000000", "interestAndDebtExpense": "None", "netIncomeFromContinuingOperations": "434800000", "comprehensiveIncomeNetOfTax": "None", "ebit": "474000000", "ebitda": "519000000", "netIncome": "134000000"}, {"fiscalDateEnding": "2018-06-30", "reportedCurrency": "USD", "grossProfit": "791000000", "totalRevenue": "1343000000", "costOfRevenue": "552000000", "costofGoodsAndServicesSold": "552000000", "operatingIncome": "502000000", "sellingGeneralAndAdministrative": "289000000", "researchAndDevelopment": "0", "operatingExpenses": "289000000", "investmentIncomeNet": "None", "netInterestIncome": "None", "interestIncome": "None", "interestExpense": "139100000", "nonInterestIncome": "None", "otherNonOperatingIncome": "0", "depreciation": "None", "depreciationAndAmortization": "46000000", "incomeBeforeTax": "372000000", "incomeTaxExpense": "58000000", "interestAndDebtExpense": "None", "netIncomeFromContinuingOperations": "431600000", "comprehensiveIncomeNetOfTax": "None", "ebit": "498000000", "ebitda": "544000000", "netIncome": "167000000"}, {"fiscalDateEnding": "2018-03-31", "reportedCurrency": "USD", "grossProfit": "721000000", "totalRevenue": "1254000000", "costOfRevenue": "533000000", "costofGoodsAndServicesSold": "533000000", "operatingIncome": "421000000", "sellingGeneralAndAdministrative": "283300000", "researchAndDevelopment": "0", "operatingExpenses": "300000000", "investmentIncomeNet": "None", "netInterestIncome": "None", "interestIncome": "None", "interestExpense": "140800000", "nonInterestIncome": "None", "otherNonOperatingIncome": "None", "depreciation": "None", "depreciationAndAmortization": "47000000", "incomeBeforeTax": "281000000", "incomeTaxExpense": "2000000", "interestAndDebtExpense": "None", "netIncomeFromContinuingOperations": "278800000", "comprehensiveIncomeNetOfTax": "None", "ebit": "417000000", "ebitda": "464000000", "netIncome": "148000000"}, {"fiscalDateEnding": "2017-12-31", "reportedCurrency": "USD", "grossProfit": "626400000", "totalRevenue": "1234200000", "costOfRevenue": "607800000", "costofGoodsAndServicesSold": "607800000", "operatingIncome": "506000000", "sellingGeneralAndAdministrative": "77200000", "researchAndDevelopment": "0", "operatingExpenses": "120400000", "investmentIncomeNet": "None", "netInterestIncome": "None", "interestIncome": "None", "interestExpense": "140000000", "nonInterestIncome": "None", "otherNonOperatingIncome": "-43400000", "depreciation": "None", "depreciationAndAmortization": "46200000", "incomeBeforeTax": "325800000", "incomeTaxExpense": "-252600000", "interestAndDebtExpense": "None", "netIncomeFromContinuingOperations": "578400000", "comprehensiveIncomeNetOfTax": "None", "ebit": "466200000", "ebitda": "512400000", "netIncome": "215200000"}, {"fiscalDateEnding": "2017-09-30", "reportedCurrency": "USD", "grossProfit": "596800000", "totalRevenue": "1208600000", "costOfRevenue": "611800000", "costofGoodsAndServicesSold": "611800000", "operatingIncome": "479300000", "sellingGeneralAndAdministrative": "87400000", "researchAndDevelopment": "0", "operatingExpenses": "117500000", "investmentIncomeNet": "None", "netInterestIncome": "None", "interestIncome": "None", "interestExpense": "136900000", "nonInterestIncome": "None", "otherNonOperatingIncome": "-58200000", "depreciation": "None", "depreciationAndAmortization": "46200000", "incomeBeforeTax": "285100000", "incomeTaxExpense": "38300000", "interestAndDebtExpense": "None", "netIncomeFromContinuingOperations": "246800000", "comprehensiveIncomeNetOfTax": "None", "ebit": "421700000", "ebitda": "467900000", "netIncome": "158900000"}, {"fiscalDateEnding": "2017-06-30", "reportedCurrency": "USD", "grossProfit": "558800000", "totalRevenue": "1132700000", "costOfRevenue": "573900000", "costofGoodsAndServicesSold": "573900000", "operatingIncome": "414400000", "sellingGeneralAndAdministrative": "82600000", "researchAndDevelopment": "0", "operatingExpenses": "144400000", "investmentIncomeNet": "None", "netInterestIncome": "None", "interestIncome": "None", "interestExpense": "132100000", "nonInterestIncome": "None", "otherNonOperatingIncome": "None", "depreciation": "None", "depreciationAndAmortization": "45300000", "incomeBeforeTax": "286400000", "incomeTaxExpense": "42900000", "interestAndDebtExpense": "None", "netIncomeFromContinuingOperations": "243500000", "comprehensiveIncomeNetOfTax": "None", "ebit": "410300000", "ebitda": "455600000", "netIncome": "157000000"}, {"fiscalDateEnding": "2017-03-31", "reportedCurrency": "USD", "grossProfit": "466200000", "totalRevenue": "1000600000", "costOfRevenue": "534400000", "costofGoodsAndServicesSold": "534400000", "operatingIncome": "336200000", "sellingGeneralAndAdministrative": "81800000", "researchAndDevelopment": "0", "operatingExpenses": "130000000", "investmentIncomeNet": "None", "netInterestIncome": "None", "interestIncome": "None", "interestExpense": "106776929", "nonInterestIncome": "None", "otherNonOperatingIncome": "-20400000", "depreciation": "None", "depreciationAndAmortization": "43400000", "incomeBeforeTax": "204400000", "incomeTaxExpense": "37800000", "interestAndDebtExpense": "None", "netIncomeFromContinuingOperations": "166600000", "comprehensiveIncomeNetOfTax": "None", "ebit": "309400000", "ebitda": "352800000", "netIncome": "117700000"}, {"fiscalDateEnding": "2016-12-31", "reportedCurrency": "USD", "grossProfit": "539200000", "totalRevenue": "1111400000", "costOfRevenue": "572200000", "costofGoodsAndServicesSold": "572200000", "operatingIncome": "491600000", "sellingGeneralAndAdministrative": "82600000", "researchAndDevelopment": "0", "operatingExpenses": "47600000", "investmentIncomeNet": "None", "netInterestIncome": "None", "interestIncome": "None", "interestExpense": "109451520", "nonInterestIncome": "None", "otherNonOperatingIncome": "None", "depreciation": "None", "depreciationAndAmortization": "43100000", "incomeBeforeTax": "374300000", "incomeTaxExpense": "72900000", "interestAndDebtExpense": "None", "netIncomeFromContinuingOperations": "301400000", "comprehensiveIncomeNetOfTax": "None", "ebit": "485100000", "ebitda": "528200000", "netIncome": "185900000"}, {"fiscalDateEnding": "2016-09-30", "reportedCurrency": "USD", "grossProfit": "508800000", "totalRevenue": "1075700000", "costOfRevenue": "566900000", "costofGoodsAndServicesSold": "566900000", "operatingIncome": "420500000", "sellingGeneralAndAdministrative": "72300000", "researchAndDevelopment": "0", "operatingExpenses": "88300000", "investmentIncomeNet": "None", "netInterestIncome": "None", "interestIncome": "None", "interestExpense": "111854754", "nonInterestIncome": "None", "otherNonOperatingIncome": "None", "depreciation": "None", "depreciationAndAmortization": "43300000", "incomeBeforeTax": "303200000", "incomeTaxExpense": "64600000", "interestAndDebtExpense": "None", "netIncomeFromContinuingOperations": "238600000", "comprehensiveIncomeNetOfTax": "None", "ebit": "412000000", "ebitda": "455300000", "netIncome": "153800000"}, {"fiscalDateEnding": "2016-06-30", "reportedCurrency": "USD", "grossProfit": "490300000", "totalRevenue": "1040200000", "costOfRevenue": "549900000", "costofGoodsAndServicesSold": "549900000", "operatingIncome": "424000000", "sellingGeneralAndAdministrative": "63800000", "researchAndDevelopment": "0", "operatingExpenses": "66300000", "investmentIncomeNet": "None", "netInterestIncome": "None", "interestIncome": "None", "interestExpense": "108500000", "nonInterestIncome": "None", "otherNonOperatingIncome": "None", "depreciation": "None", "depreciationAndAmortization": "43600000", "incomeBeforeTax": "306800000", "incomeTaxExpense": "59200000", "interestAndDebtExpense": "None", "netIncomeFromContinuingOperations": "247600000", "comprehensiveIncomeNetOfTax": "None", "ebit": "415300000", "ebitda": "458900000", "netIncome": "158400000"}, {"fiscalDateEnding": "2016-03-31", "reportedCurrency": "USD", "grossProfit": "426100000", "totalRevenue": "918500000", "costOfRevenue": "492400000", "costofGoodsAndServicesSold": "492400000", "operatingIncome": "330600000", "sellingGeneralAndAdministrative": "66100000", "researchAndDevelopment": "0", "operatingExpenses": "95500000", "investmentIncomeNet": "None", "netInterestIncome": "None", "interestIncome": "None", "interestExpense": "106000000", "nonInterestIncome": "None", "otherNonOperatingIncome": "None", "depreciation": "None", "depreciationAndAmortization": "42100000", "incomeBeforeTax": "215500000", "incomeTaxExpense": "47200000", "interestAndDebtExpense": "None", "netIncomeFromContinuingOperations": "168300000", "comprehensiveIncomeNetOfTax": "None", "ebit": "321500000", "ebitda": "363600000", "netIncome": "117500000"}, {"fiscalDateEnding": "2015-12-31", "reportedCurrency": "USD", "grossProfit": "464100000", "totalRevenue": "1057000000", "costOfRevenue": "592900000", "costofGoodsAndServicesSold": "592900000", "operatingIncome": "322000000", "sellingGeneralAndAdministrative": "76700000", "researchAndDevelopment": "0", "operatingExpenses": "142100000", "investmentIncomeNet": "None", "netInterestIncome": "None", "interestIncome": "None", "interestExpense": "106700000", "nonInterestIncome": "None", "otherNonOperatingIncome": "None", "depreciation": "None", "depreciationAndAmortization": "44200000", "incomeBeforeTax": "206000000", "incomeTaxExpense": "21500000", "interestAndDebtExpense": "None", "netIncomeFromContinuingOperations": "511700000", "comprehensiveIncomeNetOfTax": "None", "ebit": "312700000", "ebitda": "356900000", "netIncome": "119200000"}, {"fiscalDateEnding": "2015-09-30", "reportedCurrency": "USD", "grossProfit": "458700000", "totalRevenue": "1019700000", "costOfRevenue": "561000000", "costofGoodsAndServicesSold": "561000000", "operatingIncome": "344000000", "sellingGeneralAndAdministrative": "73000000", "researchAndDevelopment": "0", "operatingExpenses": "114700000", "investmentIncomeNet": "None", "netInterestIncome": "None", "interestIncome": "None", "interestExpense": "106500000", "nonInterestIncome": "None", "otherNonOperatingIncome": "-400000", "depreciation": "None", "depreciationAndAmortization": "43100000", "incomeBeforeTax": "227600000", "incomeTaxExpense": "44700000", "interestAndDebtExpense": "None", "netIncomeFromContinuingOperations": "182900000", "comprehensiveIncomeNetOfTax": "None", "ebit": "334100000", "ebitda": "377200000", "netIncome": "117100000"}, {"fiscalDateEnding": "2015-06-30", "reportedCurrency": "USD", "grossProfit": "445700000", "totalRevenue": "1042200000", "costOfRevenue": "596500000", "costofGoodsAndServicesSold": "596500000", "operatingIncome": "302100000", "sellingGeneralAndAdministrative": "66800000", "researchAndDevelopment": "0", "operatingExpenses": "143600000", "investmentIncomeNet": "None", "netInterestIncome": "None", "interestIncome": "None", "interestExpense": "115200000", "nonInterestIncome": "None", "otherNonOperatingIncome": "None", "depreciation": "None", "depreciationAndAmortization": "45900000", "incomeBeforeTax": "139000000", "incomeTaxExpense": "45200000", "interestAndDebtExpense": "None", "netIncomeFromContinuingOperations": "0", "comprehensiveIncomeNetOfTax": "None", "ebit": "254200000", "ebitda": "300100000", "netIncome": "78500000"}, {"fiscalDateEnding": "2015-03-31", "reportedCurrency": "USD", "grossProfit": "371000000", "totalRevenue": "933300000", "costOfRevenue": "562300000", "costofGoodsAndServicesSold": "562300000", "operatingIncome": "224100000", "sellingGeneralAndAdministrative": "73800000", "researchAndDevelopment": "0", "operatingExpenses": "146900000", "investmentIncomeNet": "None", "netInterestIncome": "None", "interestIncome": "None", "interestExpense": "116600000", "nonInterestIncome": "None", "otherNonOperatingIncome": "300000", "depreciation": "None", "depreciationAndAmortization": "48800000", "incomeBeforeTax": "101300000", "incomeTaxExpense": "50700000", "interestAndDebtExpense": "None", "netIncomeFromContinuingOperations": "50900000", "comprehensiveIncomeNetOfTax": "None", "ebit": "217900000", "ebitda": "266700000", "netIncome": "60400000"}, {"fiscalDateEnding": "2014-12-31", "reportedCurrency": "USD", "grossProfit": "245100000", "totalRevenue": "416300000", "costOfRevenue": "171200000", "costofGoodsAndServicesSold": "171200000", "operatingIncome": "-101300000", "sellingGeneralAndAdministrative": "72200000", "researchAndDevelopment": "0", "operatingExpenses": "346400000", "investmentIncomeNet": "None", "netInterestIncome": "None", "interestIncome": "None", "interestExpense": "125200000", "nonInterestIncome": "None", "otherNonOperatingIncome": "None", "depreciation": "None", "depreciationAndAmortization": "24200000", "incomeBeforeTax": "-384900000", "incomeTaxExpense": "4500000", "interestAndDebtExpense": "None", "netIncomeFromContinuingOperations": "-269300000", "comprehensiveIncomeNetOfTax": "None", "ebit": "-259700000", "ebitda": "-235500000", "netIncome": "46000000"}, {"fiscalDateEnding": "2014-09-30", "reportedCurrency": "USD", "grossProfit": "221000000", "totalRevenue": "278900000", "costOfRevenue": "57900000", "costofGoodsAndServicesSold": "57900000", "operatingIncome": "900000", "sellingGeneralAndAdministrative": "43500000", "researchAndDevelopment": "0", "operatingExpenses": "220100000", "investmentIncomeNet": "None", "netInterestIncome": "None", "interestIncome": "None", "interestExpense": "49200000", "nonInterestIncome": "None", "otherNonOperatingIncome": "None", "depreciation": "None", "depreciationAndAmortization": "16500000", "incomeBeforeTax": "-50400000", "incomeTaxExpense": "-26900000", "interestAndDebtExpense": "None", "netIncomeFromContinuingOperations": "0", "comprehensiveIncomeNetOfTax": "None", "ebit": "-1200000", "ebitda": "15300000", "netIncome": "-23500000"}, {"fiscalDateEnding": "2014-06-30", "reportedCurrency": "USD", "grossProfit": "209800000", "totalRevenue": "261200000", "costOfRevenue": "51400000", "costofGoodsAndServicesSold": "51400000", "operatingIncome": "151500000", "sellingGeneralAndAdministrative": "43500000", "researchAndDevelopment": "0", "operatingExpenses": "58300000", "investmentIncomeNet": "None", "netInterestIncome": "None", "interestIncome": "None", "interestExpense": "48700000", "nonInterestIncome": "None", "otherNonOperatingIncome": "None", "depreciation": "None", "depreciationAndAmortization": "15800000", "incomeBeforeTax": "100900000", "incomeTaxExpense": "25800000", "interestAndDebtExpense": "None", "netIncomeFromContinuingOperations": "0", "comprehensiveIncomeNetOfTax": "None", "ebit": "149600000", "ebitda": "165400000", "netIncome": "75100000"}, {"fiscalDateEnding": "2014-03-31", "reportedCurrency": "USD", "grossProfit": "188000000", "totalRevenue": "240900000", "costOfRevenue": "52900000", "costofGoodsAndServicesSold": "52900000", "operatingIncome": "131300000", "sellingGeneralAndAdministrative": "44800000", "researchAndDevelopment": "0", "operatingExpenses": "56700000", "investmentIncomeNet": "None", "netInterestIncome": "None", "interestIncome": "None", "interestExpense": "48100000", "nonInterestIncome": "None", "otherNonOperatingIncome": "None", "depreciation": "None", "depreciationAndAmortization": "16400000", "incomeBeforeTax": "81300000", "incomeTaxExpense": "20900000", "interestAndDebtExpense": "None", "netIncomeFromContinuingOperations": "0", "comprehensiveIncomeNetOfTax": "None", "ebit": "129400000", "ebitda": "145800000", "netIncome": "60400000"}, {"fiscalDateEnding": "2013-12-31", "reportedCurrency": "USD", "grossProfit": "208600000", "totalRevenue": "265200000", "costOfRevenue": "56600000", "costofGoodsAndServicesSold": "56600000", "operatingIncome": "158100000", "sellingGeneralAndAdministrative": "51400000", "researchAndDevelopment": "0", "operatingExpenses": "69500000", "investmentIncomeNet": "None", "netInterestIncome": "None", "interestIncome": "None", "interestExpense": "51500000", "nonInterestIncome": "None", "otherNonOperatingIncome": "None", "depreciation": "None", "depreciationAndAmortization": "17400000", "incomeBeforeTax": "90400000", "incomeTaxExpense": "23600000", "interestAndDebtExpense": "None", "netIncomeFromContinuingOperations": "233700000", "comprehensiveIncomeNetOfTax": "None", "ebit": "158100000", "ebitda": "175500000", "netIncome": "66800000"}, {"fiscalDateEnding": "2013-09-30", "reportedCurrency": "USD", "grossProfit": "211700000", "totalRevenue": "275100000", "costOfRevenue": "63400000", "costofGoodsAndServicesSold": "63400000", "operatingIncome": "153600000", "sellingGeneralAndAdministrative": "56800000", "researchAndDevelopment": "0", "operatingExpenses": "68000000", "investmentIncomeNet": "None", "netInterestIncome": "None", "interestIncome": "None", "interestExpense": "50900000", "nonInterestIncome": "None", "otherNonOperatingIncome": "None", "depreciation": "None", "depreciationAndAmortization": "15800000", "incomeBeforeTax": "95300000", "incomeTaxExpense": "27100000", "interestAndDebtExpense": "None", "netIncomeFromContinuingOperations": "0", "comprehensiveIncomeNetOfTax": "None", "ebit": "153600000", "ebitda": "169400000", "netIncome": "68200000"}, {"fiscalDateEnding": "2013-06-30", "reportedCurrency": "USD", "grossProfit": "195000000", "totalRevenue": "278300000", "costOfRevenue": "83300000", "costofGoodsAndServicesSold": "83300000", "operatingIncome": "152500000", "sellingGeneralAndAdministrative": "58400000", "researchAndDevelopment": "0", "operatingExpenses": "63400000", "investmentIncomeNet": "None", "netInterestIncome": "None", "interestIncome": "None", "interestExpense": "50600000", "nonInterestIncome": "None", "otherNonOperatingIncome": "None", "depreciation": "None", "depreciationAndAmortization": "16000000", "incomeBeforeTax": "83200000", "incomeTaxExpense": "20300000", "interestAndDebtExpense": "None", "netIncomeFromContinuingOperations": "0", "comprehensiveIncomeNetOfTax": "None", "ebit": "152500000", "ebitda": "168500000", "netIncome": "62900000"}, {"fiscalDateEnding": "2013-03-31", "reportedCurrency": "USD", "grossProfit": "183300000", "totalRevenue": "327700000", "costOfRevenue": "144400000", "costofGoodsAndServicesSold": "144400000", "operatingIncome": "120800000", "sellingGeneralAndAdministrative": "64400000", "researchAndDevelopment": "0", "operatingExpenses": "80900000", "investmentIncomeNet": "None", "netInterestIncome": "None", "interestIncome": "None", "interestExpense": "49600000", "nonInterestIncome": "None", "otherNonOperatingIncome": "None", "depreciation": "None", "depreciationAndAmortization": "16600000", "incomeBeforeTax": "53300000", "incomeTaxExpense": "17500000", "interestAndDebtExpense": "None", "netIncomeFromContinuingOperations": "0", "comprehensiveIncomeNetOfTax": "None", "ebit": "120800000", "ebitda": "137400000", "netIncome": "35800000"}, {"fiscalDateEnding": "2012-12-31", "reportedCurrency": "USD", "grossProfit": "218200000", "totalRevenue": "404500000", "costOfRevenue": "186300000", "costofGoodsAndServicesSold": "186300000", "operatingIncome": "133400000", "sellingGeneralAndAdministrative": "73100000", "researchAndDevelopment": "0", "operatingExpenses": "110500000", "investmentIncomeNet": "None", "netInterestIncome": "None", "interestIncome": "None", "interestExpense": "50600000", "nonInterestIncome": "None", "otherNonOperatingIncome": "None", "depreciation": "None", "depreciationAndAmortization": "18200000", "incomeBeforeTax": "61700000", "incomeTaxExpense": "13100000", "interestAndDebtExpense": "None", "netIncomeFromContinuingOperations": "0", "comprehensiveIncomeNetOfTax": "None", "ebit": "133400000", "ebitda": "151600000", "netIncome": "48600000"}, {"fiscalDateEnding": "2012-09-30", "reportedCurrency": "USD", "grossProfit": "0", "totalRevenue": "455700000", "costOfRevenue": "229500000", "costofGoodsAndServicesSold": "229500000", "operatingIncome": "124700000", "sellingGeneralAndAdministrative": "72900000", "researchAndDevelopment": "0", "operatingExpenses": "0", "investmentIncomeNet": "None", "netInterestIncome": "None", "interestIncome": "None", "interestExpense": "57500000", "nonInterestIncome": "None", "otherNonOperatingIncome": "None", "depreciation": "None", "depreciationAndAmortization": "None", "incomeBeforeTax": "13500000", "incomeTaxExpense": "6900000", "interestAndDebtExpense": "None", "netIncomeFromContinuingOperations": "0", "comprehensiveIncomeNetOfTax": "None", "ebit": "0", "ebitda": "None", "netIncome": "6600000"}, {"fiscalDateEnding": "2012-06-30", "reportedCurrency": "USD", "grossProfit": "0", "totalRevenue": "540800000", "costOfRevenue": "305100000", "costofGoodsAndServicesSold": "305100000", "operatingIncome": "128900000", "sellingGeneralAndAdministrative": "73400000", "researchAndDevelopment": "0", "operatingExpenses": "0", "investmentIncomeNet": "None", "netInterestIncome": "None", "interestIncome": "None", "interestExpense": "57500000", "nonInterestIncome": "None", "otherNonOperatingIncome": "None", "depreciation": "None", "depreciationAndAmortization": "None", "incomeBeforeTax": "63000000", "incomeTaxExpense": "14800000", "interestAndDebtExpense": "None", "netIncomeFromContinuingOperations": "0", "comprehensiveIncomeNetOfTax": "None", "ebit": "0", "ebitda": "None", "netIncome": "48200000"}, {"fiscalDateEnding": "2012-03-31", "reportedCurrency": "USD", "grossProfit": "0", "totalRevenue": "569900000", "costOfRevenue": "348200000", "costofGoodsAndServicesSold": "348200000", "operatingIncome": "104100000", "sellingGeneralAndAdministrative": "83600000", "researchAndDevelopment": "0", "operatingExpenses": "0", "investmentIncomeNet": "None", "netInterestIncome": "None", "interestIncome": "None", "interestExpense": "59300000", "nonInterestIncome": "None", "otherNonOperatingIncome": "None", "depreciation": "None", "depreciationAndAmortization": "None", "incomeBeforeTax": "21500000", "incomeTaxExpense": "7200000", "interestAndDebtExpense": "None", "netIncomeFromContinuingOperations": "0", "comprehensiveIncomeNetOfTax": "None", "ebit": "0", "ebitda": "None", "netIncome": "14300000"}, {"fiscalDateEnding": "2011-12-31", "reportedCurrency": "USD", "grossProfit": "936800000", "totalRevenue": "580600000", "costOfRevenue": "347500000", "costofGoodsAndServicesSold": "347500000", "operatingIncome": "108200000", "sellingGeneralAndAdministrative": "91600000", "researchAndDevelopment": "0", "operatingExpenses": "0", "investmentIncomeNet": "None", "netInterestIncome": "None", "interestIncome": "None", "interestExpense": "61300000", "nonInterestIncome": "None", "otherNonOperatingIncome": "None", "depreciation": "None", "depreciationAndAmortization": "None", "incomeBeforeTax": "25400000", "incomeTaxExpense": "400000", "interestAndDebtExpense": "None", "netIncomeFromContinuingOperations": "0", "comprehensiveIncomeNetOfTax": "None", "ebit": "0", "ebitda": "None", "netIncome": "25000000"}, {"fiscalDateEnding": "2011-09-30", "reportedCurrency": "USD", "grossProfit": "0", "totalRevenue": "607700000", "costOfRevenue": "365300000", "costofGoodsAndServicesSold": "365300000", "operatingIncome": "125900000", "sellingGeneralAndAdministrative": "82200000", "researchAndDevelopment": "0", "operatingExpenses": "0", "investmentIncomeNet": "None", "netInterestIncome": "None", "interestIncome": "None", "interestExpense": "59300000", "nonInterestIncome": "None", "otherNonOperatingIncome": "None", "depreciation": "None", "depreciationAndAmortization": "None", "incomeBeforeTax": "52200000", "incomeTaxExpense": "13400000", "interestAndDebtExpense": "None", "netIncomeFromContinuingOperations": "0", "comprehensiveIncomeNetOfTax": "None", "ebit": "0", "ebitda": "None", "netIncome": "38800000"}, {"fiscalDateEnding": "2011-06-30", "reportedCurrency": "USD", "grossProfit": "0", "totalRevenue": "595400000", "costOfRevenue": "362500000", "costofGoodsAndServicesSold": "362500000", "operatingIncome": "115700000", "sellingGeneralAndAdministrative": "83400000", "researchAndDevelopment": "0", "operatingExpenses": "0", "investmentIncomeNet": "None", "netInterestIncome": "None", "interestIncome": "None", "interestExpense": "56500000", "nonInterestIncome": "None", "otherNonOperatingIncome": "None", "depreciation": "None", "depreciationAndAmortization": "None", "incomeBeforeTax": "42900000", "incomeTaxExpense": "12700000", "interestAndDebtExpense": "None", "netIncomeFromContinuingOperations": "0", "comprehensiveIncomeNetOfTax": "None", "ebit": "0", "ebitda": "None", "netIncome": "30200000"}, {"fiscalDateEnding": "2011-03-31", "reportedCurrency": "USD", "grossProfit": "0", "totalRevenue": "552000000", "costOfRevenue": "348700000", "costofGoodsAndServicesSold": "348700000", "operatingIncome": "84800000", "sellingGeneralAndAdministrative": "83500000", "researchAndDevelopment": "0", "operatingExpenses": "0", "investmentIncomeNet": "None", "netInterestIncome": "None", "interestIncome": "None", "interestExpense": "51200000", "nonInterestIncome": "None", "otherNonOperatingIncome": "None", "depreciation": "None", "depreciationAndAmortization": "None", "incomeBeforeTax": "0", "incomeTaxExpense": "100000", "interestAndDebtExpense": "None", "netIncomeFromContinuingOperations": "0", "comprehensiveIncomeNetOfTax": "None", "ebit": "0", "ebitda": "None", "netIncome": "0"}, {"fiscalDateEnding": "2010-06-30", "reportedCurrency": "USD", "grossProfit": "957300000", "totalRevenue": "623000000", "costOfRevenue": "388600000", "costofGoodsAndServicesSold": "388600000", "operatingIncome": "81500000", "sellingGeneralAndAdministrative": "121100000", "researchAndDevelopment": "0", "operatingExpenses": "0", "investmentIncomeNet": "None", "netInterestIncome": "None", "interestIncome": "None", "interestExpense": "12200000", "nonInterestIncome": "None", "otherNonOperatingIncome": "None", "depreciation": "None", "depreciationAndAmortization": "None", "incomeBeforeTax": "70800000", "incomeTaxExpense": "21800000", "interestAndDebtExpense": "None", "netIncomeFromContinuingOperations": "0", "comprehensiveIncomeNetOfTax": "None", "ebit": "0", "ebitda": "None", "netIncome": "49000000"}, {"fiscalDateEnding": "2010-03-31", "reportedCurrency": "USD", "grossProfit": "0", "totalRevenue": "596900000", "costOfRevenue": "377200000", "costofGoodsAndServicesSold": "377200000", "operatingIncome": "74400000", "sellingGeneralAndAdministrative": "117800000", "researchAndDevelopment": "0", "operatingExpenses": "0", "investmentIncomeNet": "None", "netInterestIncome": "None", "interestIncome": "None", "interestExpense": "12200000", "nonInterestIncome": "None", "otherNonOperatingIncome": "None", "depreciation": "None", "depreciationAndAmortization": "None", "incomeBeforeTax": "67000000", "incomeTaxExpense": "26000000", "interestAndDebtExpense": "None", "netIncomeFromContinuingOperations": "0", "comprehensiveIncomeNetOfTax": "None", "ebit": "0", "ebitda": "None", "netIncome": "41000000"}, {"fiscalDateEnding": "2009-12-31", "reportedCurrency": "USD", "grossProfit": "0", "totalRevenue": "645400000", "costOfRevenue": "398800000", "costofGoodsAndServicesSold": "398800000", "operatingIncome": "90600000", "sellingGeneralAndAdministrative": "128700000", "researchAndDevelopment": "0", "operatingExpenses": "0", "investmentIncomeNet": "None", "netInterestIncome": "None", "interestIncome": "None", "interestExpense": "12400000", "nonInterestIncome": "None", "otherNonOperatingIncome": "None", "depreciation": "None", "depreciationAndAmortization": "None", "incomeBeforeTax": "76000000", "incomeTaxExpense": "25800000", "interestAndDebtExpense": "None", "netIncomeFromContinuingOperations": "0", "comprehensiveIncomeNetOfTax": "None", "ebit": "0", "ebitda": "None", "netIncome": "50200000"}, {"fiscalDateEnding": "2009-09-30", "reportedCurrency": "USD", "grossProfit": "0", "totalRevenue": "636900000", "costOfRevenue": "397900000", "costofGoodsAndServicesSold": "397900000", "operatingIncome": "84000000", "sellingGeneralAndAdministrative": "129900000", "researchAndDevelopment": "0", "operatingExpenses": "0", "investmentIncomeNet": "None", "netInterestIncome": "None", "interestIncome": "None", "interestExpense": "12800000", "nonInterestIncome": "None", "otherNonOperatingIncome": "None", "depreciation": "None", "depreciationAndAmortization": "None", "incomeBeforeTax": "70500000", "incomeTaxExpense": "23900000", "interestAndDebtExpense": "None", "netIncomeFromContinuingOperations": "0", "comprehensiveIncomeNetOfTax": "None", "ebit": "0", "ebitda": "None", "netIncome": "46600000"}, {"fiscalDateEnding": "2009-06-30", "reportedCurrency": "USD", "grossProfit": "954500000", "totalRevenue": "629900000", "costOfRevenue": "394500000", "costofGoodsAndServicesSold": "394500000", "operatingIncome": "81700000", "sellingGeneralAndAdministrative": "128100000", "researchAndDevelopment": "0", "operatingExpenses": "0", "investmentIncomeNet": "None", "netInterestIncome": "None", "interestIncome": "None", "interestExpense": "13100000", "nonInterestIncome": "None", "otherNonOperatingIncome": "None", "depreciation": "None", "depreciationAndAmortization": "None", "incomeBeforeTax": "75100000", "incomeTaxExpense": "16200000", "interestAndDebtExpense": "None", "netIncomeFromContinuingOperations": "0", "comprehensiveIncomeNetOfTax": "None", "ebit": "0", "ebitda": "None", "netIncome": "58900000"}, {"fiscalDateEnding": "2009-03-31", "reportedCurrency": "USD", "grossProfit": "0", "totalRevenue": "599900000", "costOfRevenue": "386200000", "costofGoodsAndServicesSold": "386200000", "operatingIncome": "74500000", "sellingGeneralAndAdministrative": "115700000", "researchAndDevelopment": "0", "operatingExpenses": "0", "investmentIncomeNet": "None", "netInterestIncome": "None", "interestIncome": "None", "interestExpense": "13200000", "nonInterestIncome": "None", "otherNonOperatingIncome": "None", "depreciation": "None", "depreciationAndAmortization": "None", "incomeBeforeTax": "63000000", "incomeTaxExpense": "15900000", "interestAndDebtExpense": "None", "netIncomeFromContinuingOperations": "0", "comprehensiveIncomeNetOfTax": "None", "ebit": "0", "ebitda": "None", "netIncome": "47100000"}, {"fiscalDateEnding": "2008-12-31", "reportedCurrency": "USD", "grossProfit": "0", "totalRevenue": "634100000", "costOfRevenue": "399000000", "costofGoodsAndServicesSold": "399000000", "operatingIncome": "88700000", "sellingGeneralAndAdministrative": "123400000", "researchAndDevelopment": "0", "operatingExpenses": "0", "investmentIncomeNet": "None", "netInterestIncome": "None", "interestIncome": "None", "interestExpense": "16000000", "nonInterestIncome": "None", "otherNonOperatingIncome": "None", "depreciation": "None", "depreciationAndAmortization": "None", "incomeBeforeTax": "71200000", "incomeTaxExpense": "26900000", "interestAndDebtExpense": "None", "netIncomeFromContinuingOperations": "0", "comprehensiveIncomeNetOfTax": "None", "ebit": "0", "ebitda": "None", "netIncome": "44300000"}, {"fiscalDateEnding": "2008-09-30", "reportedCurrency": "USD", "grossProfit": "0", "totalRevenue": "673500000", "costOfRevenue": "424000000", "costofGoodsAndServicesSold": "424000000", "operatingIncome": "96800000", "sellingGeneralAndAdministrative": "127100000", "researchAndDevelopment": "0", "operatingExpenses": "0", "investmentIncomeNet": "None", "netInterestIncome": "None", "interestIncome": "None", "interestExpense": "15400000", "nonInterestIncome": "None", "otherNonOperatingIncome": "None", "depreciation": "None", "depreciationAndAmortization": "None", "incomeBeforeTax": "75500000", "incomeTaxExpense": "25700000", "interestAndDebtExpense": "None", "netIncomeFromContinuingOperations": "0", "comprehensiveIncomeNetOfTax": "None", "ebit": "0", "ebitda": "None", "netIncome": "49800000"}, {"fiscalDateEnding": "2008-06-30", "reportedCurrency": "USD", "grossProfit": "977000000", "totalRevenue": "646000000", "costOfRevenue": "400000000", "costofGoodsAndServicesSold": "400000000", "operatingIncome": "90000000", "sellingGeneralAndAdministrative": "130000000", "researchAndDevelopment": "0", "operatingExpenses": "0", "investmentIncomeNet": "None", "netInterestIncome": "None", "interestIncome": "None", "interestExpense": "14000000", "nonInterestIncome": "None", "otherNonOperatingIncome": "None", "depreciation": "None", "depreciationAndAmortization": "None", "incomeBeforeTax": "69000000", "incomeTaxExpense": "18000000", "interestAndDebtExpense": "None", "netIncomeFromContinuingOperations": "0", "comprehensiveIncomeNetOfTax": "None", "ebit": "0", "ebitda": "None", "netIncome": "51000000"}, {"fiscalDateEnding": "2008-03-31", "reportedCurrency": "USD", "grossProfit": "0", "totalRevenue": "594000000", "costOfRevenue": "367000000", "costofGoodsAndServicesSold": "367000000", "operatingIncome": "75000000", "sellingGeneralAndAdministrative": "126000000", "researchAndDevelopment": "0", "operatingExpenses": "0", "investmentIncomeNet": "None", "netInterestIncome": "None", "interestIncome": "None", "interestExpense": "17000000", "nonInterestIncome": "None", "otherNonOperatingIncome": "None", "depreciation": "None", "depreciationAndAmortization": "None", "incomeBeforeTax": "65000000", "incomeTaxExpense": "24000000", "interestAndDebtExpense": "None", "netIncomeFromContinuingOperations": "0", "comprehensiveIncomeNetOfTax": "None", "ebit": "0", "ebitda": "None", "netIncome": "41000000"}, {"fiscalDateEnding": "2007-12-31", "reportedCurrency": "USD", "grossProfit": "0", "totalRevenue": "613000000", "costOfRevenue": "371000000", "costofGoodsAndServicesSold": "371000000", "operatingIncome": "94000000", "sellingGeneralAndAdministrative": "125000000", "researchAndDevelopment": "0", "operatingExpenses": "0", "investmentIncomeNet": "None", "netInterestIncome": "None", "interestIncome": "None", "interestExpense": "18000000", "nonInterestIncome": "None", "otherNonOperatingIncome": "None", "depreciation": "None", "depreciationAndAmortization": "None", "incomeBeforeTax": "79000000", "incomeTaxExpense": "30000000", "interestAndDebtExpense": "None", "netIncomeFromContinuingOperations": "0", "comprehensiveIncomeNetOfTax": "None", "ebit": "0", "ebitda": "None", "netIncome": "49000000"}, {"fiscalDateEnding": "2007-09-30", "reportedCurrency": "USD", "grossProfit": "0", "totalRevenue": "602000000", "costOfRevenue": "366000000", "costofGoodsAndServicesSold": "366000000", "operatingIncome": "96000000", "sellingGeneralAndAdministrative": "119000000", "researchAndDevelopment": "0", "operatingExpenses": "0", "investmentIncomeNet": "None", "netInterestIncome": "None", "interestIncome": "None", "interestExpense": "18000000", "nonInterestIncome": "None", "otherNonOperatingIncome": "None", "depreciation": "None", "depreciationAndAmortization": "None", "incomeBeforeTax": "80000000", "incomeTaxExpense": "31000000", "interestAndDebtExpense": "None", "netIncomeFromContinuingOperations": "0", "comprehensiveIncomeNetOfTax": "None", "ebit": "0", "ebitda": "None", "netIncome": "49000000"}, {"fiscalDateEnding": "2007-06-30", "reportedCurrency": "USD", "grossProfit": "880000000", "totalRevenue": "590000000", "costOfRevenue": "361000000", "costofGoodsAndServicesSold": "361000000", "operatingIncome": "77000000", "sellingGeneralAndAdministrative": "128000000", "researchAndDevelopment": "0", "operatingExpenses": "0", "investmentIncomeNet": "None", "netInterestIncome": "None", "interestIncome": "None", "interestExpense": "17000000", "nonInterestIncome": "None", "otherNonOperatingIncome": "None", "depreciation": "None", "depreciationAndAmortization": "None", "incomeBeforeTax": "56000000", "incomeTaxExpense": "20000000", "interestAndDebtExpense": "None", "netIncomeFromContinuingOperations": "0", "comprehensiveIncomeNetOfTax": "None", "ebit": "0", "ebitda": "None", "netIncome": "36000000"}, {"fiscalDateEnding": "2007-03-31", "reportedCurrency": "USD", "grossProfit": "0", "totalRevenue": "539000000", "costOfRevenue": "338000000", "costofGoodsAndServicesSold": "338000000", "operatingIncome": "64000000", "sellingGeneralAndAdministrative": "115000000", "researchAndDevelopment": "0", "operatingExpenses": "0", "investmentIncomeNet": "None", "netInterestIncome": "None", "interestIncome": "None", "interestExpense": "18000000", "nonInterestIncome": "None", "otherNonOperatingIncome": "None", "depreciation": "None", "depreciationAndAmortization": "None", "incomeBeforeTax": "45000000", "incomeTaxExpense": "11000000", "interestAndDebtExpense": "None", "netIncomeFromContinuingOperations": "0", "comprehensiveIncomeNetOfTax": "None", "ebit": "0", "ebitda": "None", "netIncome": "34000000"}, {"fiscalDateEnding": "2006-12-31", "reportedCurrency": "USD", "grossProfit": "0", "totalRevenue": "559000000", "costOfRevenue": "345000000", "costofGoodsAndServicesSold": "345000000", "operatingIncome": "74000000", "sellingGeneralAndAdministrative": "119000000", "researchAndDevelopment": "0", "operatingExpenses": "0", "investmentIncomeNet": "None", "netInterestIncome": "None", "interestIncome": "None", "interestExpense": "19000000", "nonInterestIncome": "None", "otherNonOperatingIncome": "None", "depreciation": "None", "depreciationAndAmortization": "None", "incomeBeforeTax": "58000000", "incomeTaxExpense": "20000000", "interestAndDebtExpense": "None", "netIncomeFromContinuingOperations": "0", "comprehensiveIncomeNetOfTax": "None", "ebit": "0", "ebitda": "None", "netIncome": "38000000"}, {"fiscalDateEnding": "2006-09-30", "reportedCurrency": "USD", "grossProfit": "0", "totalRevenue": "546000000", "costOfRevenue": "337000000", "costofGoodsAndServicesSold": "337000000", "operatingIncome": "75000000", "sellingGeneralAndAdministrative": "112000000", "researchAndDevelopment": "0", "operatingExpenses": "0", "investmentIncomeNet": "None", "netInterestIncome": "None", "interestIncome": "None", "interestExpense": "19000000", "nonInterestIncome": "None", "otherNonOperatingIncome": "None", "depreciation": "None", "depreciationAndAmortization": "None", "incomeBeforeTax": "64000000", "incomeTaxExpense": "24000000", "interestAndDebtExpense": "None", "netIncomeFromContinuingOperations": "0", "comprehensiveIncomeNetOfTax": "None", "ebit": "0", "ebitda": "None", "netIncome": "40000000"}, {"fiscalDateEnding": "2006-06-30", "reportedCurrency": "USD", "grossProfit": "783000000", "totalRevenue": "533000000", "costOfRevenue": "325000000", "costofGoodsAndServicesSold": "325000000", "operatingIncome": "96000000", "sellingGeneralAndAdministrative": "87000000", "researchAndDevelopment": "0", "operatingExpenses": "0", "investmentIncomeNet": "None", "netInterestIncome": "None", "interestIncome": "None", "interestExpense": "22000000", "nonInterestIncome": "None", "otherNonOperatingIncome": "None", "depreciation": "None", "depreciationAndAmortization": "None", "incomeBeforeTax": "80000000", "incomeTaxExpense": "1000000", "interestAndDebtExpense": "None", "netIncomeFromContinuingOperations": "0", "comprehensiveIncomeNetOfTax": "None", "ebit": "0", "ebitda": "None", "netIncome": "27000000"}, {"fiscalDateEnding": "2006-03-31", "reportedCurrency": "USD", "grossProfit": "0", "totalRevenue": "495000000", "costOfRevenue": "314000000", "costofGoodsAndServicesSold": "314000000", "operatingIncome": "12000000", "sellingGeneralAndAdministrative": "148000000", "researchAndDevelopment": "0", "operatingExpenses": "0", "investmentIncomeNet": "None", "netInterestIncome": "None", "interestIncome": "None", "interestExpense": "22000000", "nonInterestIncome": "None", "otherNonOperatingIncome": "None", "depreciation": "None", "depreciationAndAmortization": "None", "incomeBeforeTax": "-53000000", "incomeTaxExpense": "6000000", "interestAndDebtExpense": "None", "netIncomeFromContinuingOperations": "0", "comprehensiveIncomeNetOfTax": "None", "ebit": "0", "ebitda": "None", "netIncome": "-27000000"}, {"fiscalDateEnding": "2005-12-31", "reportedCurrency": "USD", "grossProfit": "0", "totalRevenue": "512000000", "costOfRevenue": "314000000", "costofGoodsAndServicesSold": "314000000", "operatingIncome": "62000000", "sellingGeneralAndAdministrative": "115000000", "researchAndDevelopment": "0", "operatingExpenses": "0", "investmentIncomeNet": "None", "netInterestIncome": "None", "interestIncome": "None", "interestExpense": "19000000", "nonInterestIncome": "None", "otherNonOperatingIncome": "None", "depreciation": "None", "depreciationAndAmortization": "None", "incomeBeforeTax": "53000000", "incomeTaxExpense": "26000000", "interestAndDebtExpense": "None", "netIncomeFromContinuingOperations": "0", "comprehensiveIncomeNetOfTax": "None", "ebit": "0", "ebitda": "None", "netIncome": "27000000"}, {"fiscalDateEnding": "2005-09-30", "reportedCurrency": "USD", "grossProfit": "0", "totalRevenue": "508000000", "costOfRevenue": "312000000", "costofGoodsAndServicesSold": "312000000", "operatingIncome": "71000000", "sellingGeneralAndAdministrative": "104000000", "researchAndDevelopment": "0", "operatingExpenses": "0", "investmentIncomeNet": "None", "netInterestIncome": "None", "interestIncome": "None", "interestExpense": "18000000", "nonInterestIncome": "None", "otherNonOperatingIncome": "None", "depreciation": "None", "depreciationAndAmortization": "None", "incomeBeforeTax": "42000000", "incomeTaxExpense": "20000000", "interestAndDebtExpense": "None", "netIncomeFromContinuingOperations": "0", "comprehensiveIncomeNetOfTax": "None", "ebit": "0", "ebitda": "None", "netIncome": "22000000"}, {"fiscalDateEnding": "2005-06-30", "reportedCurrency": "USD", "grossProfit": "755000000", "totalRevenue": "503000000", "costOfRevenue": "330000000", "costofGoodsAndServicesSold": "330000000", "operatingIncome": "69000000", "sellingGeneralAndAdministrative": "104000000", "researchAndDevelopment": "0", "operatingExpenses": "0", "investmentIncomeNet": "None", "netInterestIncome": "None", "interestIncome": "None", "interestExpense": "82000000", "nonInterestIncome": "None", "otherNonOperatingIncome": "None", "depreciation": "None", "depreciationAndAmortization": "None", "incomeBeforeTax": "78000000", "incomeTaxExpense": "31000000", "interestAndDebtExpense": "None", "netIncomeFromContinuingOperations": "0", "comprehensiveIncomeNetOfTax": "None", "ebit": "0", "ebitda": "None", "netIncome": "2000000"}]}