{"symbol": "ALKS", "annualReports": [{"fiscalDateEnding": "2024-12-31", "reportedCurrency": "USD", "grossProfit": "1312301000", "totalRevenue": "1557632000", "costOfRevenue": "245331000", "costofGoodsAndServicesSold": "245331000", "operatingIncome": "420636000", "sellingGeneralAndAdministrative": "199024000", "researchAndDevelopment": "245326000", "operatingExpenses": "891665000", "investmentIncomeNet": "None", "netInterestIncome": "19872000", "interestIncome": "42450000", "interestExpense": "22578000", "nonInterestIncome": "None", "otherNonOperatingIncome": "None", "depreciation": "None", "depreciationAndAmortization": "28533000", "incomeBeforeTax": "443750000", "incomeTaxExpense": "71612000", "interestAndDebtExpense": "None", "netIncomeFromContinuingOperations": "372138000", "comprehensiveIncomeNetOfTax": "None", "ebit": "466328000", "ebitda": "494861000", "netIncome": "367070000"}, {"fiscalDateEnding": "2023-12-31", "reportedCurrency": "USD", "grossProfit": "1410368000", "totalRevenue": "1663405000", "costOfRevenue": "253037000", "costofGoodsAndServicesSold": "253037000", "operatingIncome": "414122000", "sellingGeneralAndAdministrative": "199597000", "researchAndDevelopment": "270806000", "operatingExpenses": "996246000", "investmentIncomeNet": "None", "netInterestIncome": "7822000", "interestIncome": "30854000", "interestExpense": "23032000", "nonInterestIncome": "None", "otherNonOperatingIncome": "None", "depreciation": "None", "depreciationAndAmortization": "74927000", "incomeBeforeTax": "421519000", "incomeTaxExpense": "-97638000", "interestAndDebtExpense": "None", "netIncomeFromContinuingOperations": "519157000", "comprehensiveIncomeNetOfTax": "None", "ebit": "444551000", "ebitda": "519478000", "netIncome": "355757000"}, {"fiscalDateEnding": "2022-12-31", "reportedCurrency": "USD", "grossProfit": "893727000", "totalRevenue": "1111795000", "costOfRevenue": "218068000", "costofGoodsAndServicesSold": "218068000", "operatingIncome": "-6089000", "sellingGeneralAndAdministrative": "198540000", "researchAndDevelopment": "272702000", "operatingExpenses": "899816000", "investmentIncomeNet": "None", "netInterestIncome": "-5411000", "interestIncome": "7629000", "interestExpense": "13040000", "nonInterestIncome": "None", "otherNonOperatingIncome": "-11999000", "depreciation": "None", "depreciationAndAmortization": "77862000", "incomeBeforeTax": "-31128000", "incomeTaxExpense": "2024000", "interestAndDebtExpense": "None", "netIncomeFromContinuingOperations": "-158267000", "comprehensiveIncomeNetOfTax": "None", "ebit": "-18088000", "ebitda": "59774000", "netIncome": "-158267000"}, {"fiscalDateEnding": "2021-12-31", "reportedCurrency": "USD", "grossProfit": "976428000", "totalRevenue": "1173751000", "costOfRevenue": "197323000", "costofGoodsAndServicesSold": "197323000", "operatingIncome": "97746000", "sellingGeneralAndAdministrative": "510710000", "researchAndDevelopment": "290924000", "operatingExpenses": "878682000", "investmentIncomeNet": "None", "netInterestIncome": "-8811000", "interestIncome": "2408000", "interestExpense": "11219000", "nonInterestIncome": "None", "otherNonOperatingIncome": "1200000", "depreciation": "None", "depreciationAndAmortization": "78652000", "incomeBeforeTax": "87727000", "incomeTaxExpense": "11326000", "interestAndDebtExpense": "None", "netIncomeFromContinuingOperations": "-48169000", "comprehensiveIncomeNetOfTax": "None", "ebit": "98946000", "ebitda": "177598000", "netIncome": "-48169000"}, {"fiscalDateEnding": "2020-12-31", "reportedCurrency": "USD", "grossProfit": "860440000", "totalRevenue": "1038756000", "costOfRevenue": "178316000", "costofGoodsAndServicesSold": "178316000", "operatingIncome": "-112427000", "sellingGeneralAndAdministrative": "513327000", "researchAndDevelopment": "394588000", "operatingExpenses": "972867000", "investmentIncomeNet": "None", "netInterestIncome": "-1699000", "interestIncome": "6960000", "interestExpense": "8659000", "nonInterestIncome": "None", "otherNonOperatingIncome": "24549000", "depreciation": "None", "depreciationAndAmortization": "81854000", "incomeBeforeTax": "-96537000", "incomeTaxExpense": "14324000", "interestAndDebtExpense": "None", "netIncomeFromContinuingOperations": "-110861000", "comprehensiveIncomeNetOfTax": "None", "ebit": "-87878000", "ebitda": "-6024000", "netIncome": "-110861000"}, {"fiscalDateEnding": "2019-12-31", "reportedCurrency": "USD", "grossProfit": "990562000", "totalRevenue": "1170947000", "costOfRevenue": "180385000", "costofGoodsAndServicesSold": "180385000", "operatingIncome": "-175479000", "sellingGeneralAndAdministrative": "568349000", "researchAndDevelopment": "512833000", "operatingExpenses": "1166041000", "investmentIncomeNet": "None", "netInterestIncome": "375000", "interestIncome": "13976000", "interestExpense": "13601000", "nonInterestIncome": "None", "otherNonOperatingIncome": "-7976000", "depreciation": "None", "depreciationAndAmortization": "80413000", "incomeBeforeTax": "-197056000", "incomeTaxExpense": "-436000", "interestAndDebtExpense": "None", "netIncomeFromContinuingOperations": "-196620000", "comprehensiveIncomeNetOfTax": "None", "ebit": "-183455000", "ebitda": "-103042000", "netIncome": "-196620000"}, {"fiscalDateEnding": "2018-12-31", "reportedCurrency": "USD", "grossProfit": "917854000", "totalRevenue": "1094274000", "costOfRevenue": "176420000", "costofGoodsAndServicesSold": "176420000", "operatingIncome": "-99128000", "sellingGeneralAndAdministrative": "526408000", "researchAndDevelopment": "425406000", "operatingExpenses": "1016982000", "investmentIncomeNet": "None", "netInterestIncome": "-6199000", "interestIncome": "9238000", "interestExpense": "15437000", "nonInterestIncome": "None", "otherNonOperatingIncome": "-12402000", "depreciation": "None", "depreciationAndAmortization": "103660000", "incomeBeforeTax": "-126967000", "incomeTaxExpense": "12344000", "interestAndDebtExpense": "None", "netIncomeFromContinuingOperations": "-139311000", "comprehensiveIncomeNetOfTax": "None", "ebit": "-111530000", "ebitda": "-7870000", "netIncome": "-139311000"}, {"fiscalDateEnding": "2017-12-31", "reportedCurrency": "USD", "grossProfit": "748626000", "totalRevenue": "903374000", "costOfRevenue": "154748000", "costofGoodsAndServicesSold": "154748000", "operatingIncome": "-147900000", "sellingGeneralAndAdministrative": "421578000", "researchAndDevelopment": "412889000", "operatingExpenses": "896526000", "investmentIncomeNet": "None", "netInterestIncome": "-7359000", "interestIncome": "4649000", "interestExpense": "12008000", "nonInterestIncome": "None", "otherNonOperatingIncome": "16634000", "depreciation": "None", "depreciationAndAmortization": "98523000", "incomeBeforeTax": "-143274000", "incomeTaxExpense": "14671000", "interestAndDebtExpense": "None", "netIncomeFromContinuingOperations": "-157945000", "comprehensiveIncomeNetOfTax": "None", "ebit": "-131266000", "ebitda": "-32743000", "netIncome": "-157945000"}, {"fiscalDateEnding": "2016-12-31", "reportedCurrency": "USD", "grossProfit": "613572000", "totalRevenue": "745694000", "costOfRevenue": "132122000", "costofGoodsAndServicesSold": "132122000", "operatingIncome": "-208665000", "sellingGeneralAndAdministrative": "374130000", "researchAndDevelopment": "387148000", "operatingExpenses": "822237000", "investmentIncomeNet": "None", "netInterestIncome": "-11137000", "interestIncome": "3752000", "interestExpense": "14889000", "nonInterestIncome": "None", "otherNonOperatingIncome": "9167000", "depreciation": "None", "depreciationAndAmortization": "94256000", "incomeBeforeTax": "-214387000", "incomeTaxExpense": "-5943000", "interestAndDebtExpense": "None", "netIncomeFromContinuingOperations": "-208444000", "comprehensiveIncomeNetOfTax": "None", "ebit": "-199498000", "ebitda": "-105242000", "netIncome": "-208444000"}, {"fiscalDateEnding": "2015-12-31", "reportedCurrency": "USD", "grossProfit": "489346000", "totalRevenue": "628335000", "costOfRevenue": "138989000", "costofGoodsAndServicesSold": "138989000", "operatingIncome": "-224301000", "sellingGeneralAndAdministrative": "311558000", "researchAndDevelopment": "344404000", "operatingExpenses": "713647000", "investmentIncomeNet": "None", "netInterestIncome": "None", "interestIncome": "9917000", "interestExpense": "13247000", "nonInterestIncome": "None", "otherNonOperatingIncome": "13543000", "depreciation": "None", "depreciationAndAmortization": "85596000", "incomeBeforeTax": "-224005000", "incomeTaxExpense": "3158000", "interestAndDebtExpense": "None", "netIncomeFromContinuingOperations": "-227163000", "comprehensiveIncomeNetOfTax": "None", "ebit": "-210758000", "ebitda": "-125162000", "netIncome": "-227163000"}, {"fiscalDateEnding": "2014-12-31", "reportedCurrency": "USD", "grossProfit": "442957000", "totalRevenue": "618789000", "costOfRevenue": "175832000", "costofGoodsAndServicesSold": "175832000", "operatingIncome": "-87144000", "sellingGeneralAndAdministrative": "199905000", "researchAndDevelopment": "272043000", "operatingExpenses": "530101000", "investmentIncomeNet": "None", "netInterestIncome": "None", "interestIncome": "None", "interestExpense": "13430000", "nonInterestIncome": "None", "otherNonOperatingIncome": "86545000", "depreciation": "None", "depreciationAndAmortization": "98087000", "incomeBeforeTax": "-14029000", "incomeTaxExpense": "16032000", "interestAndDebtExpense": "None", "netIncomeFromContinuingOperations": "-30061000", "comprehensiveIncomeNetOfTax": "None", "ebit": "-599000", "ebitda": "97488000", "netIncome": "-30061000"}, {"fiscalDateEnding": "2013-12-31", "reportedCurrency": "USD", "grossProfit": "298600000", "totalRevenue": "432900000", "costOfRevenue": "134300000", "costofGoodsAndServicesSold": "134300000", "operatingIncome": "15500000", "sellingGeneralAndAdministrative": "116600000", "researchAndDevelopment": "128100000", "operatingExpenses": "283100000", "investmentIncomeNet": "None", "netInterestIncome": "None", "interestIncome": "None", "interestExpense": "0", "nonInterestIncome": "None", "otherNonOperatingIncome": "None", "depreciation": "None", "depreciationAndAmortization": "70800000", "incomeBeforeTax": "5400000", "incomeTaxExpense": "-12300000", "interestAndDebtExpense": "None", "netIncomeFromContinuingOperations": "20648000", "comprehensiveIncomeNetOfTax": "None", "ebit": "-4400000", "ebitda": "66400000", "netIncome": "17600000"}, {"fiscalDateEnding": "2012-12-31", "reportedCurrency": "USD", "grossProfit": "265069000", "totalRevenue": "575548000", "costOfRevenue": "310479000", "costofGoodsAndServicesSold": "310479000", "operatingIncome": "81813000", "sellingGeneralAndAdministrative": "120458000", "researchAndDevelopment": "6541000", "operatingExpenses": "167610000", "investmentIncomeNet": "None", "netInterestIncome": "None", "interestIncome": "None", "interestExpense": "48994000", "nonInterestIncome": "None", "otherNonOperatingIncome": "2622000", "depreciation": "None", "depreciationAndAmortization": "73751000", "incomeBeforeTax": "35441000", "incomeTaxExpense": "10458000", "interestAndDebtExpense": "None", "netIncomeFromContinuingOperations": "24983000", "comprehensiveIncomeNetOfTax": "None", "ebit": "41636710", "ebitda": "115387710", "netIncome": "24983000"}, {"fiscalDateEnding": "2011-12-31", "reportedCurrency": "USD", "grossProfit": "405082000", "totalRevenue": "575548000", "costOfRevenue": "170466000", "costofGoodsAndServicesSold": "170466000", "operatingIncome": "81813000", "sellingGeneralAndAdministrative": "137600000", "researchAndDevelopment": "140013000", "operatingExpenses": "323269000", "investmentIncomeNet": "None", "netInterestIncome": "None", "interestIncome": "None", "interestExpense": "48994000", "nonInterestIncome": "None", "otherNonOperatingIncome": "2000000", "depreciation": "None", "depreciationAndAmortization": "73751000", "incomeBeforeTax": "35441000", "incomeTaxExpense": "10458000", "interestAndDebtExpense": "None", "netIncomeFromContinuingOperations": "-113678000", "comprehensiveIncomeNetOfTax": "None", "ebit": "84435000", "ebitda": "158186000", "netIncome": "24983000"}, {"fiscalDateEnding": "2010-12-31", "reportedCurrency": "USD", "grossProfit": "262399000", "totalRevenue": "389977000", "costOfRevenue": "127578000", "costofGoodsAndServicesSold": "127578000", "operatingIncome": "-88281000", "sellingGeneralAndAdministrative": "82847000", "researchAndDevelopment": "141893000", "operatingExpenses": "350680000", "investmentIncomeNet": "None", "netInterestIncome": "None", "interestIncome": "None", "interestExpense": "28111000", "nonInterestIncome": "None", "otherNonOperatingIncome": "None", "depreciation": "None", "depreciationAndAmortization": "47884000", "incomeBeforeTax": "-114392000", "incomeTaxExpense": "-714000", "interestAndDebtExpense": "None", "netIncomeFromContinuingOperations": "None", "comprehensiveIncomeNetOfTax": "None", "ebit": "-86281000", "ebitda": "-38397000", "netIncome": "-113678000"}, {"fiscalDateEnding": "2009-12-31", "reportedCurrency": "USD", "grossProfit": "134455000", "totalRevenue": "186640000", "costOfRevenue": "52185000", "costofGoodsAndServicesSold": "52185000", "operatingIncome": "-45631000", "sellingGeneralAndAdministrative": "76514000", "researchAndDevelopment": "97239000", "operatingExpenses": "180086000", "investmentIncomeNet": "None", "netInterestIncome": "None", "interestIncome": "None", "interestExpense": "3298000", "nonInterestIncome": "None", "otherNonOperatingIncome": "None", "depreciation": "None", "depreciationAndAmortization": "8652000", "incomeBeforeTax": "-46491000", "incomeTaxExpense": "-951000", "interestAndDebtExpense": "None", "netIncomeFromContinuingOperations": "None", "comprehensiveIncomeNetOfTax": "None", "ebit": "-43193000", "ebitda": "-34541000", "netIncome": "-45540000"}, {"fiscalDateEnding": "2008-12-31", "reportedCurrency": "USD", "grossProfit": "128843000", "totalRevenue": "178281000", "costOfRevenue": "49438000", "costofGoodsAndServicesSold": "49438000", "operatingIncome": "-43034000", "sellingGeneralAndAdministrative": "59008000", "researchAndDevelopment": "95363000", "operatingExpenses": "171877000", "investmentIncomeNet": "None", "netInterestIncome": "None", "interestIncome": "None", "interestExpense": "5974000", "nonInterestIncome": "None", "otherNonOperatingIncome": "None", "depreciation": "None", "depreciationAndAmortization": "25026000", "incomeBeforeTax": "-44701000", "incomeTaxExpense": "-5075000", "interestAndDebtExpense": "None", "netIncomeFromContinuingOperations": "None", "comprehensiveIncomeNetOfTax": "None", "ebit": "-38727000", "ebitda": "-13701000", "netIncome": "-39626000"}, {"fiscalDateEnding": "2007-12-31", "reportedCurrency": "USD", "grossProfit": "283443000", "totalRevenue": "326839000", "costOfRevenue": "43396000", "costofGoodsAndServicesSold": "43396000", "operatingIncome": "134957000", "sellingGeneralAndAdministrative": "59508000", "researchAndDevelopment": "89478000", "operatingExpenses": "148486000", "investmentIncomeNet": "None", "netInterestIncome": "None", "interestIncome": "None", "interestExpense": "13756000", "nonInterestIncome": "None", "otherNonOperatingIncome": "None", "depreciation": "None", "depreciationAndAmortization": "10265000", "incomeBeforeTax": "131012000", "incomeTaxExpense": "507000", "interestAndDebtExpense": "None", "netIncomeFromContinuingOperations": "None", "comprehensiveIncomeNetOfTax": "None", "ebit": "144768000", "ebitda": "155033000", "netIncome": "130505000"}, {"fiscalDateEnding": "2006-12-31", "reportedCurrency": "USD", "grossProfit": "200040000", "totalRevenue": "240717000", "costOfRevenue": "40677000", "costofGoodsAndServicesSold": "40677000", "operatingIncome": "-2789000", "sellingGeneralAndAdministrative": "66399000", "researchAndDevelopment": "125268000", "operatingExpenses": "202829000", "investmentIncomeNet": "None", "netInterestIncome": "None", "interestIncome": "None", "interestExpense": "499000", "nonInterestIncome": "None", "otherNonOperatingIncome": "None", "depreciation": "None", "depreciationAndAmortization": "12138000", "incomeBeforeTax": "172830000", "incomeTaxExpense": "5851000", "interestAndDebtExpense": "None", "netIncomeFromContinuingOperations": "None", "comprehensiveIncomeNetOfTax": "None", "ebit": "3634000", "ebitda": "15772000", "netIncome": "166979000"}, {"fiscalDateEnding": "2005-12-31", "reportedCurrency": "USD", "grossProfit": "194756000", "totalRevenue": "239965000", "costOfRevenue": "45209000", "costofGoodsAndServicesSold": "45209000", "operatingIncome": "11042000", "sellingGeneralAndAdministrative": "40383000", "researchAndDevelopment": "117315000", "operatingExpenses": "183714000", "investmentIncomeNet": "None", "netInterestIncome": "None", "interestIncome": "None", "interestExpense": "3818000", "nonInterestIncome": "None", "otherNonOperatingIncome": "None", "depreciation": "None", "depreciationAndAmortization": "11991000", "incomeBeforeTax": "10543000", "incomeTaxExpense": "1098000", "interestAndDebtExpense": "None", "netIncomeFromContinuingOperations": "None", "comprehensiveIncomeNetOfTax": "None", "ebit": "11042000", "ebitda": "23033000", "netIncome": "9445000"}], "quarterlyReports": [{"fiscalDateEnding": "2025-09-30", "reportedCurrency": "USD", "grossProfit": "342594000", "totalRevenue": "394185000", "costOfRevenue": "51591000", "costofGoodsAndServicesSold": "51591000", "operatingIncome": "89082000", "sellingGeneralAndAdministrative": "171773000", "researchAndDevelopment": "81739000", "operatingExpenses": "253512000", "investmentIncomeNet": "None", "netInterestIncome": "11943000", "interestIncome": "11943000", "interestExpense": "0", "nonInterestIncome": "None", "otherNonOperatingIncome": "None", "depreciation": "None", "depreciationAndAmortization": "8080000", "incomeBeforeTax": "100745000", "incomeTaxExpense": "17984000", "interestAndDebtExpense": "None", "netIncomeFromContinuingOperations": "82761000", "comprehensiveIncomeNetOfTax": "None", "ebit": "100745000", "ebitda": "108825000", "netIncome": "82761000"}, {"fiscalDateEnding": "2025-06-30", "reportedCurrency": "USD", "grossProfit": "341197000", "totalRevenue": "390657000", "costOfRevenue": "49460000", "costofGoodsAndServicesSold": "49460000", "operatingIncome": "92978000", "sellingGeneralAndAdministrative": "49674000", "researchAndDevelopment": "77370000", "operatingExpenses": "248219000", "investmentIncomeNet": "None", "netInterestIncome": "11090000", "interestIncome": "11090000", "interestExpense": "0", "nonInterestIncome": "None", "otherNonOperatingIncome": "None", "depreciation": "None", "depreciationAndAmortization": "7818000", "incomeBeforeTax": "104839000", "incomeTaxExpense": "17741000", "interestAndDebtExpense": "None", "netIncomeFromContinuingOperations": "87098000", "comprehensiveIncomeNetOfTax": "None", "ebit": "104839000", "ebitda": "112657000", "netIncome": "87098000"}, {"fiscalDateEnding": "2025-03-31", "reportedCurrency": "USD", "grossProfit": "257313000", "totalRevenue": "306510000", "costOfRevenue": "49197000", "costofGoodsAndServicesSold": "49197000", "operatingIncome": "13792000", "sellingGeneralAndAdministrative": "48770000", "researchAndDevelopment": "71817000", "operatingExpenses": "243521000", "investmentIncomeNet": "None", "netInterestIncome": "10141000", "interestIncome": "10141000", "interestExpense": "0", "nonInterestIncome": "None", "otherNonOperatingIncome": "None", "depreciation": "None", "depreciationAndAmortization": "7421000", "incomeBeforeTax": "25489000", "incomeTaxExpense": "3025000", "interestAndDebtExpense": "None", "netIncomeFromContinuingOperations": "22464000", "comprehensiveIncomeNetOfTax": "None", "ebit": "25489000", "ebitda": "32910000", "netIncome": "22464000"}, {"fiscalDateEnding": "2024-12-31", "reportedCurrency": "USD", "grossProfit": "367870000", "totalRevenue": "429986000", "costOfRevenue": "62116000", "costofGoodsAndServicesSold": "62116000", "operatingIncome": "162688000", "sellingGeneralAndAdministrative": "48180000", "researchAndDevelopment": "56674000", "operatingExpenses": "205182000", "investmentIncomeNet": "None", "netInterestIncome": "6752000", "interestIncome": "11400000", "interestExpense": "4648000", "nonInterestIncome": "None", "otherNonOperatingIncome": "None", "depreciation": "None", "depreciationAndAmortization": "6847000", "incomeBeforeTax": "169889000", "incomeTaxExpense": "24152000", "interestAndDebtExpense": "None", "netIncomeFromContinuingOperations": "145737000", "comprehensiveIncomeNetOfTax": "None", "ebit": "174537000", "ebitda": "181384000", "netIncome": "146503000"}, {"fiscalDateEnding": "2024-09-30", "reportedCurrency": "USD", "grossProfit": "315044000", "totalRevenue": "378143000", "costOfRevenue": "63099000", "costofGoodsAndServicesSold": "63099000", "operatingIncome": "104756000", "sellingGeneralAndAdministrative": "48282000", "researchAndDevelopment": "59892000", "operatingExpenses": "210288000", "investmentIncomeNet": "None", "netInterestIncome": "4916000", "interestIncome": "10916000", "interestExpense": "6000000", "nonInterestIncome": "None", "otherNonOperatingIncome": "None", "depreciation": "None", "depreciationAndAmortization": "6972000", "incomeBeforeTax": "110230000", "incomeTaxExpense": "17435000", "interestAndDebtExpense": "None", "netIncomeFromContinuingOperations": "92795000", "comprehensiveIncomeNetOfTax": "None", "ebit": "116230000", "ebitda": "123202000", "netIncome": "92381000"}, {"fiscalDateEnding": "2024-06-30", "reportedCurrency": "USD", "grossProfit": "337659000", "totalRevenue": "399131000", "costOfRevenue": "61472000", "costofGoodsAndServicesSold": "61472000", "operatingIncome": "109883000", "sellingGeneralAndAdministrative": "48413000", "researchAndDevelopment": "59649000", "operatingExpenses": "227776000", "investmentIncomeNet": "None", "netInterestIncome": "4783000", "interestIncome": "10735000", "interestExpense": "5952000", "nonInterestIncome": "None", "otherNonOperatingIncome": "None", "depreciation": "None", "depreciationAndAmortization": "6658000", "incomeBeforeTax": "116719000", "incomeTaxExpense": "22061000", "interestAndDebtExpense": "None", "netIncomeFromContinuingOperations": "94658000", "comprehensiveIncomeNetOfTax": "None", "ebit": "122671000", "ebitda": "129329000", "netIncome": "91358000"}, {"fiscalDateEnding": "2024-03-31", "reportedCurrency": "USD", "grossProfit": "291728000", "totalRevenue": "350372000", "costOfRevenue": "58644000", "costofGoodsAndServicesSold": "58644000", "operatingIncome": "43309000", "sellingGeneralAndAdministrative": "54149000", "researchAndDevelopment": "67611000", "operatingExpenses": "248419000", "investmentIncomeNet": "None", "netInterestIncome": "3421000", "interestIncome": "9399000", "interestExpense": "5978000", "nonInterestIncome": "None", "otherNonOperatingIncome": "None", "depreciation": "None", "depreciationAndAmortization": "8056000", "incomeBeforeTax": "46912000", "incomeTaxExpense": "7964000", "interestAndDebtExpense": "None", "netIncomeFromContinuingOperations": "38948000", "comprehensiveIncomeNetOfTax": "None", "ebit": "52890000", "ebitda": "60946000", "netIncome": "36828000"}, {"fiscalDateEnding": "2023-12-31", "reportedCurrency": "USD", "grossProfit": "307382000", "totalRevenue": "377475000", "costOfRevenue": "70093000", "costofGoodsAndServicesSold": "70093000", "operatingIncome": "178575000", "sellingGeneralAndAdministrative": "24270000", "researchAndDevelopment": "20759000", "operatingExpenses": "128807000", "investmentIncomeNet": "None", "netInterestIncome": "3695000", "interestIncome": "9749000", "interestExpense": "6054000", "nonInterestIncome": "None", "otherNonOperatingIncome": "None", "depreciation": "None", "depreciationAndAmortization": "18541000", "incomeBeforeTax": "182260000", "incomeTaxExpense": "-93919000", "interestAndDebtExpense": "None", "netIncomeFromContinuingOperations": "276179000", "comprehensiveIncomeNetOfTax": "None", "ebit": "188314000", "ebitda": "206855000", "netIncome": "112779000"}, {"fiscalDateEnding": "2023-09-30", "reportedCurrency": "USD", "grossProfit": "319440000", "totalRevenue": "380938000", "costOfRevenue": "61498000", "costofGoodsAndServicesSold": "61498000", "operatingIncome": "89194000", "sellingGeneralAndAdministrative": "41573000", "researchAndDevelopment": "64878000", "operatingExpenses": "230246000", "investmentIncomeNet": "None", "netInterestIncome": "3364000", "interestIncome": "9370000", "interestExpense": "6006000", "nonInterestIncome": "None", "otherNonOperatingIncome": "None", "depreciation": "None", "depreciationAndAmortization": "18661000", "incomeBeforeTax": "92707000", "incomeTaxExpense": "1153000", "interestAndDebtExpense": "None", "netIncomeFromContinuingOperations": "47758000", "comprehensiveIncomeNetOfTax": "None", "ebit": "98713000", "ebitda": "117374000", "netIncome": "47758000"}, {"fiscalDateEnding": "2023-06-30", "reportedCurrency": "USD", "grossProfit": "554148000", "totalRevenue": "617397000", "costOfRevenue": "63249000", "costofGoodsAndServicesSold": "63249000", "operatingIncome": "281269000", "sellingGeneralAndAdministrative": "57856000", "researchAndDevelopment": "68225000", "operatingExpenses": "272879000", "investmentIncomeNet": "None", "netInterestIncome": "1085000", "interestIncome": "6769000", "interestExpense": "5684000", "nonInterestIncome": "None", "otherNonOperatingIncome": "None", "depreciation": "None", "depreciationAndAmortization": "19011000", "incomeBeforeTax": "281829000", "incomeTaxExpense": "2728000", "interestAndDebtExpense": "None", "netIncomeFromContinuingOperations": "237065000", "comprehensiveIncomeNetOfTax": "None", "ebit": "287513000", "ebitda": "306524000", "netIncome": "237065000"}, {"fiscalDateEnding": "2023-03-31", "reportedCurrency": "USD", "grossProfit": "229431000", "totalRevenue": "287595000", "costOfRevenue": "58164000", "costofGoodsAndServicesSold": "58164000", "operatingIncome": "-10972000", "sellingGeneralAndAdministrative": "49333000", "researchAndDevelopment": "63770000", "operatingExpenses": "240403000", "investmentIncomeNet": "None", "netInterestIncome": "-322000", "interestIncome": "4966000", "interestExpense": "5288000", "nonInterestIncome": "None", "otherNonOperatingIncome": "4927000", "depreciation": "None", "depreciationAndAmortization": "18714000", "incomeBeforeTax": "-11333000", "incomeTaxExpense": "717000", "interestAndDebtExpense": "None", "netIncomeFromContinuingOperations": "-41845000", "comprehensiveIncomeNetOfTax": "None", "ebit": "-6045000", "ebitda": "12669000", "netIncome": "-41845000"}, {"fiscalDateEnding": "2022-12-31", "reportedCurrency": "USD", "grossProfit": "250710000", "totalRevenue": "304674000", "costOfRevenue": "53964000", "costofGoodsAndServicesSold": "53964000", "operatingIncome": "-20582000", "sellingGeneralAndAdministrative": "159806000", "researchAndDevelopment": "104586000", "operatingExpenses": "271292000", "investmentIncomeNet": "None", "netInterestIncome": "-848000", "interestIncome": "3921000", "interestExpense": "4769000", "nonInterestIncome": "None", "otherNonOperatingIncome": "3663000", "depreciation": "None", "depreciationAndAmortization": "12828000", "incomeBeforeTax": "-21688000", "incomeTaxExpense": "6566000", "interestAndDebtExpense": "None", "netIncomeFromContinuingOperations": "-28254000", "comprehensiveIncomeNetOfTax": "None", "ebit": "-20582000", "ebitda": "-7754000", "netIncome": "-28254000"}, {"fiscalDateEnding": "2022-09-30", "reportedCurrency": "USD", "grossProfit": "201732000", "totalRevenue": "252357000", "costOfRevenue": "50625000", "costofGoodsAndServicesSold": "50625000", "operatingIncome": "-60641000", "sellingGeneralAndAdministrative": "55877000", "researchAndDevelopment": "100430000", "operatingExpenses": "262373000", "investmentIncomeNet": "None", "netInterestIncome": "-1313000", "interestIncome": "2239000", "interestExpense": "3552000", "nonInterestIncome": "None", "otherNonOperatingIncome": "-3175000", "depreciation": "None", "depreciationAndAmortization": "19597000", "incomeBeforeTax": "-67368000", "incomeTaxExpense": "-3394000", "interestAndDebtExpense": "None", "netIncomeFromContinuingOperations": "-63974000", "comprehensiveIncomeNetOfTax": "None", "ebit": "-63816000", "ebitda": "-44219000", "netIncome": "-63974000"}, {"fiscalDateEnding": "2022-06-30", "reportedCurrency": "USD", "grossProfit": "217859000", "totalRevenue": "276219000", "costOfRevenue": "58360000", "costofGoodsAndServicesSold": "58360000", "operatingIncome": "-34457000", "sellingGeneralAndAdministrative": "55077000", "researchAndDevelopment": "92873000", "operatingExpenses": "252316000", "investmentIncomeNet": "None", "netInterestIncome": "-1473000", "interestIncome": "896000", "interestExpense": "2369000", "nonInterestIncome": "None", "otherNonOperatingIncome": "3576000", "depreciation": "None", "depreciationAndAmortization": "19391000", "incomeBeforeTax": "-33250000", "incomeTaxExpense": "-3114000", "interestAndDebtExpense": "None", "netIncomeFromContinuingOperations": "-30136000", "comprehensiveIncomeNetOfTax": "None", "ebit": "-30881000", "ebitda": "-11490000", "netIncome": "-30136000"}, {"fiscalDateEnding": "2022-03-31", "reportedCurrency": "USD", "grossProfit": "223386000", "totalRevenue": "278545000", "costOfRevenue": "55159000", "costofGoodsAndServicesSold": "55159000", "operatingIncome": "-26585000", "sellingGeneralAndAdministrative": "48852000", "researchAndDevelopment": "95953000", "operatingExpenses": "249971000", "investmentIncomeNet": "None", "netInterestIncome": "-1777000", "interestIncome": "573000", "interestExpense": "2350000", "nonInterestIncome": "None", "otherNonOperatingIncome": "-16063000", "depreciation": "None", "depreciationAndAmortization": "19197000", "incomeBeforeTax": "-44998000", "incomeTaxExpense": "-9095000", "interestAndDebtExpense": "None", "netIncomeFromContinuingOperations": "-35903000", "comprehensiveIncomeNetOfTax": "None", "ebit": "-42648000", "ebitda": "-23451000", "netIncome": "-35903000"}, {"fiscalDateEnding": "2021-12-31", "reportedCurrency": "USD", "grossProfit": "270781000", "totalRevenue": "324463000", "costOfRevenue": "53682000", "costofGoodsAndServicesSold": "53682000", "operatingIncome": "2383000", "sellingGeneralAndAdministrative": "147169000", "researchAndDevelopment": "98374000", "operatingExpenses": "268398000", "investmentIncomeNet": "None", "netInterestIncome": "-1952000", "interestIncome": "453000", "interestExpense": "2405000", "nonInterestIncome": "None", "otherNonOperatingIncome": "249000", "depreciation": "None", "depreciationAndAmortization": "21142000", "incomeBeforeTax": "227000", "incomeTaxExpense": "-646000", "interestAndDebtExpense": "None", "netIncomeFromContinuingOperations": "873000", "comprehensiveIncomeNetOfTax": "None", "ebit": "2632000", "ebitda": "23774000", "netIncome": "873000"}, {"fiscalDateEnding": "2021-09-30", "reportedCurrency": "USD", "grossProfit": "244580000", "totalRevenue": "294141000", "costOfRevenue": "49561000", "costofGoodsAndServicesSold": "49561000", "operatingIncome": "-19659000", "sellingGeneralAndAdministrative": "48213000", "researchAndDevelopment": "118411000", "operatingExpenses": "264239000", "investmentIncomeNet": "None", "netInterestIncome": "-1969000", "interestIncome": "468000", "interestExpense": "2437000", "nonInterestIncome": "None", "otherNonOperatingIncome": "-4439000", "depreciation": "None", "depreciationAndAmortization": "19391000", "incomeBeforeTax": "-26535000", "incomeTaxExpense": "2453000", "interestAndDebtExpense": "None", "netIncomeFromContinuingOperations": "-28988000", "comprehensiveIncomeNetOfTax": "None", "ebit": "-24098000", "ebitda": "-4707000", "netIncome": "-28988000"}, {"fiscalDateEnding": "2021-06-30", "reportedCurrency": "USD", "grossProfit": "250593000", "totalRevenue": "303717000", "costOfRevenue": "53124000", "costofGoodsAndServicesSold": "53124000", "operatingIncome": "4421000", "sellingGeneralAndAdministrative": "53488000", "researchAndDevelopment": "97473000", "operatingExpenses": "246172000", "investmentIncomeNet": "None", "netInterestIncome": "-1784000", "interestIncome": "623000", "interestExpense": "2407000", "nonInterestIncome": "None", "otherNonOperatingIncome": "3641000", "depreciation": "None", "depreciationAndAmortization": "18476000", "incomeBeforeTax": "5655000", "incomeTaxExpense": "3291000", "interestAndDebtExpense": "None", "netIncomeFromContinuingOperations": "2364000", "comprehensiveIncomeNetOfTax": "None", "ebit": "8062000", "ebitda": "26538000", "netIncome": "2364000"}, {"fiscalDateEnding": "2021-03-31", "reportedCurrency": "USD", "grossProfit": "210410000", "totalRevenue": "251430000", "costOfRevenue": "41020000", "costofGoodsAndServicesSold": "41020000", "operatingIncome": "-16432000", "sellingGeneralAndAdministrative": "45468000", "researchAndDevelopment": "92268000", "operatingExpenses": "226842000", "investmentIncomeNet": "None", "netInterestIncome": "-3106000", "interestIncome": "864000", "interestExpense": "3970000", "nonInterestIncome": "None", "otherNonOperatingIncome": "1749000", "depreciation": "None", "depreciationAndAmortization": "19643000", "incomeBeforeTax": "-18653000", "incomeTaxExpense": "3765000", "interestAndDebtExpense": "None", "netIncomeFromContinuingOperations": "-22418000", "comprehensiveIncomeNetOfTax": "None", "ebit": "-14683000", "ebitda": "4960000", "netIncome": "-22418000"}, {"fiscalDateEnding": "2020-12-31", "reportedCurrency": "USD", "grossProfit": "237073000", "totalRevenue": "279995000", "costOfRevenue": "42922000", "costofGoodsAndServicesSold": "42922000", "operatingIncome": "-30729000", "sellingGeneralAndAdministrative": "45572000", "researchAndDevelopment": "112107000", "operatingExpenses": "267802000", "investmentIncomeNet": "None", "netInterestIncome": "-833000", "interestIncome": "1036000", "interestExpense": "1869000", "nonInterestIncome": "None", "otherNonOperatingIncome": "-9048000", "depreciation": "None", "depreciationAndAmortization": "20329000", "incomeBeforeTax": "-41646000", "incomeTaxExpense": "996000", "interestAndDebtExpense": "None", "netIncomeFromContinuingOperations": "-42642000", "comprehensiveIncomeNetOfTax": "None", "ebit": "-39777000", "ebitda": "-19448000", "netIncome": "-42642000"}, {"fiscalDateEnding": "2020-09-30", "reportedCurrency": "USD", "grossProfit": "221883000", "totalRevenue": "265012000", "costOfRevenue": "43129000", "costofGoodsAndServicesSold": "43129000", "operatingIncome": "-10667000", "sellingGeneralAndAdministrative": "48653000", "researchAndDevelopment": "94980000", "operatingExpenses": "232550000", "investmentIncomeNet": "None", "netInterestIncome": "-435000", "interestIncome": "1376000", "interestExpense": "1811000", "nonInterestIncome": "None", "otherNonOperatingIncome": "14670000", "depreciation": "None", "depreciationAndAmortization": "20579000", "incomeBeforeTax": "2192000", "incomeTaxExpense": "2326000", "interestAndDebtExpense": "None", "netIncomeFromContinuingOperations": "-134000", "comprehensiveIncomeNetOfTax": "None", "ebit": "4003000", "ebitda": "24582000", "netIncome": "-134000"}, {"fiscalDateEnding": "2020-06-30", "reportedCurrency": "USD", "grossProfit": "202476000", "totalRevenue": "247529000", "costOfRevenue": "45053000", "costofGoodsAndServicesSold": "45053000", "operatingIncome": "-33661000", "sellingGeneralAndAdministrative": "49125000", "researchAndDevelopment": "94222000", "operatingExpenses": "236137000", "investmentIncomeNet": "None", "netInterestIncome": "-334000", "interestIncome": "1788000", "interestExpense": "2122000", "nonInterestIncome": "None", "otherNonOperatingIncome": "10025000", "depreciation": "None", "depreciationAndAmortization": "20338000", "incomeBeforeTax": "-25758000", "incomeTaxExpense": "3673000", "interestAndDebtExpense": "None", "netIncomeFromContinuingOperations": "-29431000", "comprehensiveIncomeNetOfTax": "None", "ebit": "-23636000", "ebitda": "-3298000", "netIncome": "-29431000"}, {"fiscalDateEnding": "2020-03-31", "reportedCurrency": "USD", "grossProfit": "199009000", "totalRevenue": "246220000", "costOfRevenue": "47211000", "costofGoodsAndServicesSold": "47211000", "operatingIncome": "-37370000", "sellingGeneralAndAdministrative": "45572000", "researchAndDevelopment": "93279000", "operatingExpenses": "236379000", "investmentIncomeNet": "None", "netInterestIncome": "-97000", "interestIncome": "2760000", "interestExpense": "2857000", "nonInterestIncome": "None", "otherNonOperatingIncome": "8902000", "depreciation": "None", "depreciationAndAmortization": "20608000", "incomeBeforeTax": "-31325000", "incomeTaxExpense": "7329000", "interestAndDebtExpense": "None", "netIncomeFromContinuingOperations": "-38654000", "comprehensiveIncomeNetOfTax": "None", "ebit": "-28468000", "ebitda": "-7860000", "netIncome": "-38654000"}, {"fiscalDateEnding": "2019-12-31", "reportedCurrency": "USD", "grossProfit": "366248000", "totalRevenue": "412730000", "costOfRevenue": "46482000", "costofGoodsAndServicesSold": "46482000", "operatingIncome": "-9934000", "sellingGeneralAndAdministrative": "154453000", "researchAndDevelopment": "198157000", "operatingExpenses": "376182000", "investmentIncomeNet": "None", "netInterestIncome": "-5000", "interestIncome": "3191000", "interestExpense": "3196000", "nonInterestIncome": "None", "otherNonOperatingIncome": "10573000", "depreciation": "None", "depreciationAndAmortization": "20512000", "incomeBeforeTax": "-2557000", "incomeTaxExpense": "2797000", "interestAndDebtExpense": "None", "netIncomeFromContinuingOperations": "-5354000", "comprehensiveIncomeNetOfTax": "None", "ebit": "639000", "ebitda": "21151000", "netIncome": "-5354000"}, {"fiscalDateEnding": "2019-09-30", "reportedCurrency": "USD", "grossProfit": "212924000", "totalRevenue": "255243000", "costOfRevenue": "42319000", "costofGoodsAndServicesSold": "42319000", "operatingIncome": "-53621000", "sellingGeneralAndAdministrative": "148701000", "researchAndDevelopment": "107671000", "operatingExpenses": "266545000", "investmentIncomeNet": "None", "netInterestIncome": "124000", "interestIncome": "3509000", "interestExpense": "3385000", "nonInterestIncome": "None", "otherNonOperatingIncome": "3145000", "depreciation": "None", "depreciationAndAmortization": "20345000", "incomeBeforeTax": "-53861000", "incomeTaxExpense": "-983000", "interestAndDebtExpense": "None", "netIncomeFromContinuingOperations": "-52878000", "comprehensiveIncomeNetOfTax": "None", "ebit": "-50476000", "ebitda": "-30131000", "netIncome": "-52878000"}, {"fiscalDateEnding": "2019-06-30", "reportedCurrency": "USD", "grossProfit": "233649000", "totalRevenue": "279872000", "costOfRevenue": "46223000", "costofGoodsAndServicesSold": "46223000", "operatingIncome": "-35923000", "sellingGeneralAndAdministrative": "155075000", "researchAndDevelopment": "104435000", "operatingExpenses": "269572000", "investmentIncomeNet": "None", "netInterestIncome": "186000", "interestIncome": "3706000", "interestExpense": "3520000", "nonInterestIncome": "None", "otherNonOperatingIncome": "-943000", "depreciation": "None", "depreciationAndAmortization": "19914000", "incomeBeforeTax": "-40386000", "incomeTaxExpense": "1604000", "interestAndDebtExpense": "None", "netIncomeFromContinuingOperations": "-41990000", "comprehensiveIncomeNetOfTax": "None", "ebit": "-36866000", "ebitda": "-16952000", "netIncome": "-41990000"}, {"fiscalDateEnding": "2019-03-31", "reportedCurrency": "USD", "grossProfit": "177741000", "totalRevenue": "223102000", "costOfRevenue": "45361000", "costofGoodsAndServicesSold": "45361000", "operatingIncome": "-76001000", "sellingGeneralAndAdministrative": "50520000", "researchAndDevelopment": "102570000", "operatingExpenses": "253742000", "investmentIncomeNet": "None", "netInterestIncome": "70000", "interestIncome": "3570000", "interestExpense": "3500000", "nonInterestIncome": "None", "otherNonOperatingIncome": "-20751000", "depreciation": "None", "depreciationAndAmortization": "19642000", "incomeBeforeTax": "-100252000", "incomeTaxExpense": "-3854000", "interestAndDebtExpense": "None", "netIncomeFromContinuingOperations": "-96398000", "comprehensiveIncomeNetOfTax": "None", "ebit": "-96752000", "ebitda": "-77110000", "netIncome": "-96398000"}, {"fiscalDateEnding": "2018-12-31", "reportedCurrency": "USD", "grossProfit": "266645000", "totalRevenue": "315762000", "costOfRevenue": "49117000", "costofGoodsAndServicesSold": "49117000", "operatingIncome": "20000", "sellingGeneralAndAdministrative": "141227000", "researchAndDevelopment": "108972000", "operatingExpenses": "266625000", "investmentIncomeNet": "None", "netInterestIncome": "None", "interestIncome": "None", "interestExpense": "3478000", "nonInterestIncome": "None", "otherNonOperatingIncome": "1767000", "depreciation": "None", "depreciationAndAmortization": "25902000", "incomeBeforeTax": "-1691000", "incomeTaxExpense": "8022000", "interestAndDebtExpense": "None", "netIncomeFromContinuingOperations": "-9713000", "comprehensiveIncomeNetOfTax": "None", "ebit": "1787000", "ebitda": "27689000", "netIncome": "-9713000"}, {"fiscalDateEnding": "2018-09-30", "reportedCurrency": "USD", "grossProfit": "209310000", "totalRevenue": "248720000", "costOfRevenue": "39410000", "costofGoodsAndServicesSold": "39410000", "operatingIncome": "-37158000", "sellingGeneralAndAdministrative": "128777000", "researchAndDevelopment": "101265000", "operatingExpenses": "246468000", "investmentIncomeNet": "None", "netInterestIncome": "None", "interestIncome": "None", "interestExpense": "3346000", "nonInterestIncome": "None", "otherNonOperatingIncome": "6671000", "depreciation": "None", "depreciationAndAmortization": "26267000", "incomeBeforeTax": "-33833000", "incomeTaxExpense": "611000", "interestAndDebtExpense": "None", "netIncomeFromContinuingOperations": "-34444000", "comprehensiveIncomeNetOfTax": "None", "ebit": "-30487000", "ebitda": "-4220000", "netIncome": "-34444000"}, {"fiscalDateEnding": "2018-06-30", "reportedCurrency": "USD", "grossProfit": "261225000", "totalRevenue": "304642000", "costOfRevenue": "43417000", "costofGoodsAndServicesSold": "43417000", "operatingIncome": "-102000", "sellingGeneralAndAdministrative": "138300000", "researchAndDevelopment": "106823000", "operatingExpenses": "261327000", "investmentIncomeNet": "None", "netInterestIncome": "None", "interestIncome": "None", "interestExpense": "3126000", "nonInterestIncome": "None", "otherNonOperatingIncome": "-21217000", "depreciation": "None", "depreciationAndAmortization": "25769000", "incomeBeforeTax": "-24445000", "incomeTaxExpense": "8204000", "interestAndDebtExpense": "None", "netIncomeFromContinuingOperations": "-32649000", "comprehensiveIncomeNetOfTax": "None", "ebit": "-21319000", "ebitda": "4450000", "netIncome": "-32649000"}, {"fiscalDateEnding": "2018-03-31", "reportedCurrency": "USD", "grossProfit": "180674000", "totalRevenue": "225150000", "costOfRevenue": "44476000", "costofGoodsAndServicesSold": "44476000", "operatingIncome": "-61888000", "sellingGeneralAndAdministrative": "118100000", "researchAndDevelopment": "108346000", "operatingExpenses": "242562000", "investmentIncomeNet": "None", "netInterestIncome": "None", "interestIncome": "None", "interestExpense": "5487000", "nonInterestIncome": "None", "otherNonOperatingIncome": "377000", "depreciation": "None", "depreciationAndAmortization": "25722000", "incomeBeforeTax": "-66998000", "incomeTaxExpense": "-4493000", "interestAndDebtExpense": "None", "netIncomeFromContinuingOperations": "-62505000", "comprehensiveIncomeNetOfTax": "None", "ebit": "-61511000", "ebitda": "-35789000", "netIncome": "-62505000"}, {"fiscalDateEnding": "2017-12-31", "reportedCurrency": "USD", "grossProfit": "236863000", "totalRevenue": "275370000", "costOfRevenue": "38507000", "costofGoodsAndServicesSold": "38507000", "operatingIncome": "5835000", "sellingGeneralAndAdministrative": "110900000", "researchAndDevelopment": "104490000", "operatingExpenses": "231028000", "investmentIncomeNet": "None", "netInterestIncome": "None", "interestIncome": "None", "interestExpense": "3192000", "nonInterestIncome": "None", "otherNonOperatingIncome": "8143000", "depreciation": "None", "depreciationAndAmortization": "25218000", "incomeBeforeTax": "10786000", "incomeTaxExpense": "20575000", "interestAndDebtExpense": "None", "netIncomeFromContinuingOperations": "-9789000", "comprehensiveIncomeNetOfTax": "None", "ebit": "13978000", "ebitda": "39196000", "netIncome": "-9789000"}, {"fiscalDateEnding": "2017-09-30", "reportedCurrency": "USD", "grossProfit": "181331000", "totalRevenue": "217385000", "costOfRevenue": "36054000", "costofGoodsAndServicesSold": "36054000", "operatingIncome": "-38356000", "sellingGeneralAndAdministrative": "99600000", "researchAndDevelopment": "104411000", "operatingExpenses": "219687000", "investmentIncomeNet": "None", "netInterestIncome": "None", "interestIncome": "None", "interestExpense": "3129000", "nonInterestIncome": "None", "otherNonOperatingIncome": "5695000", "depreciation": "None", "depreciationAndAmortization": "25036000", "incomeBeforeTax": "-35790000", "incomeTaxExpense": "486000", "interestAndDebtExpense": "None", "netIncomeFromContinuingOperations": "-36276000", "comprehensiveIncomeNetOfTax": "None", "ebit": "-32661000", "ebitda": "-7625000", "netIncome": "-36276000"}, {"fiscalDateEnding": "2017-06-30", "reportedCurrency": "USD", "grossProfit": "179066000", "totalRevenue": "218841000", "costOfRevenue": "39775000", "costofGoodsAndServicesSold": "39775000", "operatingIncome": "-44509000", "sellingGeneralAndAdministrative": "109000000", "researchAndDevelopment": "99153000", "operatingExpenses": "223575000", "investmentIncomeNet": "None", "netInterestIncome": "None", "interestIncome": "None", "interestExpense": "2923000", "nonInterestIncome": "None", "otherNonOperatingIncome": "1752000", "depreciation": "None", "depreciationAndAmortization": "24506000", "incomeBeforeTax": "-45680000", "incomeTaxExpense": "-2681000", "interestAndDebtExpense": "None", "netIncomeFromContinuingOperations": "-42999000", "comprehensiveIncomeNetOfTax": "None", "ebit": "-42757000", "ebitda": "-18251000", "netIncome": "-42999000"}, {"fiscalDateEnding": "2017-03-31", "reportedCurrency": "USD", "grossProfit": "151366000", "totalRevenue": "191778000", "costOfRevenue": "40412000", "costofGoodsAndServicesSold": "40412000", "operatingIncome": "-70870000", "sellingGeneralAndAdministrative": "102100000", "researchAndDevelopment": "104835000", "operatingExpenses": "222236000", "investmentIncomeNet": "None", "netInterestIncome": "None", "interestIncome": "None", "interestExpense": "2764000", "nonInterestIncome": "None", "otherNonOperatingIncome": "1044000", "depreciation": "None", "depreciationAndAmortization": "23763000", "incomeBeforeTax": "-72590000", "incomeTaxExpense": "-3709000", "interestAndDebtExpense": "None", "netIncomeFromContinuingOperations": "-68881000", "comprehensiveIncomeNetOfTax": "None", "ebit": "-69826000", "ebitda": "-46063000", "netIncome": "-68881000"}, {"fiscalDateEnding": "2016-12-31", "reportedCurrency": "USD", "grossProfit": "178556000", "totalRevenue": "213513000", "costOfRevenue": "34957000", "costofGoodsAndServicesSold": "34957000", "operatingIncome": "-23537000", "sellingGeneralAndAdministrative": "97100000", "researchAndDevelopment": "89625000", "operatingExpenses": "202093000", "investmentIncomeNet": "None", "netInterestIncome": "None", "interestIncome": "None", "interestExpense": "4896000", "nonInterestIncome": "None", "otherNonOperatingIncome": "4120000", "depreciation": "None", "depreciationAndAmortization": "24651000", "incomeBeforeTax": "-24313000", "incomeTaxExpense": "-3172000", "interestAndDebtExpense": "None", "netIncomeFromContinuingOperations": "-21141000", "comprehensiveIncomeNetOfTax": "None", "ebit": "-19417000", "ebitda": "5234000", "netIncome": "-21141000"}, {"fiscalDateEnding": "2016-09-30", "reportedCurrency": "USD", "grossProfit": "144785000", "totalRevenue": "180241000", "costOfRevenue": "35456000", "costofGoodsAndServicesSold": "35456000", "operatingIncome": "-61127000", "sellingGeneralAndAdministrative": "91100000", "researchAndDevelopment": "99444000", "operatingExpenses": "205912000", "investmentIncomeNet": "None", "netInterestIncome": "None", "interestIncome": "None", "interestExpense": "3375000", "nonInterestIncome": "None", "otherNonOperatingIncome": "-840000", "depreciation": "None", "depreciationAndAmortization": "23819000", "incomeBeforeTax": "-65342000", "incomeTaxExpense": "-2655000", "interestAndDebtExpense": "None", "netIncomeFromContinuingOperations": "-62687000", "comprehensiveIncomeNetOfTax": "None", "ebit": "-61967000", "ebitda": "-38148000", "netIncome": "-62687000"}, {"fiscalDateEnding": "2016-06-30", "reportedCurrency": "USD", "grossProfit": "161167000", "totalRevenue": "195165000", "costOfRevenue": "33998000", "costofGoodsAndServicesSold": "33998000", "operatingIncome": "-47117000", "sellingGeneralAndAdministrative": "96100000", "researchAndDevelopment": "97006000", "operatingExpenses": "208284000", "investmentIncomeNet": "None", "netInterestIncome": "None", "interestIncome": "None", "interestExpense": "3323000", "nonInterestIncome": "None", "otherNonOperatingIncome": "2727000", "depreciation": "None", "depreciationAndAmortization": "23083000", "incomeBeforeTax": "-47713000", "incomeTaxExpense": "-520000", "interestAndDebtExpense": "None", "netIncomeFromContinuingOperations": "-47193000", "comprehensiveIncomeNetOfTax": "None", "ebit": "-44390000", "ebitda": "-21307000", "netIncome": "-47193000"}, {"fiscalDateEnding": "2016-03-31", "reportedCurrency": "USD", "grossProfit": "129063000", "totalRevenue": "156774000", "costOfRevenue": "27711000", "costofGoodsAndServicesSold": "27711000", "operatingIncome": "-76884000", "sellingGeneralAndAdministrative": "89700000", "researchAndDevelopment": "101072000", "operatingExpenses": "205947000", "investmentIncomeNet": "None", "netInterestIncome": "None", "interestIncome": "None", "interestExpense": "3295000", "nonInterestIncome": "None", "otherNonOperatingIncome": "3160000", "depreciation": "None", "depreciationAndAmortization": "22703000", "incomeBeforeTax": "-77019000", "incomeTaxExpense": "404000", "interestAndDebtExpense": "None", "netIncomeFromContinuingOperations": "-77423000", "comprehensiveIncomeNetOfTax": "None", "ebit": "-73724000", "ebitda": "-51021000", "netIncome": "-77423000"}, {"fiscalDateEnding": "2015-12-31", "reportedCurrency": "USD", "grossProfit": "128307000", "totalRevenue": "163098000", "costOfRevenue": "34791000", "costofGoodsAndServicesSold": "34791000", "operatingIncome": "-67057000", "sellingGeneralAndAdministrative": "87500000", "researchAndDevelopment": "93686000", "operatingExpenses": "195364000", "investmentIncomeNet": "None", "netInterestIncome": "None", "interestIncome": "None", "interestExpense": "3319000", "nonInterestIncome": "None", "otherNonOperatingIncome": "-2417000", "depreciation": "None", "depreciationAndAmortization": "21781000", "incomeBeforeTax": "-72793000", "incomeTaxExpense": "-3411000", "interestAndDebtExpense": "None", "netIncomeFromContinuingOperations": "-69382000", "comprehensiveIncomeNetOfTax": "None", "ebit": "-69474000", "ebitda": "-47693000", "netIncome": "-69382000"}, {"fiscalDateEnding": "2015-09-30", "reportedCurrency": "USD", "grossProfit": "118847000", "totalRevenue": "152653000", "costOfRevenue": "33806000", "costofGoodsAndServicesSold": "33806000", "operatingIncome": "-77415000", "sellingGeneralAndAdministrative": "89500000", "researchAndDevelopment": "92558000", "operatingExpenses": "196262000", "investmentIncomeNet": "None", "netInterestIncome": "None", "interestIncome": "None", "interestExpense": "3325000", "nonInterestIncome": "None", "otherNonOperatingIncome": "2720000", "depreciation": "None", "depreciationAndAmortization": "20707000", "incomeBeforeTax": "-78020000", "incomeTaxExpense": "2995000", "interestAndDebtExpense": "None", "netIncomeFromContinuingOperations": "-81015000", "comprehensiveIncomeNetOfTax": "None", "ebit": "-74695000", "ebitda": "-53988000", "netIncome": "-81015000"}, {"fiscalDateEnding": "2015-06-30", "reportedCurrency": "USD", "grossProfit": "120952000", "totalRevenue": "151370000", "costOfRevenue": "30418000", "costofGoodsAndServicesSold": "30418000", "operatingIncome": "-52521000", "sellingGeneralAndAdministrative": "71500000", "researchAndDevelopment": "87882000", "operatingExpenses": "173473000", "investmentIncomeNet": "None", "netInterestIncome": "None", "interestIncome": "None", "interestExpense": "3315000", "nonInterestIncome": "None", "otherNonOperatingIncome": "12791000", "depreciation": "None", "depreciationAndAmortization": "20621000", "incomeBeforeTax": "-43045000", "incomeTaxExpense": "3064000", "interestAndDebtExpense": "None", "netIncomeFromContinuingOperations": "-46109000", "comprehensiveIncomeNetOfTax": "None", "ebit": "-39730000", "ebitda": "-19109000", "netIncome": "-46109000"}, {"fiscalDateEnding": "2015-03-31", "reportedCurrency": "USD", "grossProfit": "121240000", "totalRevenue": "161214000", "costOfRevenue": "39974000", "costofGoodsAndServicesSold": "39974000", "operatingIncome": "-27308000", "sellingGeneralAndAdministrative": "63100000", "researchAndDevelopment": "70278000", "operatingExpenses": "148548000", "investmentIncomeNet": "None", "netInterestIncome": "None", "interestIncome": "None", "interestExpense": "3288000", "nonInterestIncome": "None", "otherNonOperatingIncome": "449000", "depreciation": "None", "depreciationAndAmortization": "22487000", "incomeBeforeTax": "-30147000", "incomeTaxExpense": "510000", "interestAndDebtExpense": "None", "netIncomeFromContinuingOperations": "-30657000", "comprehensiveIncomeNetOfTax": "None", "ebit": "-26859000", "ebitda": "-4372000", "netIncome": "-30657000"}, {"fiscalDateEnding": "2014-12-31", "reportedCurrency": "USD", "grossProfit": "128793000", "totalRevenue": "175161000", "costOfRevenue": "46368000", "costofGoodsAndServicesSold": "46368000", "operatingIncome": "-15688000", "sellingGeneralAndAdministrative": "54800000", "researchAndDevelopment": "74433000", "operatingExpenses": "144481000", "investmentIncomeNet": "None", "netInterestIncome": "None", "interestIncome": "None", "interestExpense": "3333000", "nonInterestIncome": "None", "otherNonOperatingIncome": "59801000", "depreciation": "None", "depreciationAndAmortization": "25368000", "incomeBeforeTax": "40780000", "incomeTaxExpense": "10266000", "interestAndDebtExpense": "None", "netIncomeFromContinuingOperations": "30514000", "comprehensiveIncomeNetOfTax": "None", "ebit": "44113000", "ebitda": "69481000", "netIncome": "30514000"}, {"fiscalDateEnding": "2014-09-30", "reportedCurrency": "USD", "grossProfit": "112657000", "totalRevenue": "159992000", "costOfRevenue": "47335000", "costofGoodsAndServicesSold": "47335000", "operatingIncome": "-32738000", "sellingGeneralAndAdministrative": "51900000", "researchAndDevelopment": "78263000", "operatingExpenses": "145395000", "investmentIncomeNet": "None", "netInterestIncome": "None", "interestIncome": "None", "interestExpense": "3356000", "nonInterestIncome": "None", "otherNonOperatingIncome": "-339000", "depreciation": "None", "depreciationAndAmortization": "25233000", "incomeBeforeTax": "-36433000", "incomeTaxExpense": "3523000", "interestAndDebtExpense": "None", "netIncomeFromContinuingOperations": "-39956000", "comprehensiveIncomeNetOfTax": "None", "ebit": "-33077000", "ebitda": "-7844000", "netIncome": "-39956000"}, {"fiscalDateEnding": "2014-06-30", "reportedCurrency": "USD", "grossProfit": "110134000", "totalRevenue": "153424000", "costOfRevenue": "43290000", "costofGoodsAndServicesSold": "43290000", "operatingIncome": "-22825000", "sellingGeneralAndAdministrative": "50700000", "researchAndDevelopment": "67207000", "operatingExpenses": "132959000", "investmentIncomeNet": "None", "netInterestIncome": "None", "interestIncome": "None", "interestExpense": "3385000", "nonInterestIncome": "None", "otherNonOperatingIncome": "28422000", "depreciation": "None", "depreciationAndAmortization": "24933000", "incomeBeforeTax": "2212000", "incomeTaxExpense": "-1523000", "interestAndDebtExpense": "None", "netIncomeFromContinuingOperations": "3735000", "comprehensiveIncomeNetOfTax": "None", "ebit": "5597000", "ebitda": "30530000", "netIncome": "3735000"}, {"fiscalDateEnding": "2014-03-31", "reportedCurrency": "USD", "grossProfit": "91373000", "totalRevenue": "130212000", "costOfRevenue": "38839000", "costofGoodsAndServicesSold": "38839000", "operatingIncome": "-15893000", "sellingGeneralAndAdministrative": "42600000", "researchAndDevelopment": "52140000", "operatingExpenses": "107266000", "investmentIncomeNet": "None", "netInterestIncome": "None", "interestIncome": "None", "interestExpense": "3356000", "nonInterestIncome": "None", "otherNonOperatingIncome": "-1339000", "depreciation": "None", "depreciationAndAmortization": "22553000", "incomeBeforeTax": "-20588000", "incomeTaxExpense": "3766000", "interestAndDebtExpense": "None", "netIncomeFromContinuingOperations": "-24354000", "comprehensiveIncomeNetOfTax": "None", "ebit": "-17232000", "ebitda": "5321000", "netIncome": "-24354000"}, {"fiscalDateEnding": "2013-12-31", "reportedCurrency": "USD", "grossProfit": "111600000", "totalRevenue": "154500000", "costOfRevenue": "42900000", "costofGoodsAndServicesSold": "42900000", "operatingIncome": "5800000", "sellingGeneralAndAdministrative": "44200000", "researchAndDevelopment": "48700000", "operatingExpenses": "105700000", "investmentIncomeNet": "None", "netInterestIncome": "None", "interestIncome": "None", "interestExpense": "6945000", "nonInterestIncome": "None", "otherNonOperatingIncome": "None", "depreciation": "None", "depreciationAndAmortization": "23400000", "incomeBeforeTax": "2900000", "incomeTaxExpense": "-15200000", "interestAndDebtExpense": "None", "netIncomeFromContinuingOperations": "20648000", "comprehensiveIncomeNetOfTax": "None", "ebit": "-4045000", "ebitda": "19355000", "netIncome": "18100000"}, {"fiscalDateEnding": "2013-09-30", "reportedCurrency": "USD", "grossProfit": "94379000", "totalRevenue": "139802000", "costOfRevenue": "45423000", "costofGoodsAndServicesSold": "45423000", "operatingIncome": "-3878000", "sellingGeneralAndAdministrative": "39500000", "researchAndDevelopment": "45947000", "operatingExpenses": "98257000", "investmentIncomeNet": "None", "netInterestIncome": "None", "interestIncome": "None", "interestExpense": "3477000", "nonInterestIncome": "None", "otherNonOperatingIncome": "-174000", "depreciation": "None", "depreciationAndAmortization": "23674000", "incomeBeforeTax": "-7529000", "incomeTaxExpense": "233000", "interestAndDebtExpense": "None", "netIncomeFromContinuingOperations": "-7762000", "comprehensiveIncomeNetOfTax": "None", "ebit": "-4052000", "ebitda": "19622000", "netIncome": "-7762000"}, {"fiscalDateEnding": "2013-06-30", "reportedCurrency": "USD", "grossProfit": "92640000", "totalRevenue": "138631000", "costOfRevenue": "45991000", "costofGoodsAndServicesSold": "45991000", "operatingIncome": "13529000", "sellingGeneralAndAdministrative": "32900000", "researchAndDevelopment": "33462000", "operatingExpenses": "79111000", "investmentIncomeNet": "None", "netInterestIncome": "None", "interestIncome": "None", "interestExpense": "3468000", "nonInterestIncome": "None", "otherNonOperatingIncome": "-9000", "depreciation": "None", "depreciationAndAmortization": "23727000", "incomeBeforeTax": "10052000", "incomeTaxExpense": "2718000", "interestAndDebtExpense": "None", "netIncomeFromContinuingOperations": "7334000", "comprehensiveIncomeNetOfTax": "None", "ebit": "13520000", "ebitda": "37247000", "netIncome": "7334000"}, {"fiscalDateEnding": "2013-03-31", "reportedCurrency": "USD", "grossProfit": "115431000", "totalRevenue": "163422000", "costOfRevenue": "47991000", "costofGoodsAndServicesSold": "47991000", "operatingIncome": "18984000", "sellingGeneralAndAdministrative": "34700000", "researchAndDevelopment": "35800000", "operatingExpenses": "96447000", "investmentIncomeNet": "None", "netInterestIncome": "None", "interestIncome": "None", "interestExpense": "11473000", "nonInterestIncome": "None", "otherNonOperatingIncome": "355000", "depreciation": "None", "depreciationAndAmortization": "18321000", "incomeBeforeTax": "7866000", "incomeTaxExpense": "4867000", "interestAndDebtExpense": "None", "netIncomeFromContinuingOperations": "2999000", "comprehensiveIncomeNetOfTax": "None", "ebit": "19339000", "ebitda": "37660000", "netIncome": "2999000"}, {"fiscalDateEnding": "2012-12-31", "reportedCurrency": "USD", "grossProfit": "96995000", "totalRevenue": "135909000", "costOfRevenue": "38914000", "costofGoodsAndServicesSold": "38914000", "operatingIncome": "25260000", "sellingGeneralAndAdministrative": "29900000", "researchAndDevelopment": "31319000", "operatingExpenses": "71735000", "investmentIncomeNet": "None", "netInterestIncome": "None", "interestIncome": "None", "interestExpense": "4703000", "nonInterestIncome": "None", "otherNonOperatingIncome": "106000", "depreciation": "None", "depreciationAndAmortization": "18601000", "incomeBeforeTax": "20663000", "incomeTaxExpense": "4405000", "interestAndDebtExpense": "None", "netIncomeFromContinuingOperations": "16258000", "comprehensiveIncomeNetOfTax": "None", "ebit": "25366000", "ebitda": "43967000", "netIncome": "16258000"}, {"fiscalDateEnding": "2012-09-30", "reportedCurrency": "USD", "grossProfit": "82487000", "totalRevenue": "123978000", "costOfRevenue": "41491000", "costofGoodsAndServicesSold": "41491000", "operatingIncome": "5424000", "sellingGeneralAndAdministrative": "31400000", "researchAndDevelopment": "35088000", "operatingExpenses": "77063000", "investmentIncomeNet": "None", "netInterestIncome": "None", "interestIncome": "None", "interestExpense": "22648000", "nonInterestIncome": "None", "otherNonOperatingIncome": "939000", "depreciation": "None", "depreciationAndAmortization": "18811000", "incomeBeforeTax": "-16285000", "incomeTaxExpense": "422000", "interestAndDebtExpense": "None", "netIncomeFromContinuingOperations": "-16707000", "comprehensiveIncomeNetOfTax": "None", "ebit": "6363000", "ebitda": "25174000", "netIncome": "-16707000"}, {"fiscalDateEnding": "2012-06-30", "reportedCurrency": "USD", "grossProfit": "110169000", "totalRevenue": "152239000", "costOfRevenue": "42070000", "costofGoodsAndServicesSold": "42070000", "operatingIncome": "32145000", "sellingGeneralAndAdministrative": "29800000", "researchAndDevelopment": "37806000", "operatingExpenses": "78024000", "investmentIncomeNet": "None", "netInterestIncome": "None", "interestIncome": "None", "interestExpense": "10170000", "nonInterestIncome": "None", "otherNonOperatingIncome": "1222000", "depreciation": "None", "depreciationAndAmortization": "18018000", "incomeBeforeTax": "23197000", "incomeTaxExpense": "764000", "interestAndDebtExpense": "None", "netIncomeFromContinuingOperations": "22433000", "comprehensiveIncomeNetOfTax": "None", "ebit": "33367000", "ebitda": "51385000", "netIncome": "22433000"}, {"fiscalDateEnding": "2012-03-31", "reportedCurrency": "USD", "grossProfit": "79396000", "totalRevenue": "130473000", "costOfRevenue": "51077000", "costofGoodsAndServicesSold": "51077000", "operatingIncome": "-57668000", "sellingGeneralAndAdministrative": "38800000", "researchAndDevelopment": "45190000", "operatingExpenses": "137064000", "investmentIncomeNet": "None", "netInterestIncome": "None", "interestIncome": "None", "interestExpense": "10092000", "nonInterestIncome": "None", "otherNonOperatingIncome": "None", "depreciation": "None", "depreciationAndAmortization": "66433000", "incomeBeforeTax": "-67765000", "incomeTaxExpense": "-4408000", "interestAndDebtExpense": "None", "netIncomeFromContinuingOperations": "0", "comprehensiveIncomeNetOfTax": "None", "ebit": "-57673000", "ebitda": "8760000", "netIncome": "-63357000"}, {"fiscalDateEnding": "2011-12-31", "reportedCurrency": "USD", "grossProfit": "82891000", "totalRevenue": "125643000", "costOfRevenue": "42752000", "costofGoodsAndServicesSold": "42752000", "operatingIncome": "-4967000", "sellingGeneralAndAdministrative": "31000000", "researchAndDevelopment": "40493000", "operatingExpenses": "87858000", "investmentIncomeNet": "None", "netInterestIncome": "None", "interestIncome": "None", "interestExpense": "10458000", "nonInterestIncome": "None", "otherNonOperatingIncome": "695000", "depreciation": "None", "depreciationAndAmortization": "20874000", "incomeBeforeTax": "-14730000", "incomeTaxExpense": "98000", "interestAndDebtExpense": "None", "netIncomeFromContinuingOperations": "-14828000", "comprehensiveIncomeNetOfTax": "None", "ebit": "-4272000", "ebitda": "16602000", "netIncome": "-14828000"}, {"fiscalDateEnding": "2011-09-30", "reportedCurrency": "USD", "grossProfit": "54448000", "totalRevenue": "71978000", "costOfRevenue": "17530000", "costofGoodsAndServicesSold": "17530000", "operatingIncome": "-11763000", "sellingGeneralAndAdministrative": "36234000", "researchAndDevelopment": "28160000", "operatingExpenses": "66211000", "investmentIncomeNet": "None", "netInterestIncome": "None", "interestIncome": "None", "interestExpense": "7561000", "nonInterestIncome": "None", "otherNonOperatingIncome": "719000", "depreciation": "None", "depreciationAndAmortization": "4469000", "incomeBeforeTax": "-18605000", "incomeTaxExpense": "3650000", "interestAndDebtExpense": "None", "netIncomeFromContinuingOperations": "-22255000", "comprehensiveIncomeNetOfTax": "None", "ebit": "-11044000", "ebitda": "-6575000", "netIncome": "-22255000"}, {"fiscalDateEnding": "2011-06-30", "reportedCurrency": "USD", "grossProfit": "45664000", "totalRevenue": "61883000", "costOfRevenue": "16219000", "costofGoodsAndServicesSold": "16219000", "operatingIncome": "-13883000", "sellingGeneralAndAdministrative": "31497000", "researchAndDevelopment": "28050000", "operatingExpenses": "59547000", "investmentIncomeNet": "None", "netInterestIncome": "None", "interestIncome": "None", "interestExpense": "502000", "nonInterestIncome": "None", "otherNonOperatingIncome": "None", "depreciation": "None", "depreciationAndAmortization": "1908000", "incomeBeforeTax": "-13292000", "incomeTaxExpense": "-54000", "interestAndDebtExpense": "None", "netIncomeFromContinuingOperations": "0", "comprehensiveIncomeNetOfTax": "None", "ebit": "-13292000", "ebitda": "-11384000", "netIncome": "-13238000"}, {"fiscalDateEnding": "2011-03-31", "reportedCurrency": "USD", "grossProfit": "38389000", "totalRevenue": "51138000", "costOfRevenue": "12749000", "costofGoodsAndServicesSold": "12749000", "operatingIncome": "-13602000", "sellingGeneralAndAdministrative": "51991000", "researchAndDevelopment": "27827000", "operatingExpenses": "51991000", "investmentIncomeNet": "None", "netInterestIncome": "None", "interestIncome": "None", "interestExpense": "553000", "nonInterestIncome": "None", "otherNonOperatingIncome": "None", "depreciation": "None", "depreciationAndAmortization": "2442000", "incomeBeforeTax": "-13073000", "incomeTaxExpense": "9000", "interestAndDebtExpense": "None", "netIncomeFromContinuingOperations": "0", "comprehensiveIncomeNetOfTax": "None", "ebit": "-13073000", "ebitda": "-10631000", "netIncome": "-13082000"}, {"fiscalDateEnding": "2010-12-31", "reportedCurrency": "USD", "grossProfit": "31115000", "totalRevenue": "43975000", "costOfRevenue": "12860000", "costofGoodsAndServicesSold": "12860000", "operatingIncome": "-11909000", "sellingGeneralAndAdministrative": "20521000", "researchAndDevelopment": "22503000", "operatingExpenses": "43024000", "investmentIncomeNet": "None", "netInterestIncome": "None", "interestIncome": "None", "interestExpense": "650000", "nonInterestIncome": "None", "otherNonOperatingIncome": "None", "depreciation": "None", "depreciationAndAmortization": "2148000", "incomeBeforeTax": "-11342000", "incomeTaxExpense": "41000", "interestAndDebtExpense": "None", "netIncomeFromContinuingOperations": "0", "comprehensiveIncomeNetOfTax": "None", "ebit": "-11342000", "ebitda": "-9194000", "netIncome": "-11383000"}, {"fiscalDateEnding": "2010-09-30", "reportedCurrency": "USD", "grossProfit": "35336000", "totalRevenue": "49247000", "costOfRevenue": "13911000", "costofGoodsAndServicesSold": "13911000", "operatingIncome": "-7032000", "sellingGeneralAndAdministrative": "18436000", "researchAndDevelopment": "23932000", "operatingExpenses": "42368000", "investmentIncomeNet": "None", "netInterestIncome": "None", "interestIncome": "None", "interestExpense": "2168000", "nonInterestIncome": "None", "otherNonOperatingIncome": "None", "depreciation": "None", "depreciationAndAmortization": "1957000", "incomeBeforeTax": "-8609000", "incomeTaxExpense": "-943000", "interestAndDebtExpense": "None", "netIncomeFromContinuingOperations": "0", "comprehensiveIncomeNetOfTax": "None", "ebit": "-6441000", "ebitda": "-4484000", "netIncome": "-7666000"}, {"fiscalDateEnding": "2010-06-30", "reportedCurrency": "USD", "grossProfit": "29615000", "totalRevenue": "42280000", "costOfRevenue": "12665000", "costofGoodsAndServicesSold": "12665000", "operatingIncome": "-13088000", "sellingGeneralAndAdministrative": "19726000", "researchAndDevelopment": "22977000", "operatingExpenses": "42703000", "investmentIncomeNet": "None", "netInterestIncome": "None", "interestIncome": "None", "interestExpense": "1130000", "nonInterestIncome": "None", "otherNonOperatingIncome": "None", "depreciation": "None", "depreciationAndAmortization": "2105000", "incomeBeforeTax": "-13467000", "incomeTaxExpense": "-58000", "interestAndDebtExpense": "None", "netIncomeFromContinuingOperations": "0", "comprehensiveIncomeNetOfTax": "None", "ebit": "-12337000", "ebitda": "-10232000", "netIncome": "-13409000"}, {"fiscalDateEnding": "2010-03-31", "reportedCurrency": "USD", "grossProfit": "26868000", "totalRevenue": "38476000", "costOfRevenue": "11608000", "costofGoodsAndServicesSold": "11608000", "operatingIncome": "-18550000", "sellingGeneralAndAdministrative": "42381000", "researchAndDevelopment": "26536000", "operatingExpenses": "45418000", "investmentIncomeNet": "None", "netInterestIncome": "None", "interestIncome": "None", "interestExpense": "1276000", "nonInterestIncome": "None", "otherNonOperatingIncome": "None", "depreciation": "None", "depreciationAndAmortization": "4712000", "incomeBeforeTax": "-18895000", "incomeTaxExpense": "-4960000", "interestAndDebtExpense": "None", "netIncomeFromContinuingOperations": "0", "comprehensiveIncomeNetOfTax": "None", "ebit": "-17619000", "ebitda": "-12907000", "netIncome": "-13935000"}, {"fiscalDateEnding": "2009-12-31", "reportedCurrency": "USD", "grossProfit": "34080000", "totalRevenue": "44152000", "costOfRevenue": "10072000", "costofGoodsAndServicesSold": "10072000", "operatingIncome": "-6236000", "sellingGeneralAndAdministrative": "17739000", "researchAndDevelopment": "22577000", "operatingExpenses": "40316000", "investmentIncomeNet": "None", "netInterestIncome": "None", "interestIncome": "None", "interestExpense": "1423000", "nonInterestIncome": "None", "otherNonOperatingIncome": "None", "depreciation": "None", "depreciationAndAmortization": "4832000", "incomeBeforeTax": "-6802000", "incomeTaxExpense": "15000", "interestAndDebtExpense": "None", "netIncomeFromContinuingOperations": "0", "comprehensiveIncomeNetOfTax": "None", "ebit": "-5379000", "ebitda": "-547000", "netIncome": "-6817000"}, {"fiscalDateEnding": "2009-09-30", "reportedCurrency": "USD", "grossProfit": "33065000", "totalRevenue": "48157000", "costOfRevenue": "15092000", "costofGoodsAndServicesSold": "15092000", "operatingIncome": "-8224000", "sellingGeneralAndAdministrative": "20625000", "researchAndDevelopment": "20664000", "operatingExpenses": "41289000", "investmentIncomeNet": "None", "netInterestIncome": "None", "interestIncome": "None", "interestExpense": "1566000", "nonInterestIncome": "None", "otherNonOperatingIncome": "None", "depreciation": "None", "depreciationAndAmortization": "5534000", "incomeBeforeTax": "-8769000", "incomeTaxExpense": "-60000", "interestAndDebtExpense": "None", "netIncomeFromContinuingOperations": "0", "comprehensiveIncomeNetOfTax": "None", "ebit": "-7203000", "ebitda": "-1669000", "netIncome": "-8709000"}, {"fiscalDateEnding": "2009-06-30", "reportedCurrency": "USD", "grossProfit": "34830000", "totalRevenue": "47496000", "costOfRevenue": "12666000", "costofGoodsAndServicesSold": "12666000", "operatingIncome": "-10024000", "sellingGeneralAndAdministrative": "19268000", "researchAndDevelopment": "25586000", "operatingExpenses": "44854000", "investmentIncomeNet": "None", "netInterestIncome": "None", "interestIncome": "None", "interestExpense": "1709000", "nonInterestIncome": "None", "otherNonOperatingIncome": "None", "depreciation": "None", "depreciationAndAmortization": "9948000", "incomeBeforeTax": "-10235000", "incomeTaxExpense": "-70000", "interestAndDebtExpense": "None", "netIncomeFromContinuingOperations": "0", "comprehensiveIncomeNetOfTax": "None", "ebit": "-8526000", "ebitda": "1422000", "netIncome": "-10165000"}, {"fiscalDateEnding": "2009-03-31", "reportedCurrency": "USD", "grossProfit": "32400000", "totalRevenue": "43875000", "costOfRevenue": "11475000", "costofGoodsAndServicesSold": "11475000", "operatingIncome": "-13273000", "sellingGeneralAndAdministrative": "45673000", "researchAndDevelopment": "24838000", "operatingExpenses": "45673000", "investmentIncomeNet": "None", "netInterestIncome": "None", "interestIncome": "None", "interestExpense": "452000", "nonInterestIncome": "None", "otherNonOperatingIncome": "None", "depreciation": "None", "depreciationAndAmortization": "2764000", "incomeBeforeTax": "-13725000", "incomeTaxExpense": "-130000", "interestAndDebtExpense": "None", "netIncomeFromContinuingOperations": "0", "comprehensiveIncomeNetOfTax": "None", "ebit": "-3462000", "ebitda": "-698000", "netIncome": "-13595000"}, {"fiscalDateEnding": "2008-12-31", "reportedCurrency": "USD", "grossProfit": "150125000", "totalRevenue": "155661000", "costOfRevenue": "5536000", "costofGoodsAndServicesSold": "5536000", "operatingIncome": "112888000", "sellingGeneralAndAdministrative": "14568000", "researchAndDevelopment": "22669000", "operatingExpenses": "37237000", "investmentIncomeNet": "None", "netInterestIncome": "None", "interestIncome": "None", "interestExpense": "2436000", "nonInterestIncome": "None", "otherNonOperatingIncome": "None", "depreciation": "None", "depreciationAndAmortization": "2600000", "incomeBeforeTax": "112385000", "incomeTaxExpense": "-330000", "interestAndDebtExpense": "None", "netIncomeFromContinuingOperations": "0", "comprehensiveIncomeNetOfTax": "None", "ebit": "114821000", "ebitda": "117421000", "netIncome": "112715000"}, {"fiscalDateEnding": "2008-09-30", "reportedCurrency": "USD", "grossProfit": "35240000", "totalRevenue": "47311000", "costOfRevenue": "12071000", "costofGoodsAndServicesSold": "12071000", "operatingIncome": "3851000", "sellingGeneralAndAdministrative": "11679000", "researchAndDevelopment": "19710000", "operatingExpenses": "31389000", "investmentIncomeNet": "None", "netInterestIncome": "None", "interestIncome": "None", "interestExpense": "2216000", "nonInterestIncome": "None", "otherNonOperatingIncome": "None", "depreciation": "None", "depreciationAndAmortization": "2384000", "incomeBeforeTax": "1635000", "incomeTaxExpense": "-63000", "interestAndDebtExpense": "None", "netIncomeFromContinuingOperations": "0", "comprehensiveIncomeNetOfTax": "None", "ebit": "3851000", "ebitda": "6235000", "netIncome": "1698000"}, {"fiscalDateEnding": "2008-06-30", "reportedCurrency": "USD", "grossProfit": "65678000", "totalRevenue": "79992000", "costOfRevenue": "14314000", "costofGoodsAndServicesSold": "14314000", "operatingIncome": "31491000", "sellingGeneralAndAdministrative": "11926000", "researchAndDevelopment": "22261000", "operatingExpenses": "34187000", "investmentIncomeNet": "None", "netInterestIncome": "None", "interestIncome": "None", "interestExpense": "774000", "nonInterestIncome": "None", "otherNonOperatingIncome": "None", "depreciation": "None", "depreciationAndAmortization": "2517000", "incomeBeforeTax": "30717000", "incomeTaxExpense": "1030000", "interestAndDebtExpense": "None", "netIncomeFromContinuingOperations": "0", "comprehensiveIncomeNetOfTax": "None", "ebit": "31491000", "ebitda": "34008000", "netIncome": "29687000"}, {"fiscalDateEnding": "2008-03-31", "reportedCurrency": "USD", "grossProfit": "48593000", "totalRevenue": "62408000", "costOfRevenue": "13815000", "costofGoodsAndServicesSold": "13815000", "operatingIncome": "-17769000", "sellingGeneralAndAdministrative": "48309000", "researchAndDevelopment": "33937000", "operatingExpenses": "66362000", "investmentIncomeNet": "None", "netInterestIncome": "None", "interestIncome": "None", "interestExpense": "6921000", "nonInterestIncome": "None", "otherNonOperatingIncome": "None", "depreciation": "None", "depreciationAndAmortization": "2758000", "incomeBeforeTax": "-18267000", "incomeTaxExpense": "80000", "interestAndDebtExpense": "None", "netIncomeFromContinuingOperations": "0", "comprehensiveIncomeNetOfTax": "None", "ebit": "-11346000", "ebitda": "-8588000", "netIncome": "-18347000"}, {"fiscalDateEnding": "2007-12-31", "reportedCurrency": "USD", "grossProfit": "43272000", "totalRevenue": "50771000", "costOfRevenue": "7499000", "costofGoodsAndServicesSold": "7499000", "operatingIncome": "-2372000", "sellingGeneralAndAdministrative": "15249000", "researchAndDevelopment": "30395000", "operatingExpenses": "45644000", "investmentIncomeNet": "None", "netInterestIncome": "None", "interestIncome": "None", "interestExpense": "174442000", "nonInterestIncome": "None", "otherNonOperatingIncome": "None", "depreciation": "None", "depreciationAndAmortization": "3266000", "incomeBeforeTax": "172070000", "incomeTaxExpense": "3189000", "interestAndDebtExpense": "None", "netIncomeFromContinuingOperations": "0", "comprehensiveIncomeNetOfTax": "None", "ebit": "-2372000", "ebitda": "894000", "netIncome": "168881000"}, {"fiscalDateEnding": "2007-09-30", "reportedCurrency": "USD", "grossProfit": "49382000", "totalRevenue": "58600000", "costOfRevenue": "9218000", "costofGoodsAndServicesSold": "9218000", "operatingIncome": "6578000", "sellingGeneralAndAdministrative": "14487000", "researchAndDevelopment": "28317000", "operatingExpenses": "42804000", "investmentIncomeNet": "None", "netInterestIncome": "None", "interestIncome": "None", "interestExpense": "1320000", "nonInterestIncome": "None", "otherNonOperatingIncome": "None", "depreciation": "None", "depreciationAndAmortization": "3184000", "incomeBeforeTax": "7898000", "incomeTaxExpense": "200000", "interestAndDebtExpense": "None", "netIncomeFromContinuingOperations": "0", "comprehensiveIncomeNetOfTax": "None", "ebit": "6578000", "ebitda": "9762000", "netIncome": "7698000"}, {"fiscalDateEnding": "2007-06-30", "reportedCurrency": "USD", "grossProfit": "58793000", "totalRevenue": "68938000", "costOfRevenue": "10145000", "costofGoodsAndServicesSold": "10145000", "operatingIncome": "10774000", "sellingGeneralAndAdministrative": "15400000", "researchAndDevelopment": "32619000", "operatingExpenses": "48019000", "investmentIncomeNet": "None", "netInterestIncome": "None", "interestIncome": "None", "interestExpense": "355000", "nonInterestIncome": "None", "otherNonOperatingIncome": "None", "depreciation": "None", "depreciationAndAmortization": "2930000", "incomeBeforeTax": "11129000", "incomeTaxExpense": "2382000", "interestAndDebtExpense": "None", "netIncomeFromContinuingOperations": "0", "comprehensiveIncomeNetOfTax": "None", "ebit": "10774000", "ebitda": "13704000", "netIncome": "8747000"}, {"fiscalDateEnding": "2007-03-31", "reportedCurrency": "USD", "grossProfit": "53784000", "totalRevenue": "64844000", "costOfRevenue": "11060000", "costofGoodsAndServicesSold": "11060000", "operatingIncome": "4230000", "sellingGeneralAndAdministrative": "49057000", "researchAndDevelopment": "31727000", "operatingExpenses": "49554000", "investmentIncomeNet": "None", "netInterestIncome": "None", "interestIncome": "None", "interestExpense": "392000", "nonInterestIncome": "None", "otherNonOperatingIncome": "None", "depreciation": "None", "depreciationAndAmortization": "3153000", "incomeBeforeTax": "3838000", "incomeTaxExpense": "337000", "interestAndDebtExpense": "None", "netIncomeFromContinuingOperations": "0", "comprehensiveIncomeNetOfTax": "None", "ebit": "4230000", "ebitda": "7383000", "netIncome": "3501000"}, {"fiscalDateEnding": "2006-12-31", "reportedCurrency": "USD", "grossProfit": "49424000", "totalRevenue": "62413000", "costOfRevenue": "12989000", "costofGoodsAndServicesSold": "12989000", "operatingIncome": "3151000", "sellingGeneralAndAdministrative": "16365000", "researchAndDevelopment": "29908000", "operatingExpenses": "46273000", "investmentIncomeNet": "None", "netInterestIncome": "None", "interestIncome": "None", "interestExpense": "208000", "nonInterestIncome": "None", "otherNonOperatingIncome": "None", "depreciation": "None", "depreciationAndAmortization": "3071000", "incomeBeforeTax": "3359000", "incomeTaxExpense": "426000", "interestAndDebtExpense": "None", "netIncomeFromContinuingOperations": "0", "comprehensiveIncomeNetOfTax": "None", "ebit": "3151000", "ebitda": "6222000", "netIncome": "2933000"}, {"fiscalDateEnding": "2006-09-30", "reportedCurrency": "USD", "grossProfit": "49348000", "totalRevenue": "61170000", "costOfRevenue": "11822000", "costofGoodsAndServicesSold": "11822000", "operatingIncome": "3854000", "sellingGeneralAndAdministrative": "15677000", "researchAndDevelopment": "29817000", "operatingExpenses": "45494000", "investmentIncomeNet": "None", "netInterestIncome": "None", "interestIncome": "None", "interestExpense": "36000", "nonInterestIncome": "None", "otherNonOperatingIncome": "None", "depreciation": "None", "depreciationAndAmortization": "2941000", "incomeBeforeTax": "3890000", "incomeTaxExpense": "164000", "interestAndDebtExpense": "None", "netIncomeFromContinuingOperations": "0", "comprehensiveIncomeNetOfTax": "None", "ebit": "3854000", "ebitda": "6795000", "netIncome": "3726000"}, {"fiscalDateEnding": "2006-06-30", "reportedCurrency": "USD", "grossProfit": "42200000", "totalRevenue": "51538000", "costOfRevenue": "9338000", "costofGoodsAndServicesSold": "9338000", "operatingIncome": "-193000", "sellingGeneralAndAdministrative": "16530000", "researchAndDevelopment": "25863000", "operatingExpenses": "42393000", "investmentIncomeNet": "None", "netInterestIncome": "None", "interestIncome": "None", "interestExpense": "436000", "nonInterestIncome": "None", "otherNonOperatingIncome": "None", "depreciation": "None", "depreciationAndAmortization": "2826000", "incomeBeforeTax": "-544000", "incomeTaxExpense": "171000", "interestAndDebtExpense": "None", "netIncomeFromContinuingOperations": "0", "comprehensiveIncomeNetOfTax": "None", "ebit": "-193000", "ebitda": "2633000", "netIncome": "-715000"}, {"fiscalDateEnding": "2006-03-31", "reportedCurrency": "USD", "grossProfit": "45122000", "totalRevenue": "53657000", "costOfRevenue": "8535000", "costofGoodsAndServicesSold": "8535000", "operatingIncome": "6557000", "sellingGeneralAndAdministrative": "38565000", "researchAndDevelopment": "25575000", "operatingExpenses": "38565000", "investmentIncomeNet": "None", "netInterestIncome": "None", "interestIncome": "None", "interestExpense": "4396000", "nonInterestIncome": "None", "otherNonOperatingIncome": "None", "depreciation": "None", "depreciationAndAmortization": "3023000", "incomeBeforeTax": "4396000", "incomeTaxExpense": "-4396000", "interestAndDebtExpense": "None", "netIncomeFromContinuingOperations": "0", "comprehensiveIncomeNetOfTax": "None", "ebit": "6557000", "ebitda": "9580000", "netIncome": "4396000"}, {"fiscalDateEnding": "2005-12-31", "reportedCurrency": "USD", "grossProfit": "35341000", "totalRevenue": "41418000", "costOfRevenue": "6077000", "costofGoodsAndServicesSold": "6077000", "operatingIncome": "3508000", "sellingGeneralAndAdministrative": "9332000", "researchAndDevelopment": "22501000", "operatingExpenses": "31833000", "investmentIncomeNet": "None", "netInterestIncome": "None", "interestIncome": "None", "interestExpense": "1407000", "nonInterestIncome": "None", "otherNonOperatingIncome": "None", "depreciation": "None", "depreciationAndAmortization": "2673000", "incomeBeforeTax": "1407000", "incomeTaxExpense": "-1407000", "interestAndDebtExpense": "None", "netIncomeFromContinuingOperations": "0", "comprehensiveIncomeNetOfTax": "None", "ebit": "3508000", "ebitda": "6181000", "netIncome": "1407000"}, {"fiscalDateEnding": "2005-09-30", "reportedCurrency": "USD", "grossProfit": "42328000", "totalRevenue": "46688000", "costOfRevenue": "4360000", "costofGoodsAndServicesSold": "4360000", "operatingIncome": "13849000", "sellingGeneralAndAdministrative": "9109000", "researchAndDevelopment": "19370000", "operatingExpenses": "28479000", "investmentIncomeNet": "None", "netInterestIncome": "None", "interestIncome": "None", "interestExpense": "11752000", "nonInterestIncome": "None", "otherNonOperatingIncome": "None", "depreciation": "None", "depreciationAndAmortization": "2605000", "incomeBeforeTax": "11752000", "incomeTaxExpense": "-11752000", "interestAndDebtExpense": "None", "netIncomeFromContinuingOperations": "0", "comprehensiveIncomeNetOfTax": "None", "ebit": "13849000", "ebitda": "16454000", "netIncome": "11752000"}]}