{"symbol": "IP", "annualReports": [{"fiscalDateEnding": "2025-12-31", "reportedCurrency": "None", "grossProfit": "7351000000", "totalRevenue": "24896000000", "costOfRevenue": "17545000000", "costofGoodsAndServicesSold": "17545000000", "operatingIncome": "-2820000000", "sellingGeneralAndAdministrative": "2146000000", "researchAndDevelopment": "None", "operatingExpenses": "10171000000", "investmentIncomeNet": "None", "netInterestIncome": "None", "interestIncome": "None", "interestExpense": "372000000", "nonInterestIncome": "None", "otherNonOperatingIncome": "None", "depreciation": "None", "depreciationAndAmortization": "2841000000", "incomeBeforeTax": "-3351000000", "incomeTaxExpense": "-532000000", "interestAndDebtExpense": "None", "netIncomeFromContinuingOperations": "None", "comprehensiveIncomeNetOfTax": "None", "ebit": "-2979000000", "ebitda": "-138000000", "netIncome": "-3516000000"}, {"fiscalDateEnding": "2024-12-31", "reportedCurrency": "USD", "grossProfit": "5243000000", "totalRevenue": "18619000000", "costOfRevenue": "13376000000", "costofGoodsAndServicesSold": "13376000000", "operatingIncome": "476000000", "sellingGeneralAndAdministrative": "1840000000", "researchAndDevelopment": "None", "operatingExpenses": "4767000000", "investmentIncomeNet": "None", "netInterestIncome": "-208000000", "interestIncome": "222000000", "interestExpense": "430000000", "nonInterestIncome": "None", "otherNonOperatingIncome": "None", "depreciation": "None", "depreciationAndAmortization": "1305000000", "incomeBeforeTax": "142000000", "incomeTaxExpense": "-415000000", "interestAndDebtExpense": "None", "netIncomeFromContinuingOperations": "557000000", "comprehensiveIncomeNetOfTax": "None", "ebit": "577000000", "ebitda": "1882000000", "netIncome": "557000000"}, {"fiscalDateEnding": "2023-12-31", "reportedCurrency": "USD", "grossProfit": "3855000000", "totalRevenue": "18916000000", "costOfRevenue": "15061000000", "costofGoodsAndServicesSold": "15061000000", "operatingIncome": "1188000000", "sellingGeneralAndAdministrative": "938000000", "researchAndDevelopment": "None", "operatingExpenses": "2667000000", "investmentIncomeNet": "None", "netInterestIncome": "-238000000", "interestIncome": "166000000", "interestExpense": "421000000", "nonInterestIncome": "None", "otherNonOperatingIncome": "None", "depreciation": "None", "depreciationAndAmortization": "1468000000", "incomeBeforeTax": "361000000", "incomeTaxExpense": "59000000", "interestAndDebtExpense": "None", "netIncomeFromContinuingOperations": "757000000", "comprehensiveIncomeNetOfTax": "None", "ebit": "803000000", "ebitda": "2271000000", "netIncome": "302000000"}, {"fiscalDateEnding": "2022-12-31", "reportedCurrency": "USD", "grossProfit": "6018000000", "totalRevenue": "21161000000", "costOfRevenue": "15143000000", "costofGoodsAndServicesSold": "15143000000", "operatingIncome": "1754000000", "sellingGeneralAndAdministrative": "1293000000", "researchAndDevelopment": "None", "operatingExpenses": "4264000000", "investmentIncomeNet": "None", "netInterestIncome": "-325000000", "interestIncome": "270000000", "interestExpense": "403000000", "nonInterestIncome": "None", "otherNonOperatingIncome": "-16000000", "depreciation": "None", "depreciationAndAmortization": "1040000000", "incomeBeforeTax": "1505000000", "incomeTaxExpense": "-236000000", "interestAndDebtExpense": "None", "netIncomeFromContinuingOperations": "1741000000", "comprehensiveIncomeNetOfTax": "None", "ebit": "1914000000", "ebitda": "2954000000", "netIncome": "1504000000"}, {"fiscalDateEnding": "2021-12-31", "reportedCurrency": "USD", "grossProfit": "5531000000", "totalRevenue": "19363000000", "costOfRevenue": "13832000000", "costofGoodsAndServicesSold": "13832000000", "operatingIncome": "1466000000", "sellingGeneralAndAdministrative": "1385000000", "researchAndDevelopment": "None", "operatingExpenses": "4065000000", "investmentIncomeNet": "None", "netInterestIncome": "-337000000", "interestIncome": "165000000", "interestExpense": "430000000", "nonInterestIncome": "None", "otherNonOperatingIncome": "524000000", "depreciation": "None", "depreciationAndAmortization": "1210000000", "incomeBeforeTax": "1001000000", "incomeTaxExpense": "188000000", "interestAndDebtExpense": "None", "netIncomeFromContinuingOperations": "1124000000", "comprehensiveIncomeNetOfTax": "None", "ebit": "1429000000", "ebitda": "2639000000", "netIncome": "1752000000"}, {"fiscalDateEnding": "2020-12-31", "reportedCurrency": "USD", "grossProfit": "4180000000", "totalRevenue": "17565000000", "costOfRevenue": "13385000000", "costofGoodsAndServicesSold": "13385000000", "operatingIncome": "1404000000", "sellingGeneralAndAdministrative": "1353000000", "researchAndDevelopment": "None", "operatingExpenses": "2776000000", "investmentIncomeNet": "None", "netInterestIncome": "-444000000", "interestIncome": "409000000", "interestExpense": "596000000", "nonInterestIncome": "None", "otherNonOperatingIncome": "-353000000", "depreciation": "None", "depreciationAndAmortization": "1132000000", "incomeBeforeTax": "406000000", "incomeTaxExpense": "176000000", "interestAndDebtExpense": "None", "netIncomeFromContinuingOperations": "482000000", "comprehensiveIncomeNetOfTax": "None", "ebit": "925000000", "ebitda": "2057000000", "netIncome": "230000000"}, {"fiscalDateEnding": "2019-12-31", "reportedCurrency": "USD", "grossProfit": "5648000000", "totalRevenue": "18317000000", "costOfRevenue": "12669000000", "costofGoodsAndServicesSold": "12669000000", "operatingIncome": "1744000000", "sellingGeneralAndAdministrative": "1449000000", "researchAndDevelopment": "29000000", "operatingExpenses": "3904000000", "investmentIncomeNet": "None", "netInterestIncome": "-491000000", "interestIncome": "215000000", "interestExpense": "701000000", "nonInterestIncome": "None", "otherNonOperatingIncome": "45000000", "depreciation": "None", "depreciationAndAmortization": "1306000000", "incomeBeforeTax": "1171000000", "incomeTaxExpense": "477000000", "interestAndDebtExpense": "None", "netIncomeFromContinuingOperations": "1220000000", "comprehensiveIncomeNetOfTax": "None", "ebit": "1622000000", "ebitda": "2928000000", "netIncome": "1225000000"}, {"fiscalDateEnding": "2018-12-31", "reportedCurrency": "USD", "grossProfit": "7751000000", "totalRevenue": "23306000000", "costOfRevenue": "15555000000", "costofGoodsAndServicesSold": "15555000000", "operatingIncome": "2962000000", "sellingGeneralAndAdministrative": "1723000000", "researchAndDevelopment": "30000000", "operatingExpenses": "4789000000", "investmentIncomeNet": "None", "netInterestIncome": "-536000000", "interestIncome": "198000000", "interestExpense": "734000000", "nonInterestIncome": "None", "otherNonOperatingIncome": "214000000", "depreciation": "None", "depreciationAndAmortization": "1328000000", "incomeBeforeTax": "2117000000", "incomeTaxExpense": "445000000", "interestAndDebtExpense": "None", "netIncomeFromContinuingOperations": "1672000000", "comprehensiveIncomeNetOfTax": "None", "ebit": "2515000000", "ebitda": "3843000000", "netIncome": "2012000000"}, {"fiscalDateEnding": "2017-12-31", "reportedCurrency": "USD", "grossProfit": "6941000000", "totalRevenue": "21743000000", "costOfRevenue": "14802000000", "costofGoodsAndServicesSold": "14802000000", "operatingIncome": "2374000000", "sellingGeneralAndAdministrative": "1621000000", "researchAndDevelopment": "28000000", "operatingExpenses": "4567000000", "investmentIncomeNet": "None", "netInterestIncome": "-572000000", "interestIncome": "186000000", "interestExpense": "758000000", "nonInterestIncome": "None", "otherNonOperatingIncome": "174000000", "depreciation": "None", "depreciationAndAmortization": "1423000000", "incomeBeforeTax": "1025000000", "incomeTaxExpense": "-1085000000", "interestAndDebtExpense": "None", "netIncomeFromContinuingOperations": "2110000000", "comprehensiveIncomeNetOfTax": "None", "ebit": "1606000000", "ebitda": "3029000000", "netIncome": "2144000000"}, {"fiscalDateEnding": "2016-12-31", "reportedCurrency": "USD", "grossProfit": "6076000000", "totalRevenue": "19495000000", "costOfRevenue": "13419000000", "costofGoodsAndServicesSold": "13419000000", "operatingIncome": "2103000000", "sellingGeneralAndAdministrative": "1458000000", "researchAndDevelopment": "730000000", "operatingExpenses": "3973000000", "investmentIncomeNet": "None", "netInterestIncome": "-520000000", "interestIncome": "175000000", "interestExpense": "695000000", "nonInterestIncome": "None", "otherNonOperatingIncome": "128000000", "depreciation": "None", "depreciationAndAmortization": "1227000000", "incomeBeforeTax": "993000000", "incomeTaxExpense": "193000000", "interestAndDebtExpense": "None", "netIncomeFromContinuingOperations": "907000000", "comprehensiveIncomeNetOfTax": "None", "ebit": "1490000000", "ebitda": "2717000000", "netIncome": "904000000"}, {"fiscalDateEnding": "2015-12-31", "reportedCurrency": "USD", "grossProfit": "6362000000", "totalRevenue": "20675000000", "costOfRevenue": "14313000000", "costofGoodsAndServicesSold": "14313000000", "operatingIncome": "2250000000", "sellingGeneralAndAdministrative": "1539000000", "researchAndDevelopment": "27000000", "operatingExpenses": "4112000000", "investmentIncomeNet": "None", "netInterestIncome": "None", "interestIncome": "553000000", "interestExpense": "644000000", "nonInterestIncome": "None", "otherNonOperatingIncome": "117000000", "depreciation": "None", "depreciationAndAmortization": "1294000000", "incomeBeforeTax": "1249000000", "incomeTaxExpense": "417000000", "interestAndDebtExpense": "None", "netIncomeFromContinuingOperations": "917000000", "comprehensiveIncomeNetOfTax": "None", "ebit": "1776000000", "ebitda": "3070000000", "netIncome": "938000000"}, {"fiscalDateEnding": "2014-12-31", "reportedCurrency": "USD", "grossProfit": "7363000000", "totalRevenue": "23617000000", "costOfRevenue": "16254000000", "costofGoodsAndServicesSold": "16254000000", "operatingIncome": "2463000000", "sellingGeneralAndAdministrative": "1793000000", "researchAndDevelopment": "16000000", "operatingExpenses": "4900000000", "investmentIncomeNet": "None", "netInterestIncome": "None", "interestIncome": "None", "interestExpense": "677000000", "nonInterestIncome": "None", "otherNonOperatingIncome": "-200000000", "depreciation": "None", "depreciationAndAmortization": "1414000000", "incomeBeforeTax": "672000000", "incomeTaxExpense": "123000000", "interestAndDebtExpense": "None", "netIncomeFromContinuingOperations": "549000000", "comprehensiveIncomeNetOfTax": "None", "ebit": "1549000000", "ebitda": "2963000000", "netIncome": "555000000"}, {"fiscalDateEnding": "2013-12-31", "reportedCurrency": "USD", "grossProfit": "7201000000", "totalRevenue": "23483000000", "costOfRevenue": "16282000000", "costofGoodsAndServicesSold": "16282000000", "operatingIncome": "2113000000", "sellingGeneralAndAdministrative": "1796000000", "researchAndDevelopment": "18000000", "operatingExpenses": "5088000000", "investmentIncomeNet": "None", "netInterestIncome": "None", "interestIncome": "None", "interestExpense": "669000000", "nonInterestIncome": "None", "otherNonOperatingIncome": "-55000000", "depreciation": "None", "depreciationAndAmortization": "1547000000", "incomeBeforeTax": "1189000000", "incomeTaxExpense": "-498000000", "interestAndDebtExpense": "None", "netIncomeFromContinuingOperations": "1333000000", "comprehensiveIncomeNetOfTax": "None", "ebit": "1897000000", "ebitda": "3444000000", "netIncome": "1395000000"}, {"fiscalDateEnding": "2012-12-31", "reportedCurrency": "USD", "grossProfit": "6565000000", "totalRevenue": "21852000000", "costOfRevenue": "15287000000", "costofGoodsAndServicesSold": "15287000000", "operatingIncome": "1789000000", "sellingGeneralAndAdministrative": "1674000000", "researchAndDevelopment": "13000000", "operatingExpenses": "4776000000", "investmentIncomeNet": "None", "netInterestIncome": "None", "interestIncome": "None", "interestExpense": "742000000", "nonInterestIncome": "None", "otherNonOperatingIncome": "-25000000", "depreciation": "None", "depreciationAndAmortization": "1486000000", "incomeBeforeTax": "1028000000", "incomeTaxExpense": "306000000", "interestAndDebtExpense": "None", "netIncomeFromContinuingOperations": "754000000", "comprehensiveIncomeNetOfTax": "None", "ebit": "1709000000", "ebitda": "3195000000", "netIncome": "794000000"}, {"fiscalDateEnding": "2011-12-31", "reportedCurrency": "USD", "grossProfit": "7074000000", "totalRevenue": "26034000000", "costOfRevenue": "18960000000", "costofGoodsAndServicesSold": "18960000000", "operatingIncome": "2319000000", "sellingGeneralAndAdministrative": "1887000000", "researchAndDevelopment": "13000000", "operatingExpenses": "4755000000", "investmentIncomeNet": "None", "netInterestIncome": "None", "interestIncome": "None", "interestExpense": "596000000", "nonInterestIncome": "None", "otherNonOperatingIncome": "-59000000", "depreciation": "None", "depreciationAndAmortization": "1332000000", "incomeBeforeTax": "1598000000", "incomeTaxExpense": "311000000", "interestAndDebtExpense": "None", "netIncomeFromContinuingOperations": "1306000000", "comprehensiveIncomeNetOfTax": "None", "ebit": "2054000000", "ebitda": "3386000000", "netIncome": "1322000000"}, {"fiscalDateEnding": "2010-12-31", "reportedCurrency": "USD", "grossProfit": "6697000000", "totalRevenue": "25179000000", "costOfRevenue": "18482000000", "costofGoodsAndServicesSold": "18482000000", "operatingIncome": "1801000000", "sellingGeneralAndAdministrative": "1930000000", "researchAndDevelopment": "12000000", "operatingExpenses": "4896000000", "investmentIncomeNet": "None", "netInterestIncome": "None", "interestIncome": "None", "interestExpense": "643000000", "nonInterestIncome": "None", "otherNonOperatingIncome": "87000000", "depreciation": "None", "depreciationAndAmortization": "1456000000", "incomeBeforeTax": "933000000", "incomeTaxExpense": "221000000", "interestAndDebtExpense": "None", "netIncomeFromContinuingOperations": "665000000", "comprehensiveIncomeNetOfTax": "None", "ebit": "1465000000", "ebitda": "2921000000", "netIncome": "691000000"}, {"fiscalDateEnding": "2009-12-31", "reportedCurrency": "USD", "grossProfit": "8146000000", "totalRevenue": "23366000000", "costOfRevenue": "15220000000", "costofGoodsAndServicesSold": "15220000000", "operatingIncome": "3280000000", "sellingGeneralAndAdministrative": "3206000000", "researchAndDevelopment": "13000000", "operatingExpenses": "4866000000", "investmentIncomeNet": "None", "netInterestIncome": "None", "interestIncome": "None", "interestExpense": "669000000", "nonInterestIncome": "None", "otherNonOperatingIncome": "-108000000", "depreciation": "None", "depreciationAndAmortization": "1472000000", "incomeBeforeTax": "1150000000", "incomeTaxExpense": "469000000", "interestAndDebtExpense": "None", "netIncomeFromContinuingOperations": "681000000", "comprehensiveIncomeNetOfTax": "None", "ebit": "1868000000", "ebitda": "3340000000", "netIncome": "663000000"}, {"fiscalDateEnding": "2008-12-31", "reportedCurrency": "USD", "grossProfit": "6087000000", "totalRevenue": "24829000000", "costOfRevenue": "18742000000", "costofGoodsAndServicesSold": "18742000000", "operatingIncome": "1325000000", "sellingGeneralAndAdministrative": "3233000000", "researchAndDevelopment": "22000000", "operatingExpenses": "4762000000", "investmentIncomeNet": "None", "netInterestIncome": "None", "interestIncome": "None", "interestExpense": "572000000", "nonInterestIncome": "None", "otherNonOperatingIncome": "None", "depreciation": "None", "depreciationAndAmortization": "1347000000", "incomeBeforeTax": "-1104000000", "incomeTaxExpense": "162000000", "interestAndDebtExpense": "None", "netIncomeFromContinuingOperations": "None", "comprehensiveIncomeNetOfTax": "None", "ebit": "-581000000", "ebitda": "766000000", "netIncome": "-1282000000"}, {"fiscalDateEnding": "2007-12-31", "reportedCurrency": "USD", "grossProfit": "5830000000", "totalRevenue": "21890000000", "costOfRevenue": "16060000000", "costofGoodsAndServicesSold": "16060000000", "operatingIncome": "1710000000", "sellingGeneralAndAdministrative": "1831000000", "researchAndDevelopment": "24000000", "operatingExpenses": "4120000000", "investmentIncomeNet": "None", "netInterestIncome": "None", "interestIncome": "None", "interestExpense": "451000000", "nonInterestIncome": "None", "otherNonOperatingIncome": "None", "depreciation": "None", "depreciationAndAmortization": "1086000000", "incomeBeforeTax": "1630000000", "incomeTaxExpense": "415000000", "interestAndDebtExpense": "None", "netIncomeFromContinuingOperations": "None", "comprehensiveIncomeNetOfTax": "None", "ebit": "2105000000", "ebitda": "3191000000", "netIncome": "1168000000"}, {"fiscalDateEnding": "2006-12-31", "reportedCurrency": "USD", "grossProfit": "5747000000", "totalRevenue": "21995000000", "costOfRevenue": "16248000000", "costofGoodsAndServicesSold": "16248000000", "operatingIncome": "1451000000", "sellingGeneralAndAdministrative": "1848000000", "researchAndDevelopment": "45000000", "operatingExpenses": "4296000000", "investmentIncomeNet": "None", "netInterestIncome": "None", "interestIncome": "None", "interestExpense": "651000000", "nonInterestIncome": "None", "otherNonOperatingIncome": "None", "depreciation": "None", "depreciationAndAmortization": "1158000000", "incomeBeforeTax": "3171000000", "incomeTaxExpense": "1889000000", "interestAndDebtExpense": "None", "netIncomeFromContinuingOperations": "None", "comprehensiveIncomeNetOfTax": "None", "ebit": "3839000000", "ebitda": "4997000000", "netIncome": "1050000000"}], "quarterlyReports": [{"fiscalDateEnding": "2025-12-31", "reportedCurrency": "USD", "grossProfit": "1883000000", "totalRevenue": "6006000000", "costOfRevenue": "4123000000", "costofGoodsAndServicesSold": "4123000000", "operatingIncome": "-2565000000", "sellingGeneralAndAdministrative": "545000000", "researchAndDevelopment": "None", "operatingExpenses": "4448000000", "investmentIncomeNet": "None", "netInterestIncome": "None", "interestIncome": "95000000", "interestExpense": "95000000", "nonInterestIncome": "None", "otherNonOperatingIncome": "None", "depreciation": "None", "depreciationAndAmortization": "697000000", "incomeBeforeTax": "-2654000000", "incomeTaxExpense": "-291000000", "interestAndDebtExpense": "None", "netIncomeFromContinuingOperations": "None", "comprehensiveIncomeNetOfTax": "None", "ebit": "-2559000000", "ebitda": "-1862000000", "netIncome": "-2384000000"}, {"fiscalDateEnding": "2025-09-30", "reportedCurrency": "USD", "grossProfit": "1935000000", "totalRevenue": "6222000000", "costOfRevenue": "4287000000", "costofGoodsAndServicesSold": "4287000000", "operatingIncome": "-426000000", "sellingGeneralAndAdministrative": "493000000", "researchAndDevelopment": "None", "operatingExpenses": "2361000000", "investmentIncomeNet": "None", "netInterestIncome": "-85000000", "interestIncome": "85000000", "interestExpense": "1000000", "nonInterestIncome": "None", "otherNonOperatingIncome": "None", "depreciation": "None", "depreciationAndAmortization": "1099000000", "incomeBeforeTax": "-676000000", "incomeTaxExpense": "-250000000", "interestAndDebtExpense": "None", "netIncomeFromContinuingOperations": "-426000000", "comprehensiveIncomeNetOfTax": "None", "ebit": "-675000000", "ebitda": "424000000", "netIncome": "-1102000000"}, {"fiscalDateEnding": "2025-06-30", "reportedCurrency": "USD", "grossProfit": "1891000000", "totalRevenue": "6767000000", "costOfRevenue": "4876000000", "costofGoodsAndServicesSold": "4876000000", "operatingIncome": "206000000", "sellingGeneralAndAdministrative": "578000000", "researchAndDevelopment": "None", "operatingExpenses": "1685000000", "investmentIncomeNet": "None", "netInterestIncome": "-107000000", "interestIncome": "107000000", "interestExpense": "143000000", "nonInterestIncome": "None", "otherNonOperatingIncome": "None", "depreciation": "None", "depreciationAndAmortization": "480000000", "incomeBeforeTax": "115000000", "incomeTaxExpense": "40000000", "interestAndDebtExpense": "None", "netIncomeFromContinuingOperations": "75000000", "comprehensiveIncomeNetOfTax": "None", "ebit": "259000000", "ebitda": "739000000", "netIncome": "75000000"}, {"fiscalDateEnding": "2025-03-31", "reportedCurrency": "USD", "grossProfit": "1642000000", "totalRevenue": "5901000000", "costOfRevenue": "4259000000", "costofGoodsAndServicesSold": "4259000000", "operatingIncome": "-35000000", "sellingGeneralAndAdministrative": "530000000", "researchAndDevelopment": "None", "operatingExpenses": "1677000000", "investmentIncomeNet": "None", "netInterestIncome": "-81000000", "interestIncome": "52000000", "interestExpense": "133000000", "nonInterestIncome": "None", "otherNonOperatingIncome": "None", "depreciation": "None", "depreciationAndAmortization": "571000000", "incomeBeforeTax": "-136000000", "incomeTaxExpense": "-31000000", "interestAndDebtExpense": "None", "netIncomeFromContinuingOperations": "-105000000", "comprehensiveIncomeNetOfTax": "None", "ebit": "-2000000", "ebitda": "569000000", "netIncome": "-105000000"}, {"fiscalDateEnding": "2024-12-31", "reportedCurrency": "USD", "grossProfit": "1330000000", "totalRevenue": "4580000000", "costOfRevenue": "3250000000", "costofGoodsAndServicesSold": "3250000000", "operatingIncome": "-72000000", "sellingGeneralAndAdministrative": "521000000", "researchAndDevelopment": "None", "operatingExpenses": "1402000000", "investmentIncomeNet": "None", "netInterestIncome": "-56000000", "interestIncome": "52000000", "interestExpense": "108000000", "nonInterestIncome": "None", "otherNonOperatingIncome": "None", "depreciation": "None", "depreciationAndAmortization": "499000000", "incomeBeforeTax": "-225000000", "incomeTaxExpense": "-78000000", "interestAndDebtExpense": "None", "netIncomeFromContinuingOperations": "-147000000", "comprehensiveIncomeNetOfTax": "None", "ebit": "-116000000", "ebitda": "383000000", "netIncome": "-147000000"}, {"fiscalDateEnding": "2024-09-30", "reportedCurrency": "USD", "grossProfit": "1344000000", "totalRevenue": "4686000000", "costOfRevenue": "3342000000", "costofGoodsAndServicesSold": "3342000000", "operatingIncome": "175000000", "sellingGeneralAndAdministrative": "508000000", "researchAndDevelopment": "None", "operatingExpenses": "1169000000", "investmentIncomeNet": "None", "netInterestIncome": "-51000000", "interestIncome": "55000000", "interestExpense": "106000000", "nonInterestIncome": "None", "otherNonOperatingIncome": "None", "depreciation": "None", "depreciationAndAmortization": "267000000", "incomeBeforeTax": "79000000", "incomeTaxExpense": "-71000000", "interestAndDebtExpense": "None", "netIncomeFromContinuingOperations": "150000000", "comprehensiveIncomeNetOfTax": "None", "ebit": "186000000", "ebitda": "453000000", "netIncome": "150000000"}, {"fiscalDateEnding": "2024-06-30", "reportedCurrency": "USD", "grossProfit": "1374000000", "totalRevenue": "4734000000", "costOfRevenue": "3360000000", "costofGoodsAndServicesSold": "3360000000", "operatingIncome": "246000000", "sellingGeneralAndAdministrative": "453000000", "researchAndDevelopment": "None", "operatingExpenses": "1128000000", "investmentIncomeNet": "None", "netInterestIncome": "-55000000", "interestIncome": "52000000", "interestExpense": "107000000", "nonInterestIncome": "None", "otherNonOperatingIncome": "None", "depreciation": "None", "depreciationAndAmortization": "261000000", "incomeBeforeTax": "205000000", "incomeTaxExpense": "-293000000", "interestAndDebtExpense": "None", "netIncomeFromContinuingOperations": "498000000", "comprehensiveIncomeNetOfTax": "None", "ebit": "313000000", "ebitda": "574000000", "netIncome": "498000000"}, {"fiscalDateEnding": "2024-03-31", "reportedCurrency": "USD", "grossProfit": "1195000000", "totalRevenue": "4619000000", "costOfRevenue": "3424000000", "costofGoodsAndServicesSold": "3424000000", "operatingIncome": "127000000", "sellingGeneralAndAdministrative": "358000000", "researchAndDevelopment": "None", "operatingExpenses": "1068000000", "investmentIncomeNet": "None", "netInterestIncome": "-46000000", "interestIncome": "63000000", "interestExpense": "109000000", "nonInterestIncome": "None", "otherNonOperatingIncome": "None", "depreciation": "None", "depreciationAndAmortization": "278000000", "incomeBeforeTax": "83000000", "incomeTaxExpense": "27000000", "interestAndDebtExpense": "None", "netIncomeFromContinuingOperations": "56000000", "comprehensiveIncomeNetOfTax": "None", "ebit": "194000000", "ebitda": "472000000", "netIncome": "56000000"}, {"fiscalDateEnding": "2023-12-31", "reportedCurrency": "USD", "grossProfit": "630000000", "totalRevenue": "4601000000", "costOfRevenue": "3971000000", "costofGoodsAndServicesSold": "3971000000", "operatingIncome": "261000000", "sellingGeneralAndAdministrative": "65000000", "researchAndDevelopment": "None", "operatingExpenses": "369000000", "investmentIncomeNet": "None", "netInterestIncome": "-52000000", "interestIncome": "58000000", "interestExpense": "110000000", "nonInterestIncome": "None", "otherNonOperatingIncome": "None", "depreciation": "None", "depreciationAndAmortization": "696000000", "incomeBeforeTax": "-345000000", "incomeTaxExpense": "-61000000", "interestAndDebtExpense": "None", "netIncomeFromContinuingOperations": "-284000000", "comprehensiveIncomeNetOfTax": "None", "ebit": "-216000000", "ebitda": "480000000", "netIncome": "-284000000"}, {"fiscalDateEnding": "2023-09-30", "reportedCurrency": "USD", "grossProfit": "1010000000", "totalRevenue": "4613000000", "costOfRevenue": "3603000000", "costofGoodsAndServicesSold": "3603000000", "operatingIncome": "303000000", "sellingGeneralAndAdministrative": "286000000", "researchAndDevelopment": "None", "operatingExpenses": "707000000", "investmentIncomeNet": "None", "netInterestIncome": "-58000000", "interestIncome": "47000000", "interestExpense": "105000000", "nonInterestIncome": "None", "otherNonOperatingIncome": "None", "depreciation": "None", "depreciationAndAmortization": "258000000", "incomeBeforeTax": "231000000", "incomeTaxExpense": "39000000", "interestAndDebtExpense": "None", "netIncomeFromContinuingOperations": "192000000", "comprehensiveIncomeNetOfTax": "None", "ebit": "337000000", "ebitda": "595000000", "netIncome": "192000000"}, {"fiscalDateEnding": "2023-06-30", "reportedCurrency": "USD", "grossProfit": "1078000000", "totalRevenue": "4682000000", "costOfRevenue": "3604000000", "costofGoodsAndServicesSold": "3604000000", "operatingIncome": "326000000", "sellingGeneralAndAdministrative": "336000000", "researchAndDevelopment": "None", "operatingExpenses": "752000000", "investmentIncomeNet": "None", "netInterestIncome": "-59000000", "interestIncome": "59000000", "interestExpense": "103000000", "nonInterestIncome": "None", "otherNonOperatingIncome": "None", "depreciation": "None", "depreciationAndAmortization": "244000000", "incomeBeforeTax": "255000000", "incomeTaxExpense": "33000000", "interestAndDebtExpense": "None", "netIncomeFromContinuingOperations": "222000000", "comprehensiveIncomeNetOfTax": "None", "ebit": "358000000", "ebitda": "602000000", "netIncome": "222000000"}, {"fiscalDateEnding": "2023-03-31", "reportedCurrency": "USD", "grossProfit": "1137000000", "totalRevenue": "5020000000", "costOfRevenue": "3883000000", "costofGoodsAndServicesSold": "3883000000", "operatingIncome": "298000000", "sellingGeneralAndAdministrative": "381000000", "researchAndDevelopment": "None", "operatingExpenses": "839000000", "investmentIncomeNet": "None", "netInterestIncome": "-62000000", "interestIncome": "41000000", "interestExpense": "103000000", "nonInterestIncome": "None", "otherNonOperatingIncome": "-1000000", "depreciation": "None", "depreciationAndAmortization": "241000000", "incomeBeforeTax": "220000000", "incomeTaxExpense": "48000000", "interestAndDebtExpense": "None", "netIncomeFromContinuingOperations": "172000000", "comprehensiveIncomeNetOfTax": "None", "ebit": "324000000", "ebitda": "565000000", "netIncome": "172000000"}, {"fiscalDateEnding": "2022-12-31", "reportedCurrency": "USD", "grossProfit": "1465000000", "totalRevenue": "5133000000", "costOfRevenue": "3668000000", "costofGoodsAndServicesSold": "3668000000", "operatingIncome": "415000000", "sellingGeneralAndAdministrative": "315000000", "researchAndDevelopment": "None", "operatingExpenses": "1050000000", "investmentIncomeNet": "None", "netInterestIncome": "-59000000", "interestIncome": "69000000", "interestExpense": "93000000", "nonInterestIncome": "None", "otherNonOperatingIncome": "-265000000", "depreciation": "None", "depreciationAndAmortization": "251000000", "incomeBeforeTax": "67000000", "incomeTaxExpense": "148000000", "interestAndDebtExpense": "None", "netIncomeFromContinuingOperations": "171000000", "comprehensiveIncomeNetOfTax": "None", "ebit": "415000000", "ebitda": "666000000", "netIncome": "-318000000"}, {"fiscalDateEnding": "2022-09-30", "reportedCurrency": "USD", "grossProfit": "1572000000", "totalRevenue": "5402000000", "costOfRevenue": "3830000000", "costofGoodsAndServicesSold": "3830000000", "operatingIncome": "465000000", "sellingGeneralAndAdministrative": "337000000", "researchAndDevelopment": "None", "operatingExpenses": "1107000000", "investmentIncomeNet": "None", "netInterestIncome": "-123000000", "interestIncome": "27000000", "interestExpense": "150000000", "nonInterestIncome": "None", "otherNonOperatingIncome": "63000000", "depreciation": "None", "depreciationAndAmortization": "261000000", "incomeBeforeTax": "312000000", "incomeTaxExpense": "-575000000", "interestAndDebtExpense": "None", "netIncomeFromContinuingOperations": "951000000", "comprehensiveIncomeNetOfTax": "None", "ebit": "463000000", "ebitda": "724000000", "netIncome": "951000000"}, {"fiscalDateEnding": "2022-06-30", "reportedCurrency": "USD", "grossProfit": "1583000000", "totalRevenue": "5389000000", "costOfRevenue": "3806000000", "costofGoodsAndServicesSold": "3806000000", "operatingIncome": "538000000", "sellingGeneralAndAdministrative": "300000000", "researchAndDevelopment": "None", "operatingExpenses": "1045000000", "investmentIncomeNet": "None", "netInterestIncome": "-74000000", "interestIncome": "9000000", "interestExpense": "83000000", "nonInterestIncome": "None", "otherNonOperatingIncome": "93000000", "depreciation": "None", "depreciationAndAmortization": "267000000", "incomeBeforeTax": "512000000", "incomeTaxExpense": "96000000", "interestAndDebtExpense": "None", "netIncomeFromContinuingOperations": "511000000", "comprehensiveIncomeNetOfTax": "None", "ebit": "597000000", "ebitda": "864000000", "netIncome": "511000000"}, {"fiscalDateEnding": "2022-03-31", "reportedCurrency": "USD", "grossProfit": "1398000000", "totalRevenue": "5237000000", "costOfRevenue": "3839000000", "costofGoodsAndServicesSold": "3839000000", "operatingIncome": "336000000", "sellingGeneralAndAdministrative": "341000000", "researchAndDevelopment": "None", "operatingExpenses": "1062000000", "investmentIncomeNet": "None", "netInterestIncome": "-69000000", "interestIncome": "8000000", "interestExpense": "77000000", "nonInterestIncome": "None", "otherNonOperatingIncome": "93000000", "depreciation": "None", "depreciationAndAmortization": "261000000", "incomeBeforeTax": "362000000", "incomeTaxExpense": "95000000", "interestAndDebtExpense": "None", "netIncomeFromContinuingOperations": "360000000", "comprehensiveIncomeNetOfTax": "None", "ebit": "439000000", "ebitda": "700000000", "netIncome": "360000000"}, {"fiscalDateEnding": "2021-12-31", "reportedCurrency": "USD", "grossProfit": "522000000", "totalRevenue": "2670000000", "costOfRevenue": "2148000000", "costofGoodsAndServicesSold": "2148000000", "operatingIncome": "48000000", "sellingGeneralAndAdministrative": "130000000", "researchAndDevelopment": "None", "operatingExpenses": "474000000", "investmentIncomeNet": "None", "netInterestIncome": "-76000000", "interestIncome": "108000000", "interestExpense": "75000000", "nonInterestIncome": "None", "otherNonOperatingIncome": "-381000000", "depreciation": "None", "depreciationAndAmortization": "277000000", "incomeBeforeTax": "-682000000", "incomeTaxExpense": "-159000000", "interestAndDebtExpense": "None", "netIncomeFromContinuingOperations": "115000000", "comprehensiveIncomeNetOfTax": "None", "ebit": "-676000000", "ebitda": "-399000000", "netIncome": "107000000"}, {"fiscalDateEnding": "2021-09-30", "reportedCurrency": "USD", "grossProfit": "1491000000", "totalRevenue": "4914000000", "costOfRevenue": "3423000000", "costofGoodsAndServicesSold": "3423000000", "operatingIncome": "468000000", "sellingGeneralAndAdministrative": "343000000", "researchAndDevelopment": "None", "operatingExpenses": "1023000000", "investmentIncomeNet": "None", "netInterestIncome": "-93000000", "interestIncome": "92000000", "interestExpense": "104000000", "nonInterestIncome": "None", "otherNonOperatingIncome": "541000000", "depreciation": "None", "depreciationAndAmortization": "318000000", "incomeBeforeTax": "491000000", "incomeTaxExpense": "59000000", "interestAndDebtExpense": "None", "netIncomeFromContinuingOperations": "864000000", "comprehensiveIncomeNetOfTax": "None", "ebit": "501000000", "ebitda": "819000000", "netIncome": "864000000"}, {"fiscalDateEnding": "2021-06-30", "reportedCurrency": "USD", "grossProfit": "1368000000", "totalRevenue": "4770000000", "costOfRevenue": "3402000000", "costofGoodsAndServicesSold": "3402000000", "operatingIncome": "322000000", "sellingGeneralAndAdministrative": "396000000", "researchAndDevelopment": "None", "operatingExpenses": "1046000000", "investmentIncomeNet": "None", "netInterestIncome": "-57000000", "interestIncome": "60000000", "interestExpense": "117000000", "nonInterestIncome": "None", "otherNonOperatingIncome": "243000000", "depreciation": "None", "depreciationAndAmortization": "306000000", "incomeBeforeTax": "356000000", "incomeTaxExpense": "46000000", "interestAndDebtExpense": "None", "netIncomeFromContinuingOperations": "434000000", "comprehensiveIncomeNetOfTax": "None", "ebit": "369000000", "ebitda": "675000000", "netIncome": "432000000"}, {"fiscalDateEnding": "2021-03-31", "reportedCurrency": "USD", "grossProfit": "1245000000", "totalRevenue": "4593000000", "costOfRevenue": "3348000000", "costofGoodsAndServicesSold": "3348000000", "operatingIncome": "305000000", "sellingGeneralAndAdministrative": "302000000", "researchAndDevelopment": "None", "operatingExpenses": "940000000", "investmentIncomeNet": "None", "netInterestIncome": "-92000000", "interestIncome": "32000000", "interestExpense": "124000000", "nonInterestIncome": "None", "otherNonOperatingIncome": "121000000", "depreciation": "None", "depreciationAndAmortization": "309000000", "incomeBeforeTax": "355000000", "incomeTaxExpense": "88000000", "interestAndDebtExpense": "None", "netIncomeFromContinuingOperations": "300000000", "comprehensiveIncomeNetOfTax": "None", "ebit": "430000000", "ebitda": "739000000", "netIncome": "349000000"}, {"fiscalDateEnding": "2020-12-31", "reportedCurrency": "USD", "grossProfit": "1580000000", "totalRevenue": "5239000000", "costOfRevenue": "3659000000", "costofGoodsAndServicesSold": "3659000000", "operatingIncome": "394000000", "sellingGeneralAndAdministrative": "410000000", "researchAndDevelopment": "None", "operatingExpenses": "1186000000", "investmentIncomeNet": "None", "netInterestIncome": "-99000000", "interestIncome": "99000000", "interestExpense": "128000000", "nonInterestIncome": "None", "otherNonOperatingIncome": "-54000000", "depreciation": "None", "depreciationAndAmortization": "332000000", "incomeBeforeTax": "123000000", "incomeTaxExpense": "-30000000", "interestAndDebtExpense": "None", "netIncomeFromContinuingOperations": "166000000", "comprehensiveIncomeNetOfTax": "None", "ebit": "256000000", "ebitda": "588000000", "netIncome": "153000000"}, {"fiscalDateEnding": "2020-09-30", "reportedCurrency": "USD", "grossProfit": "1267000000", "totalRevenue": "5123000000", "costOfRevenue": "3856000000", "costofGoodsAndServicesSold": "3856000000", "operatingIncome": "486000000", "sellingGeneralAndAdministrative": "360000000", "researchAndDevelopment": "None", "operatingExpenses": "781000000", "investmentIncomeNet": "None", "netInterestIncome": "-112000000", "interestIncome": "110000000", "interestExpense": "148000000", "nonInterestIncome": "None", "otherNonOperatingIncome": "-21000000", "depreciation": "None", "depreciationAndAmortization": "320000000", "incomeBeforeTax": "254000000", "incomeTaxExpense": "50000000", "interestAndDebtExpense": "None", "netIncomeFromContinuingOperations": "232000000", "comprehensiveIncomeNetOfTax": "None", "ebit": "430000000", "ebitda": "750000000", "netIncome": "204000000"}, {"fiscalDateEnding": "2020-06-30", "reportedCurrency": "USD", "grossProfit": "1136000000", "totalRevenue": "4866000000", "costOfRevenue": "3730000000", "costofGoodsAndServicesSold": "3730000000", "operatingIncome": "398000000", "sellingGeneralAndAdministrative": "332000000", "researchAndDevelopment": "None", "operatingExpenses": "738000000", "investmentIncomeNet": "None", "netInterestIncome": "-116000000", "interestIncome": "40000000", "interestExpense": "156000000", "nonInterestIncome": "None", "otherNonOperatingIncome": "64000000", "depreciation": "None", "depreciationAndAmortization": "312000000", "incomeBeforeTax": "333000000", "incomeTaxExpense": "67000000", "interestAndDebtExpense": "None", "netIncomeFromContinuingOperations": "194000000", "comprehensiveIncomeNetOfTax": "None", "ebit": "417000000", "ebitda": "729000000", "netIncome": "266000000"}, {"fiscalDateEnding": "2020-03-31", "reportedCurrency": "USD", "grossProfit": "1297000000", "totalRevenue": "5352000000", "costOfRevenue": "4055000000", "costofGoodsAndServicesSold": "4055000000", "operatingIncome": "428000000", "sellingGeneralAndAdministrative": "418000000", "researchAndDevelopment": "None", "operatingExpenses": "869000000", "investmentIncomeNet": "None", "netInterestIncome": "-117000000", "interestIncome": "46000000", "interestExpense": "163000000", "nonInterestIncome": "None", "otherNonOperatingIncome": "-342000000", "depreciation": "None", "depreciationAndAmortization": "323000000", "incomeBeforeTax": "-47000000", "incomeTaxExpense": "94000000", "interestAndDebtExpense": "None", "netIncomeFromContinuingOperations": "-110000000", "comprehensiveIncomeNetOfTax": "None", "ebit": "147000000", "ebitda": "470000000", "netIncome": "-141000000"}, {"fiscalDateEnding": "2019-12-31", "reportedCurrency": "USD", "grossProfit": "1832000000", "totalRevenue": "5498000000", "costOfRevenue": "3666000000", "costofGoodsAndServicesSold": "3666000000", "operatingIncome": "610000000", "sellingGeneralAndAdministrative": "445000000", "researchAndDevelopment": "None", "operatingExpenses": "1222000000", "investmentIncomeNet": "None", "netInterestIncome": "-113000000", "interestIncome": "55000000", "interestExpense": "168000000", "nonInterestIncome": "None", "otherNonOperatingIncome": "-23000000", "depreciation": "None", "depreciationAndAmortization": "343000000", "incomeBeforeTax": "429000000", "incomeTaxExpense": "263000000", "interestAndDebtExpense": "None", "netIncomeFromContinuingOperations": "166000000", "comprehensiveIncomeNetOfTax": "None", "ebit": "568000000", "ebitda": "911000000", "netIncome": "165000000"}, {"fiscalDateEnding": "2019-09-30", "reportedCurrency": "USD", "grossProfit": "1796000000", "totalRevenue": "5568000000", "costOfRevenue": "3772000000", "costofGoodsAndServicesSold": "3772000000", "operatingIncome": "645000000", "sellingGeneralAndAdministrative": "387000000", "researchAndDevelopment": "None", "operatingExpenses": "1151000000", "investmentIncomeNet": "None", "netInterestIncome": "-123000000", "interestIncome": "54000000", "interestExpense": "177000000", "nonInterestIncome": "None", "otherNonOperatingIncome": "19000000", "depreciation": "None", "depreciationAndAmortization": "327000000", "incomeBeforeTax": "479000000", "incomeTaxExpense": "137000000", "interestAndDebtExpense": "None", "netIncomeFromContinuingOperations": "342000000", "comprehensiveIncomeNetOfTax": "None", "ebit": "629000000", "ebitda": "956000000", "netIncome": "344000000"}, {"fiscalDateEnding": "2019-06-30", "reportedCurrency": "USD", "grossProfit": "1766000000", "totalRevenue": "5667000000", "costOfRevenue": "3901000000", "costofGoodsAndServicesSold": "3901000000", "operatingIncome": "616000000", "sellingGeneralAndAdministrative": "402000000", "researchAndDevelopment": "None", "operatingExpenses": "1150000000", "investmentIncomeNet": "None", "netInterestIncome": "-122000000", "interestIncome": "55000000", "interestExpense": "177000000", "nonInterestIncome": "None", "otherNonOperatingIncome": "-72000000", "depreciation": "None", "depreciationAndAmortization": "321000000", "incomeBeforeTax": "414000000", "incomeTaxExpense": "128000000", "interestAndDebtExpense": "None", "netIncomeFromContinuingOperations": "286000000", "comprehensiveIncomeNetOfTax": "None", "ebit": "511000000", "ebitda": "832000000", "netIncome": "292000000"}, {"fiscalDateEnding": "2019-03-31", "reportedCurrency": "USD", "grossProfit": "1714000000", "totalRevenue": "5643000000", "costOfRevenue": "3929000000", "costofGoodsAndServicesSold": "3929000000", "operatingIncome": "554000000", "sellingGeneralAndAdministrative": "413000000", "researchAndDevelopment": "None", "operatingExpenses": "1160000000", "investmentIncomeNet": "None", "netInterestIncome": "-133000000", "interestIncome": "130000000", "interestExpense": "184000000", "nonInterestIncome": "None", "otherNonOperatingIncome": "121000000", "depreciation": "None", "depreciationAndAmortization": "315000000", "incomeBeforeTax": "532000000", "incomeTaxExpense": "106000000", "interestAndDebtExpense": "None", "netIncomeFromContinuingOperations": "426000000", "comprehensiveIncomeNetOfTax": "None", "ebit": "602000000", "ebitda": "917000000", "netIncome": "424000000"}, {"fiscalDateEnding": "2018-12-31", "reportedCurrency": "USD", "grossProfit": "2153000000", "totalRevenue": "5951000000", "costOfRevenue": "3798000000", "costofGoodsAndServicesSold": "3798000000", "operatingIncome": "927000000", "sellingGeneralAndAdministrative": "446000000", "researchAndDevelopment": "30000000", "operatingExpenses": "1226000000", "investmentIncomeNet": "None", "netInterestIncome": "None", "interestIncome": "None", "interestExpense": "187000000", "nonInterestIncome": "None", "otherNonOperatingIncome": "79000000", "depreciation": "None", "depreciationAndAmortization": "338000000", "incomeBeforeTax": "461000000", "incomeTaxExpense": "143000000", "interestAndDebtExpense": "None", "netIncomeFromContinuingOperations": "318000000", "comprehensiveIncomeNetOfTax": "None", "ebit": "569000000", "ebitda": "907000000", "netIncome": "316000000"}, {"fiscalDateEnding": "2018-09-30", "reportedCurrency": "USD", "grossProfit": "2014000000", "totalRevenue": "5901000000", "costOfRevenue": "3887000000", "costofGoodsAndServicesSold": "3887000000", "operatingIncome": "833000000", "sellingGeneralAndAdministrative": "405000000", "researchAndDevelopment": "0", "operatingExpenses": "1181000000", "investmentIncomeNet": "None", "netInterestIncome": "None", "interestIncome": "None", "interestExpense": "184000000", "nonInterestIncome": "None", "otherNonOperatingIncome": "-30000000", "depreciation": "None", "depreciationAndAmortization": "335000000", "incomeBeforeTax": "645000000", "incomeTaxExpense": "83000000", "interestAndDebtExpense": "None", "netIncomeFromContinuingOperations": "562000000", "comprehensiveIncomeNetOfTax": "None", "ebit": "737000000", "ebitda": "1072000000", "netIncome": "562000000"}, {"fiscalDateEnding": "2018-06-30", "reportedCurrency": "USD", "grossProfit": "1911000000", "totalRevenue": "5833000000", "costOfRevenue": "3922000000", "costofGoodsAndServicesSold": "3922000000", "operatingIncome": "685000000", "sellingGeneralAndAdministrative": "451000000", "researchAndDevelopment": "0", "operatingExpenses": "1226000000", "investmentIncomeNet": "None", "netInterestIncome": "None", "interestIncome": "None", "interestExpense": "183000000", "nonInterestIncome": "None", "otherNonOperatingIncome": "70000000", "depreciation": "None", "depreciationAndAmortization": "330000000", "incomeBeforeTax": "560000000", "incomeTaxExpense": "130000000", "interestAndDebtExpense": "None", "netIncomeFromContinuingOperations": "430000000", "comprehensiveIncomeNetOfTax": "None", "ebit": "673000000", "ebitda": "1003000000", "netIncome": "405000000"}, {"fiscalDateEnding": "2018-03-31", "reportedCurrency": "USD", "grossProfit": "1673000000", "totalRevenue": "5621000000", "costOfRevenue": "3948000000", "costofGoodsAndServicesSold": "3948000000", "operatingIncome": "517000000", "sellingGeneralAndAdministrative": "421000000", "researchAndDevelopment": "0", "operatingExpenses": "1156000000", "investmentIncomeNet": "None", "netInterestIncome": "None", "interestIncome": "None", "interestExpense": "180000000", "nonInterestIncome": "None", "otherNonOperatingIncome": "95000000", "depreciation": "None", "depreciationAndAmortization": "325000000", "incomeBeforeTax": "451000000", "incomeTaxExpense": "89000000", "interestAndDebtExpense": "None", "netIncomeFromContinuingOperations": "362000000", "comprehensiveIncomeNetOfTax": "None", "ebit": "536000000", "ebitda": "861000000", "netIncome": "729000000"}, {"fiscalDateEnding": "2017-12-31", "reportedCurrency": "USD", "grossProfit": "1316000000", "totalRevenue": "4547000000", "costOfRevenue": "3231000000", "costofGoodsAndServicesSold": "3231000000", "operatingIncome": "354000000", "sellingGeneralAndAdministrative": "378000000", "researchAndDevelopment": "28000000", "operatingExpenses": "962000000", "investmentIncomeNet": "None", "netInterestIncome": "None", "interestIncome": "None", "interestExpense": "187000000", "nonInterestIncome": "None", "otherNonOperatingIncome": "61000000", "depreciation": "None", "depreciationAndAmortization": "348000000", "incomeBeforeTax": "194000000", "incomeTaxExpense": "-1232000000", "interestAndDebtExpense": "None", "netIncomeFromContinuingOperations": "1426000000", "comprehensiveIncomeNetOfTax": "None", "ebit": "317000000", "ebitda": "665000000", "netIncome": "1460000000"}, {"fiscalDateEnding": "2017-09-30", "reportedCurrency": "USD", "grossProfit": "1804000000", "totalRevenue": "5517000000", "costOfRevenue": "3713000000", "costofGoodsAndServicesSold": "3713000000", "operatingIncome": "658000000", "sellingGeneralAndAdministrative": "401000000", "researchAndDevelopment": "0", "operatingExpenses": "1146000000", "investmentIncomeNet": "None", "netInterestIncome": "None", "interestIncome": "None", "interestExpense": "198000000", "nonInterestIncome": "None", "otherNonOperatingIncome": "45000000", "depreciation": "None", "depreciationAndAmortization": "373000000", "incomeBeforeTax": "502000000", "incomeTaxExpense": "136000000", "interestAndDebtExpense": "None", "netIncomeFromContinuingOperations": "395000000", "comprehensiveIncomeNetOfTax": "None", "ebit": "655000000", "ebitda": "1028000000", "netIncome": "395000000"}, {"fiscalDateEnding": "2017-06-30", "reportedCurrency": "USD", "grossProfit": "1634000000", "totalRevenue": "5383000000", "costOfRevenue": "3749000000", "costofGoodsAndServicesSold": "3749000000", "operatingIncome": "507000000", "sellingGeneralAndAdministrative": "393000000", "researchAndDevelopment": "0", "operatingExpenses": "1127000000", "investmentIncomeNet": "None", "netInterestIncome": "None", "interestIncome": "None", "interestExpense": "186000000", "nonInterestIncome": "None", "otherNonOperatingIncome": "20000000", "depreciation": "None", "depreciationAndAmortization": "357000000", "incomeBeforeTax": "-3000000", "incomeTaxExpense": "-87000000", "interestAndDebtExpense": "None", "netIncomeFromContinuingOperations": "80000000", "comprehensiveIncomeNetOfTax": "None", "ebit": "163000000", "ebitda": "520000000", "netIncome": "80000000"}, {"fiscalDateEnding": "2017-03-31", "reportedCurrency": "USD", "grossProfit": "1494000000", "totalRevenue": "5132000000", "costOfRevenue": "3638000000", "costofGoodsAndServicesSold": "3638000000", "operatingIncome": "391000000", "sellingGeneralAndAdministrative": "393000000", "researchAndDevelopment": "0", "operatingExpenses": "1103000000", "investmentIncomeNet": "None", "netInterestIncome": "None", "interestIncome": "None", "interestExpense": "187000000", "nonInterestIncome": "None", "otherNonOperatingIncome": "48000000", "depreciation": "None", "depreciationAndAmortization": "345000000", "incomeBeforeTax": "265000000", "incomeTaxExpense": "73000000", "interestAndDebtExpense": "None", "netIncomeFromContinuingOperations": "209000000", "comprehensiveIncomeNetOfTax": "None", "ebit": "404000000", "ebitda": "749000000", "netIncome": "209000000"}, {"fiscalDateEnding": "2016-12-31", "reportedCurrency": "USD", "grossProfit": "1574000000", "totalRevenue": "5381000000", "costOfRevenue": "3807000000", "costofGoodsAndServicesSold": "3807000000", "operatingIncome": "423000000", "sellingGeneralAndAdministrative": "433000000", "researchAndDevelopment": "20000000", "operatingExpenses": "1151000000", "investmentIncomeNet": "None", "netInterestIncome": "None", "interestIncome": "None", "interestExpense": "182000000", "nonInterestIncome": "None", "otherNonOperatingIncome": "-23000000", "depreciation": "None", "depreciationAndAmortization": "328000000", "incomeBeforeTax": "327000000", "incomeTaxExpense": "108000000", "interestAndDebtExpense": "None", "netIncomeFromContinuingOperations": "219000000", "comprehensiveIncomeNetOfTax": "None", "ebit": "462000000", "ebitda": "790000000", "netIncome": "218000000"}, {"fiscalDateEnding": "2016-09-30", "reportedCurrency": "USD", "grossProfit": "1644000000", "totalRevenue": "5266000000", "costOfRevenue": "3622000000", "costofGoodsAndServicesSold": "3622000000", "operatingIncome": "556000000", "sellingGeneralAndAdministrative": "380000000", "researchAndDevelopment": "0", "operatingExpenses": "1088000000", "investmentIncomeNet": "None", "netInterestIncome": "None", "interestIncome": "None", "interestExpense": "181000000", "nonInterestIncome": "None", "otherNonOperatingIncome": "43000000", "depreciation": "None", "depreciationAndAmortization": "314000000", "incomeBeforeTax": "416000000", "incomeTaxExpense": "107000000", "interestAndDebtExpense": "None", "netIncomeFromContinuingOperations": "309000000", "comprehensiveIncomeNetOfTax": "None", "ebit": "554000000", "ebitda": "868000000", "netIncome": "312000000"}, {"fiscalDateEnding": "2016-06-30", "reportedCurrency": "USD", "grossProfit": "1210000000", "totalRevenue": "5322000000", "costOfRevenue": "4112000000", "costofGoodsAndServicesSold": "4112000000", "operatingIncome": "143000000", "sellingGeneralAndAdministrative": "386000000", "researchAndDevelopment": "0", "operatingExpenses": "1067000000", "investmentIncomeNet": "None", "netInterestIncome": "None", "interestIncome": "None", "interestExpense": "172000000", "nonInterestIncome": "None", "otherNonOperatingIncome": "45000000", "depreciation": "None", "depreciationAndAmortization": "301000000", "incomeBeforeTax": "31000000", "incomeTaxExpense": "-9000000", "interestAndDebtExpense": "None", "netIncomeFromContinuingOperations": "40000000", "comprehensiveIncomeNetOfTax": "None", "ebit": "158000000", "ebitda": "459000000", "netIncome": "40000000"}, {"fiscalDateEnding": "2016-03-31", "reportedCurrency": "USD", "grossProfit": "1499000000", "totalRevenue": "5110000000", "costOfRevenue": "3611000000", "costofGoodsAndServicesSold": "3611000000", "operatingIncome": "478000000", "sellingGeneralAndAdministrative": "376000000", "researchAndDevelopment": "0", "operatingExpenses": "1021000000", "investmentIncomeNet": "None", "netInterestIncome": "None", "interestIncome": "None", "interestExpense": "160000000", "nonInterestIncome": "None", "otherNonOperatingIncome": "63000000", "depreciation": "None", "depreciationAndAmortization": "284000000", "incomeBeforeTax": "380000000", "incomeTaxExpense": "41000000", "interestAndDebtExpense": "None", "netIncomeFromContinuingOperations": "339000000", "comprehensiveIncomeNetOfTax": "None", "ebit": "477000000", "ebitda": "761000000", "netIncome": "334000000"}, {"fiscalDateEnding": "2015-12-31", "reportedCurrency": "USD", "grossProfit": "1678000000", "totalRevenue": "5443000000", "costOfRevenue": "3765000000", "costofGoodsAndServicesSold": "3765000000", "operatingIncome": "556000000", "sellingGeneralAndAdministrative": "419000000", "researchAndDevelopment": "27000000", "operatingExpenses": "1122000000", "investmentIncomeNet": "None", "netInterestIncome": "None", "interestIncome": "None", "interestExpense": "163000000", "nonInterestIncome": "None", "otherNonOperatingIncome": "33000000", "depreciation": "None", "depreciationAndAmortization": "314000000", "incomeBeforeTax": "298000000", "incomeTaxExpense": "120000000", "interestAndDebtExpense": "None", "netIncomeFromContinuingOperations": "178000000", "comprehensiveIncomeNetOfTax": "None", "ebit": "428000000", "ebitda": "742000000", "netIncome": "178000000"}, {"fiscalDateEnding": "2015-09-30", "reportedCurrency": "USD", "grossProfit": "1800000000", "totalRevenue": "5691000000", "costOfRevenue": "3891000000", "costofGoodsAndServicesSold": "3891000000", "operatingIncome": "681000000", "sellingGeneralAndAdministrative": "417000000", "researchAndDevelopment": "0", "operatingExpenses": "1119000000", "investmentIncomeNet": "None", "netInterestIncome": "None", "interestIncome": "None", "interestExpense": "158000000", "nonInterestIncome": "None", "otherNonOperatingIncome": "-13000000", "depreciation": "None", "depreciationAndAmortization": "329000000", "incomeBeforeTax": "316000000", "incomeTaxExpense": "106000000", "interestAndDebtExpense": "None", "netIncomeFromContinuingOperations": "210000000", "comprehensiveIncomeNetOfTax": "None", "ebit": "487000000", "ebitda": "816000000", "netIncome": "220000000"}, {"fiscalDateEnding": "2015-06-30", "reportedCurrency": "USD", "grossProfit": "1746000000", "totalRevenue": "5714000000", "costOfRevenue": "3968000000", "costofGoodsAndServicesSold": "3968000000", "operatingIncome": "604000000", "sellingGeneralAndAdministrative": "403000000", "researchAndDevelopment": "0", "operatingExpenses": "1142000000", "investmentIncomeNet": "None", "netInterestIncome": "None", "interestIncome": "None", "interestExpense": "164000000", "nonInterestIncome": "None", "otherNonOperatingIncome": "62000000", "depreciation": "None", "depreciationAndAmortization": "328000000", "incomeBeforeTax": "328000000", "incomeTaxExpense": "110000000", "interestAndDebtExpense": "None", "netIncomeFromContinuingOperations": "218000000", "comprehensiveIncomeNetOfTax": "None", "ebit": "430000000", "ebitda": "758000000", "netIncome": "227000000"}, {"fiscalDateEnding": "2015-03-31", "reportedCurrency": "USD", "grossProfit": "1673000000", "totalRevenue": "5517000000", "costOfRevenue": "3844000000", "costofGoodsAndServicesSold": "3844000000", "operatingIncome": "543000000", "sellingGeneralAndAdministrative": "406000000", "researchAndDevelopment": "0", "operatingExpenses": "1130000000", "investmentIncomeNet": "None", "netInterestIncome": "None", "interestIncome": "None", "interestExpense": "159000000", "nonInterestIncome": "None", "otherNonOperatingIncome": "35000000", "depreciation": "None", "depreciationAndAmortization": "323000000", "incomeBeforeTax": "441000000", "incomeTaxExpense": "130000000", "interestAndDebtExpense": "None", "netIncomeFromContinuingOperations": "311000000", "comprehensiveIncomeNetOfTax": "None", "ebit": "565000000", "ebitda": "888000000", "netIncome": "313000000"}, {"fiscalDateEnding": "2014-12-31", "reportedCurrency": "USD", "grossProfit": "1838000000", "totalRevenue": "5943000000", "costOfRevenue": "4105000000", "costofGoodsAndServicesSold": "4105000000", "operatingIncome": "603000000", "sellingGeneralAndAdministrative": "462000000", "researchAndDevelopment": "16000000", "operatingExpenses": "1235000000", "investmentIncomeNet": "None", "netInterestIncome": "None", "interestIncome": "None", "interestExpense": "165000000", "nonInterestIncome": "None", "otherNonOperatingIncome": "-136000000", "depreciation": "None", "depreciationAndAmortization": "346000000", "incomeBeforeTax": "171000000", "incomeTaxExpense": "34000000", "interestAndDebtExpense": "None", "netIncomeFromContinuingOperations": "152000000", "comprehensiveIncomeNetOfTax": "None", "ebit": "472000000", "ebitda": "818000000", "netIncome": "134000000"}, {"fiscalDateEnding": "2014-09-30", "reportedCurrency": "USD", "grossProfit": "1996000000", "totalRevenue": "6051000000", "costOfRevenue": "4055000000", "costofGoodsAndServicesSold": "4055000000", "operatingIncome": "734000000", "sellingGeneralAndAdministrative": "467000000", "researchAndDevelopment": "0", "operatingExpenses": "1262000000", "investmentIncomeNet": "None", "netInterestIncome": "None", "interestIncome": "None", "interestExpense": "172000000", "nonInterestIncome": "None", "otherNonOperatingIncome": "-72000000", "depreciation": "None", "depreciationAndAmortization": "357000000", "incomeBeforeTax": "480000000", "incomeTaxExpense": "147000000", "interestAndDebtExpense": "None", "netIncomeFromContinuingOperations": "333000000", "comprehensiveIncomeNetOfTax": "None", "ebit": "725000000", "ebitda": "1082000000", "netIncome": "355000000"}, {"fiscalDateEnding": "2014-06-30", "reportedCurrency": "USD", "grossProfit": "1839000000", "totalRevenue": "5899000000", "costOfRevenue": "4060000000", "costofGoodsAndServicesSold": "4060000000", "operatingIncome": "623000000", "sellingGeneralAndAdministrative": "436000000", "researchAndDevelopment": "0", "operatingExpenses": "1216000000", "investmentIncomeNet": "None", "netInterestIncome": "None", "interestIncome": "None", "interestExpense": "176000000", "nonInterestIncome": "None", "otherNonOperatingIncome": "41000000", "depreciation": "None", "depreciationAndAmortization": "359000000", "incomeBeforeTax": "193000000", "incomeTaxExpense": "22000000", "interestAndDebtExpense": "None", "netIncomeFromContinuingOperations": "161000000", "comprehensiveIncomeNetOfTax": "None", "ebit": "328000000", "ebitda": "687000000", "netIncome": "161000000"}, {"fiscalDateEnding": "2014-03-31", "reportedCurrency": "USD", "grossProfit": "1690000000", "totalRevenue": "5724000000", "costOfRevenue": "4034000000", "costofGoodsAndServicesSold": "4034000000", "operatingIncome": "503000000", "sellingGeneralAndAdministrative": "428000000", "researchAndDevelopment": "0", "operatingExpenses": "1187000000", "investmentIncomeNet": "None", "netInterestIncome": "None", "interestIncome": "None", "interestExpense": "164000000", "nonInterestIncome": "None", "otherNonOperatingIncome": "-33000000", "depreciation": "None", "depreciationAndAmortization": "352000000", "incomeBeforeTax": "-172000000", "incomeTaxExpense": "-80000000", "interestAndDebtExpense": "None", "netIncomeFromContinuingOperations": "-97000000", "comprehensiveIncomeNetOfTax": "None", "ebit": "25000000", "ebitda": "377000000", "netIncome": "-95000000"}, {"fiscalDateEnding": "2013-12-31", "reportedCurrency": "USD", "grossProfit": "1973000000", "totalRevenue": "7249000000", "costOfRevenue": "5276000000", "costofGoodsAndServicesSold": "5276000000", "operatingIncome": "586000000", "sellingGeneralAndAdministrative": "551000000", "researchAndDevelopment": "18000000", "operatingExpenses": "1387000000", "investmentIncomeNet": "None", "netInterestIncome": "None", "interestIncome": "None", "interestExpense": "149000000", "nonInterestIncome": "None", "otherNonOperatingIncome": "-25000000", "depreciation": "None", "depreciationAndAmortization": "371000000", "incomeBeforeTax": "-164000000", "incomeTaxExpense": "-589000000", "interestAndDebtExpense": "None", "netIncomeFromContinuingOperations": "425000000", "comprehensiveIncomeNetOfTax": "None", "ebit": "-6000000", "ebitda": "365000000", "netIncome": "436000000"}, {"fiscalDateEnding": "2013-09-30", "reportedCurrency": "USD", "grossProfit": "1927000000", "totalRevenue": "5975000000", "costOfRevenue": "4048000000", "costofGoodsAndServicesSold": "4048000000", "operatingIncome": "609000000", "sellingGeneralAndAdministrative": "473000000", "researchAndDevelopment": "0", "operatingExpenses": "1318000000", "investmentIncomeNet": "None", "netInterestIncome": "None", "interestIncome": "None", "interestExpense": "162000000", "nonInterestIncome": "None", "otherNonOperatingIncome": "16000000", "depreciation": "None", "depreciationAndAmortization": "401000000", "incomeBeforeTax": "419000000", "incomeTaxExpense": "38000000", "interestAndDebtExpense": "None", "netIncomeFromContinuingOperations": "386000000", "comprehensiveIncomeNetOfTax": "None", "ebit": "565000000", "ebitda": "966000000", "netIncome": "382000000"}, {"fiscalDateEnding": "2013-06-30", "reportedCurrency": "USD", "grossProfit": "1921000000", "totalRevenue": "7335000000", "costOfRevenue": "5414000000", "costofGoodsAndServicesSold": "5414000000", "operatingIncome": "514000000", "sellingGeneralAndAdministrative": "515000000", "researchAndDevelopment": "0", "operatingExpenses": "1407000000", "investmentIncomeNet": "None", "netInterestIncome": "None", "interestIncome": "None", "interestExpense": "181000000", "nonInterestIncome": "None", "otherNonOperatingIncome": "-36000000", "depreciation": "None", "depreciationAndAmortization": "396000000", "incomeBeforeTax": "327000000", "incomeTaxExpense": "94000000", "interestAndDebtExpense": "None", "netIncomeFromContinuingOperations": "233000000", "comprehensiveIncomeNetOfTax": "None", "ebit": "544000000", "ebitda": "940000000", "netIncome": "259000000"}, {"fiscalDateEnding": "2013-03-31", "reportedCurrency": "USD", "grossProfit": "1870000000", "totalRevenue": "7090000000", "costOfRevenue": "5220000000", "costofGoodsAndServicesSold": "5220000000", "operatingIncome": "453000000", "sellingGeneralAndAdministrative": "567000000", "researchAndDevelopment": "0", "operatingExpenses": "1417000000", "investmentIncomeNet": "None", "netInterestIncome": "None", "interestIncome": "None", "interestExpense": "177000000", "nonInterestIncome": "None", "otherNonOperatingIncome": "-10000000", "depreciation": "None", "depreciationAndAmortization": "379000000", "incomeBeforeTax": "220000000", "incomeTaxExpense": "-69000000", "interestAndDebtExpense": "None", "netIncomeFromContinuingOperations": "289000000", "comprehensiveIncomeNetOfTax": "None", "ebit": "407000000", "ebitda": "786000000", "netIncome": "318000000"}, {"fiscalDateEnding": "2012-12-31", "reportedCurrency": "USD", "grossProfit": "1882000000", "totalRevenue": "7075000000", "costOfRevenue": "5193000000", "costofGoodsAndServicesSold": "5193000000", "operatingIncome": "474000000", "sellingGeneralAndAdministrative": "578000000", "researchAndDevelopment": "13000000", "operatingExpenses": "1408000000", "investmentIncomeNet": "None", "netInterestIncome": "None", "interestIncome": "None", "interestExpense": "240000000", "nonInterestIncome": "None", "otherNonOperatingIncome": "-84000000", "depreciation": "None", "depreciationAndAmortization": "375000000", "incomeBeforeTax": "296000000", "incomeTaxExpense": "74000000", "interestAndDebtExpense": "None", "netIncomeFromContinuingOperations": "222000000", "comprehensiveIncomeNetOfTax": "None", "ebit": "527000000", "ebitda": "902000000", "netIncome": "235000000"}, {"fiscalDateEnding": "2012-09-30", "reportedCurrency": "USD", "grossProfit": "1886000000", "totalRevenue": "7026000000", "costOfRevenue": "5140000000", "costofGoodsAndServicesSold": "5140000000", "operatingIncome": "534000000", "sellingGeneralAndAdministrative": "527000000", "researchAndDevelopment": "0", "operatingExpenses": "1352000000", "investmentIncomeNet": "None", "netInterestIncome": "None", "interestIncome": "None", "interestExpense": "197000000", "nonInterestIncome": "None", "otherNonOperatingIncome": "34000000", "depreciation": "None", "depreciationAndAmortization": "383000000", "incomeBeforeTax": "354000000", "incomeTaxExpense": "130000000", "interestAndDebtExpense": "None", "netIncomeFromContinuingOperations": "224000000", "comprehensiveIncomeNetOfTax": "None", "ebit": "517000000", "ebitda": "900000000", "netIncome": "237000000"}, {"fiscalDateEnding": "2012-06-30", "reportedCurrency": "USD", "grossProfit": "1807000000", "totalRevenue": "7077000000", "costOfRevenue": "5270000000", "costofGoodsAndServicesSold": "5270000000", "operatingIncome": "475000000", "sellingGeneralAndAdministrative": "474000000", "researchAndDevelopment": "0", "operatingExpenses": "1332000000", "investmentIncomeNet": "None", "netInterestIncome": "None", "interestIncome": "None", "interestExpense": "179000000", "nonInterestIncome": "None", "otherNonOperatingIncome": "-26000000", "depreciation": "None", "depreciationAndAmortization": "366000000", "incomeBeforeTax": "178000000", "incomeTaxExpense": "57000000", "interestAndDebtExpense": "None", "netIncomeFromContinuingOperations": "121000000", "comprehensiveIncomeNetOfTax": "None", "ebit": "383000000", "ebitda": "749000000", "netIncome": "134000000"}, {"fiscalDateEnding": "2012-03-31", "reportedCurrency": "USD", "grossProfit": "1671000000", "totalRevenue": "6655000000", "costOfRevenue": "4984000000", "costofGoodsAndServicesSold": "4984000000", "operatingIncome": "408000000", "sellingGeneralAndAdministrative": "513000000", "researchAndDevelopment": "0", "operatingExpenses": "1263000000", "investmentIncomeNet": "None", "netInterestIncome": "None", "interestIncome": "None", "interestExpense": "183000000", "nonInterestIncome": "None", "otherNonOperatingIncome": "51000000", "depreciation": "None", "depreciationAndAmortization": "362000000", "incomeBeforeTax": "257000000", "incomeTaxExpense": "70000000", "interestAndDebtExpense": "None", "netIncomeFromContinuingOperations": "187000000", "comprehensiveIncomeNetOfTax": "None", "ebit": "396000000", "ebitda": "758000000", "netIncome": "188000000"}, {"fiscalDateEnding": "2011-12-31", "reportedCurrency": "USD", "grossProfit": "1705000000", "totalRevenue": "6367000000", "costOfRevenue": "4662000000", "costofGoodsAndServicesSold": "4662000000", "operatingIncome": "790000000", "sellingGeneralAndAdministrative": "778000000", "researchAndDevelopment": "13000000", "operatingExpenses": "915000000", "investmentIncomeNet": "None", "netInterestIncome": "None", "interestIncome": "None", "interestExpense": "138000000", "nonInterestIncome": "None", "otherNonOperatingIncome": "-211000000", "depreciation": "None", "depreciationAndAmortization": "321000000", "incomeBeforeTax": "415000000", "incomeTaxExpense": "154000000", "interestAndDebtExpense": "None", "netIncomeFromContinuingOperations": "261000000", "comprehensiveIncomeNetOfTax": "None", "ebit": "874000000", "ebitda": "1195000000", "netIncome": "257000000"}, {"fiscalDateEnding": "2011-09-30", "reportedCurrency": "USD", "grossProfit": "1839000000", "totalRevenue": "6632000000", "costOfRevenue": "4793000000", "costofGoodsAndServicesSold": "4793000000", "operatingIncome": "642000000", "sellingGeneralAndAdministrative": "829000000", "researchAndDevelopment": "0", "operatingExpenses": "1197000000", "investmentIncomeNet": "None", "netInterestIncome": "None", "interestIncome": "None", "interestExpense": "130000000", "nonInterestIncome": "None", "otherNonOperatingIncome": "50000000", "depreciation": "None", "depreciationAndAmortization": "335000000", "incomeBeforeTax": "381000000", "incomeTaxExpense": "-84000000", "interestAndDebtExpense": "None", "netIncomeFromContinuingOperations": "515000000", "comprehensiveIncomeNetOfTax": "None", "ebit": "511000000", "ebitda": "846000000", "netIncome": "468000000"}, {"fiscalDateEnding": "2011-06-30", "reportedCurrency": "USD", "grossProfit": "1768000000", "totalRevenue": "6648000000", "costOfRevenue": "4880000000", "costofGoodsAndServicesSold": "4880000000", "operatingIncome": "549000000", "sellingGeneralAndAdministrative": "845000000", "researchAndDevelopment": "0", "operatingExpenses": "1219000000", "investmentIncomeNet": "None", "netInterestIncome": "None", "interestIncome": "None", "interestExpense": "137000000", "nonInterestIncome": "None", "otherNonOperatingIncome": "57000000", "depreciation": "None", "depreciationAndAmortization": "336000000", "incomeBeforeTax": "345000000", "incomeTaxExpense": "118000000", "interestAndDebtExpense": "None", "netIncomeFromContinuingOperations": "232000000", "comprehensiveIncomeNetOfTax": "None", "ebit": "430000000", "ebitda": "766000000", "netIncome": "219000000"}, {"fiscalDateEnding": "2011-03-31", "reportedCurrency": "USD", "grossProfit": "1762000000", "totalRevenue": "6387000000", "costOfRevenue": "4625000000", "costofGoodsAndServicesSold": "4625000000", "operatingIncome": "557000000", "sellingGeneralAndAdministrative": "485000000", "researchAndDevelopment": "0", "operatingExpenses": "1205000000", "investmentIncomeNet": "None", "netInterestIncome": "None", "interestIncome": "None", "interestExpense": "136000000", "nonInterestIncome": "None", "otherNonOperatingIncome": "45000000", "depreciation": "None", "depreciationAndAmortization": "340000000", "incomeBeforeTax": "433000000", "incomeTaxExpense": "123000000", "interestAndDebtExpense": "None", "netIncomeFromContinuingOperations": "298000000", "comprehensiveIncomeNetOfTax": "None", "ebit": "504000000", "ebitda": "844000000", "netIncome": "354000000"}, {"fiscalDateEnding": "2010-12-31", "reportedCurrency": "USD", "grossProfit": "1761000000", "totalRevenue": "6531000000", "costOfRevenue": "4770000000", "costofGoodsAndServicesSold": "4770000000", "operatingIncome": "494000000", "sellingGeneralAndAdministrative": "865000000", "researchAndDevelopment": "12000000", "operatingExpenses": "1267000000", "investmentIncomeNet": "None", "netInterestIncome": "None", "interestIncome": "None", "interestExpense": "150000000", "nonInterestIncome": "None", "otherNonOperatingIncome": "60000000", "depreciation": "None", "depreciationAndAmortization": "360000000", "incomeBeforeTax": "369000000", "incomeTaxExpense": "50000000", "interestAndDebtExpense": "None", "netIncomeFromContinuingOperations": "346000000", "comprehensiveIncomeNetOfTax": "None", "ebit": "482000000", "ebitda": "842000000", "netIncome": "316000000"}, {"fiscalDateEnding": "2010-09-30", "reportedCurrency": "USD", "grossProfit": "1962000000", "totalRevenue": "6720000000", "costOfRevenue": "4758000000", "costofGoodsAndServicesSold": "4758000000", "operatingIncome": "699000000", "sellingGeneralAndAdministrative": "843000000", "researchAndDevelopment": "0", "operatingExpenses": "1263000000", "investmentIncomeNet": "None", "netInterestIncome": "None", "interestIncome": "None", "interestExpense": "152000000", "nonInterestIncome": "None", "otherNonOperatingIncome": "22000000", "depreciation": "None", "depreciationAndAmortization": "362000000", "incomeBeforeTax": "569000000", "incomeTaxExpense": "170000000", "interestAndDebtExpense": "None", "netIncomeFromContinuingOperations": "377000000", "comprehensiveIncomeNetOfTax": "None", "ebit": "699000000", "ebitda": "1061000000", "netIncome": "397000000"}, {"fiscalDateEnding": "2010-06-30", "reportedCurrency": "USD", "grossProfit": "1631000000", "totalRevenue": "6121000000", "costOfRevenue": "4490000000", "costofGoodsAndServicesSold": "4490000000", "operatingIncome": "419000000", "sellingGeneralAndAdministrative": "472000000", "researchAndDevelopment": "0", "operatingExpenses": "1212000000", "investmentIncomeNet": "None", "netInterestIncome": "None", "interestIncome": "None", "interestExpense": "157000000", "nonInterestIncome": "None", "otherNonOperatingIncome": "7000000", "depreciation": "None", "depreciationAndAmortization": "363000000", "incomeBeforeTax": "125000000", "incomeTaxExpense": "25000000", "interestAndDebtExpense": "None", "netIncomeFromContinuingOperations": "93000000", "comprehensiveIncomeNetOfTax": "None", "ebit": "275000000", "ebitda": "638000000", "netIncome": "93000000"}, {"fiscalDateEnding": "2010-03-31", "reportedCurrency": "USD", "grossProfit": "1343000000", "totalRevenue": "5807000000", "costOfRevenue": "4464000000", "costofGoodsAndServicesSold": "4464000000", "operatingIncome": "189000000", "sellingGeneralAndAdministrative": "738000000", "researchAndDevelopment": "0", "operatingExpenses": "1154000000", "investmentIncomeNet": "None", "netInterestIncome": "None", "interestIncome": "None", "interestExpense": "149000000", "nonInterestIncome": "None", "otherNonOperatingIncome": "-2000000", "depreciation": "None", "depreciationAndAmortization": "371000000", "incomeBeforeTax": "-177000000", "incomeTaxExpense": "-24000000", "interestAndDebtExpense": "None", "netIncomeFromContinuingOperations": "-151000000", "comprehensiveIncomeNetOfTax": "None", "ebit": "-26000000", "ebitda": "345000000", "netIncome": "-162000000"}, {"fiscalDateEnding": "2009-12-31", "reportedCurrency": "USD", "grossProfit": "2027000000", "totalRevenue": "5977000000", "costOfRevenue": "3950000000", "costofGoodsAndServicesSold": "3950000000", "operatingIncome": "834000000", "sellingGeneralAndAdministrative": "814000000", "researchAndDevelopment": "13000000", "operatingExpenses": "1193000000", "investmentIncomeNet": "None", "netInterestIncome": "None", "interestIncome": "None", "interestExpense": "172000000", "nonInterestIncome": "None", "otherNonOperatingIncome": "None", "depreciation": "None", "depreciationAndAmortization": "384000000", "incomeBeforeTax": "-418000000", "incomeTaxExpense": "-321000000", "interestAndDebtExpense": "None", "netIncomeFromContinuingOperations": "0", "comprehensiveIncomeNetOfTax": "None", "ebit": "-256000000", "ebitda": "128000000", "netIncome": "-101000000"}, {"fiscalDateEnding": "2009-09-30", "reportedCurrency": "USD", "grossProfit": "2161000000", "totalRevenue": "5919000000", "costOfRevenue": "3758000000", "costofGoodsAndServicesSold": "3758000000", "operatingIncome": "909000000", "sellingGeneralAndAdministrative": "826000000", "researchAndDevelopment": "0", "operatingExpenses": "1252000000", "investmentIncomeNet": "None", "netInterestIncome": "None", "interestIncome": "None", "interestExpense": "169000000", "nonInterestIncome": "None", "otherNonOperatingIncome": "None", "depreciation": "None", "depreciationAndAmortization": "378000000", "incomeBeforeTax": "589000000", "incomeTaxExpense": "212000000", "interestAndDebtExpense": "None", "netIncomeFromContinuingOperations": "377000000", "comprehensiveIncomeNetOfTax": "None", "ebit": "758000000", "ebitda": "1136000000", "netIncome": "371000000"}, {"fiscalDateEnding": "2009-06-30", "reportedCurrency": "USD", "grossProfit": "2021000000", "totalRevenue": "5802000000", "costOfRevenue": "3781000000", "costofGoodsAndServicesSold": "3781000000", "operatingIncome": "772000000", "sellingGeneralAndAdministrative": "508000000", "researchAndDevelopment": "0", "operatingExpenses": "1249000000", "investmentIncomeNet": "None", "netInterestIncome": "None", "interestIncome": "None", "interestExpense": "173000000", "nonInterestIncome": "None", "otherNonOperatingIncome": "None", "depreciation": "None", "depreciationAndAmortization": "367000000", "incomeBeforeTax": "488000000", "incomeTaxExpense": "348000000", "interestAndDebtExpense": "None", "netIncomeFromContinuingOperations": "0", "comprehensiveIncomeNetOfTax": "None", "ebit": "693000000", "ebitda": "1060000000", "netIncome": "136000000"}, {"fiscalDateEnding": "2009-03-31", "reportedCurrency": "USD", "grossProfit": "1937000000", "totalRevenue": "5668000000", "costOfRevenue": "3731000000", "costofGoodsAndServicesSold": "3731000000", "operatingIncome": "765000000", "sellingGeneralAndAdministrative": "779000000", "researchAndDevelopment": "0", "operatingExpenses": "1172000000", "investmentIncomeNet": "None", "netInterestIncome": "None", "interestIncome": "None", "interestExpense": "164000000", "nonInterestIncome": "None", "otherNonOperatingIncome": "None", "depreciation": "None", "depreciationAndAmortization": "343000000", "incomeBeforeTax": "491000000", "incomeTaxExpense": "230000000", "interestAndDebtExpense": "None", "netIncomeFromContinuingOperations": "0", "comprehensiveIncomeNetOfTax": "None", "ebit": "682000000", "ebitda": "1025000000", "netIncome": "257000000"}, {"fiscalDateEnding": "2008-12-31", "reportedCurrency": "USD", "grossProfit": "1524000000", "totalRevenue": "6546000000", "costOfRevenue": "5022000000", "costofGoodsAndServicesSold": "5022000000", "operatingIncome": "263000000", "sellingGeneralAndAdministrative": "833000000", "researchAndDevelopment": "22000000", "operatingExpenses": "1261000000", "investmentIncomeNet": "None", "netInterestIncome": "None", "interestIncome": "None", "interestExpense": "266000000", "nonInterestIncome": "None", "otherNonOperatingIncome": "None", "depreciation": "None", "depreciationAndAmortization": "382000000", "incomeBeforeTax": "-1923000000", "incomeTaxExpense": "-112000000", "interestAndDebtExpense": "None", "netIncomeFromContinuingOperations": "0", "comprehensiveIncomeNetOfTax": "None", "ebit": "-1652000000", "ebitda": "-1270000000", "netIncome": "-1791000000"}, {"fiscalDateEnding": "2008-09-30", "reportedCurrency": "USD", "grossProfit": "1654000000", "totalRevenue": "6808000000", "costOfRevenue": "5154000000", "costofGoodsAndServicesSold": "5154000000", "operatingIncome": "349000000", "sellingGeneralAndAdministrative": "507000000", "researchAndDevelopment": "0", "operatingExpenses": "1305000000", "investmentIncomeNet": "None", "netInterestIncome": "None", "interestIncome": "None", "interestExpense": "144000000", "nonInterestIncome": "None", "otherNonOperatingIncome": "None", "depreciation": "None", "depreciationAndAmortization": "374000000", "incomeBeforeTax": "270000000", "incomeTaxExpense": "118000000", "interestAndDebtExpense": "None", "netIncomeFromContinuingOperations": "0", "comprehensiveIncomeNetOfTax": "None", "ebit": "409000000", "ebitda": "783000000", "netIncome": "149000000"}, {"fiscalDateEnding": "2008-06-30", "reportedCurrency": "USD", "grossProfit": "1502000000", "totalRevenue": "5807000000", "costOfRevenue": "4305000000", "costofGoodsAndServicesSold": "4305000000", "operatingIncome": "393000000", "sellingGeneralAndAdministrative": "459000000", "researchAndDevelopment": "0", "operatingExpenses": "1109000000", "investmentIncomeNet": "None", "netInterestIncome": "None", "interestIncome": "None", "interestExpense": "81000000", "nonInterestIncome": "None", "otherNonOperatingIncome": "None", "depreciation": "None", "depreciationAndAmortization": "305000000", "incomeBeforeTax": "332000000", "incomeTaxExpense": "97000000", "interestAndDebtExpense": "None", "netIncomeFromContinuingOperations": "0", "comprehensiveIncomeNetOfTax": "None", "ebit": "413000000", "ebitda": "718000000", "netIncome": "227000000"}, {"fiscalDateEnding": "2008-03-31", "reportedCurrency": "USD", "grossProfit": "1407000000", "totalRevenue": "5668000000", "costOfRevenue": "4261000000", "costofGoodsAndServicesSold": "4261000000", "operatingIncome": "321000000", "sellingGeneralAndAdministrative": "472000000", "researchAndDevelopment": "0", "operatingExpenses": "1086000000", "investmentIncomeNet": "None", "netInterestIncome": "None", "interestIncome": "None", "interestExpense": "99000000", "nonInterestIncome": "None", "otherNonOperatingIncome": "None", "depreciation": "None", "depreciationAndAmortization": "286000000", "incomeBeforeTax": "214000000", "incomeTaxExpense": "59000000", "interestAndDebtExpense": "None", "netIncomeFromContinuingOperations": "0", "comprehensiveIncomeNetOfTax": "None", "ebit": "297000000", "ebitda": "583000000", "netIncome": "133000000"}, {"fiscalDateEnding": "2007-12-31", "reportedCurrency": "USD", "grossProfit": "1599000000", "totalRevenue": "5841000000", "costOfRevenue": "4242000000", "costofGoodsAndServicesSold": "4242000000", "operatingIncome": "514000000", "sellingGeneralAndAdministrative": "500000000", "researchAndDevelopment": "24000000", "operatingExpenses": "1085000000", "investmentIncomeNet": "None", "netInterestIncome": "None", "interestIncome": "None", "interestExpense": "79000000", "nonInterestIncome": "None", "otherNonOperatingIncome": "None", "depreciation": "None", "depreciationAndAmortization": "278000000", "incomeBeforeTax": "439000000", "incomeTaxExpense": "94000000", "interestAndDebtExpense": "None", "netIncomeFromContinuingOperations": "0", "comprehensiveIncomeNetOfTax": "None", "ebit": "518000000", "ebitda": "796000000", "netIncome": "327000000"}, {"fiscalDateEnding": "2007-09-30", "reportedCurrency": "USD", "grossProfit": "1455000000", "totalRevenue": "5541000000", "costOfRevenue": "4086000000", "costofGoodsAndServicesSold": "4086000000", "operatingIncome": "426000000", "sellingGeneralAndAdministrative": "455000000", "researchAndDevelopment": "0", "operatingExpenses": "1029000000", "investmentIncomeNet": "None", "netInterestIncome": "None", "interestIncome": "None", "interestExpense": "77000000", "nonInterestIncome": "None", "otherNonOperatingIncome": "None", "depreciation": "None", "depreciationAndAmortization": "277000000", "incomeBeforeTax": "315000000", "incomeTaxExpense": "89000000", "interestAndDebtExpense": "None", "netIncomeFromContinuingOperations": "0", "comprehensiveIncomeNetOfTax": "None", "ebit": "392000000", "ebitda": "669000000", "netIncome": "217000000"}, {"fiscalDateEnding": "2007-06-30", "reportedCurrency": "USD", "grossProfit": "1410000000", "totalRevenue": "5291000000", "costOfRevenue": "3881000000", "costofGoodsAndServicesSold": "3881000000", "operatingIncome": "399000000", "sellingGeneralAndAdministrative": "441000000", "researchAndDevelopment": "0", "operatingExpenses": "1011000000", "investmentIncomeNet": "None", "netInterestIncome": "None", "interestIncome": "None", "interestExpense": "80000000", "nonInterestIncome": "None", "otherNonOperatingIncome": "None", "depreciation": "None", "depreciationAndAmortization": "269000000", "incomeBeforeTax": "294000000", "incomeTaxExpense": "89000000", "interestAndDebtExpense": "None", "netIncomeFromContinuingOperations": "0", "comprehensiveIncomeNetOfTax": "None", "ebit": "374000000", "ebitda": "643000000", "netIncome": "190000000"}, {"fiscalDateEnding": "2007-03-31", "reportedCurrency": "USD", "grossProfit": "1366000000", "totalRevenue": "5217000000", "costOfRevenue": "3851000000", "costofGoodsAndServicesSold": "3851000000", "operatingIncome": "371000000", "sellingGeneralAndAdministrative": "435000000", "researchAndDevelopment": "0", "operatingExpenses": "995000000", "investmentIncomeNet": "None", "netInterestIncome": "None", "interestIncome": "None", "interestExpense": "61000000", "nonInterestIncome": "None", "otherNonOperatingIncome": "None", "depreciation": "None", "depreciationAndAmortization": "262000000", "incomeBeforeTax": "606000000", "incomeTaxExpense": "143000000", "interestAndDebtExpense": "None", "netIncomeFromContinuingOperations": "0", "comprehensiveIncomeNetOfTax": "None", "ebit": "667000000", "ebitda": "929000000", "netIncome": "434000000"}, {"fiscalDateEnding": "2006-12-31", "reportedCurrency": "USD", "grossProfit": "1153000000", "totalRevenue": "3888000000", "costOfRevenue": "2735000000", "costofGoodsAndServicesSold": "2735000000", "operatingIncome": "308000000", "sellingGeneralAndAdministrative": "417000000", "researchAndDevelopment": "45000000", "operatingExpenses": "845000000", "investmentIncomeNet": "None", "netInterestIncome": "None", "interestIncome": "None", "interestExpense": "80000000", "nonInterestIncome": "None", "otherNonOperatingIncome": "None", "depreciation": "None", "depreciationAndAmortization": "214000000", "incomeBeforeTax": "3907000000", "incomeTaxExpense": "1662000000", "interestAndDebtExpense": "None", "netIncomeFromContinuingOperations": "0", "comprehensiveIncomeNetOfTax": "None", "ebit": "3987000000", "ebitda": "4201000000", "netIncome": "1971000000"}, {"fiscalDateEnding": "2006-09-30", "reportedCurrency": "USD", "grossProfit": "1523000000", "totalRevenue": "5429000000", "costOfRevenue": "3906000000", "costofGoodsAndServicesSold": "3906000000", "operatingIncome": "452000000", "sellingGeneralAndAdministrative": "465000000", "researchAndDevelopment": "0", "operatingExpenses": "1071000000", "investmentIncomeNet": "None", "netInterestIncome": "None", "interestIncome": "None", "interestExpense": "144000000", "nonInterestIncome": "None", "otherNonOperatingIncome": "None", "depreciation": "None", "depreciationAndAmortization": "287000000", "incomeBeforeTax": "594000000", "incomeTaxExpense": "204000000", "interestAndDebtExpense": "None", "netIncomeFromContinuingOperations": "0", "comprehensiveIncomeNetOfTax": "None", "ebit": "738000000", "ebitda": "1025000000", "netIncome": "224000000"}, {"fiscalDateEnding": "2006-06-30", "reportedCurrency": "USD", "grossProfit": "1445000000", "totalRevenue": "5716000000", "costOfRevenue": "4271000000", "costofGoodsAndServicesSold": "4271000000", "operatingIncome": "375000000", "sellingGeneralAndAdministrative": "457000000", "researchAndDevelopment": "0", "operatingExpenses": "1070000000", "investmentIncomeNet": "None", "netInterestIncome": "None", "interestIncome": "None", "interestExpense": "148000000", "nonInterestIncome": "None", "otherNonOperatingIncome": "None", "depreciation": "None", "depreciationAndAmortization": "282000000", "incomeBeforeTax": "99000000", "incomeTaxExpense": "33000000", "interestAndDebtExpense": "None", "netIncomeFromContinuingOperations": "0", "comprehensiveIncomeNetOfTax": "None", "ebit": "247000000", "ebitda": "529000000", "netIncome": "83000000"}, {"fiscalDateEnding": "2006-03-31", "reportedCurrency": "USD", "grossProfit": "1358000000", "totalRevenue": "5526000000", "costOfRevenue": "4168000000", "costofGoodsAndServicesSold": "4168000000", "operatingIncome": "234000000", "sellingGeneralAndAdministrative": "472000000", "researchAndDevelopment": "0", "operatingExpenses": "1124000000", "investmentIncomeNet": "None", "netInterestIncome": "None", "interestIncome": "None", "interestExpense": "149000000", "nonInterestIncome": "None", "otherNonOperatingIncome": "None", "depreciation": "None", "depreciationAndAmortization": "314000000", "incomeBeforeTax": "-1223000000", "incomeTaxExpense": "-16000000", "interestAndDebtExpense": "None", "netIncomeFromContinuingOperations": "0", "comprehensiveIncomeNetOfTax": "None", "ebit": "-1074000000", "ebitda": "-760000000", "netIncome": "-1236000000"}, {"fiscalDateEnding": "2005-12-31", "reportedCurrency": "USD", "grossProfit": "1408000000", "totalRevenue": "6134000000", "costOfRevenue": "4726000000", "costofGoodsAndServicesSold": "4726000000", "operatingIncome": "229000000", "sellingGeneralAndAdministrative": "456000000", "researchAndDevelopment": "63000000", "operatingExpenses": "1179000000", "investmentIncomeNet": "None", "netInterestIncome": "None", "interestIncome": "None", "interestExpense": "151000000", "nonInterestIncome": "None", "otherNonOperatingIncome": "None", "depreciation": "None", "depreciationAndAmortization": "361000000", "incomeBeforeTax": "-165000000", "incomeTaxExpense": "-87000000", "interestAndDebtExpense": "None", "netIncomeFromContinuingOperations": "0", "comprehensiveIncomeNetOfTax": "None", "ebit": "-14000000", "ebitda": "347000000", "netIncome": "-77000000"}]}