{"symbol": "ASPS", "annualReports": [{"fiscalDateEnding": "2024-12-31", "reportedCurrency": "USD", "grossProfit": "49529000", "totalRevenue": "160134000", "costOfRevenue": "110605000", "costofGoodsAndServicesSold": "110605000", "operatingIncome": "3224000", "sellingGeneralAndAdministrative": "38094000", "researchAndDevelopment": "None", "operatingExpenses": "46305000", "investmentIncomeNet": "None", "netInterestIncome": "-37848000", "interestIncome": "1029000", "interestExpense": "38877000", "nonInterestIncome": "None", "otherNonOperatingIncome": "None", "depreciation": "None", "depreciationAndAmortization": "7614000", "incomeBeforeTax": "-32867000", "incomeTaxExpense": "2581000", "interestAndDebtExpense": "None", "netIncomeFromContinuingOperations": "-35448000", "comprehensiveIncomeNetOfTax": "None", "ebit": "6010000", "ebitda": "13624000", "netIncome": "-35636000"}, {"fiscalDateEnding": "2023-12-31", "reportedCurrency": "USD", "grossProfit": "29652000", "totalRevenue": "145066000", "costOfRevenue": "115414000", "costofGoodsAndServicesSold": "115414000", "operatingIncome": "-16768000", "sellingGeneralAndAdministrative": "38560000", "researchAndDevelopment": "0.34", "operatingExpenses": "46420000", "investmentIncomeNet": "None", "netInterestIncome": "-30396000", "interestIncome": "1358000", "interestExpense": "36103000", "nonInterestIncome": "None", "otherNonOperatingIncome": "None", "depreciation": "None", "depreciationAndAmortization": "9345000", "incomeBeforeTax": "-52348000", "incomeTaxExpense": "3714000", "interestAndDebtExpense": "None", "netIncomeFromContinuingOperations": "-54211000", "comprehensiveIncomeNetOfTax": "None", "ebit": "-16245000", "ebitda": "-6900000", "netIncome": "-56290000"}, {"fiscalDateEnding": "2022-12-31", "reportedCurrency": "USD", "grossProfit": "21815000", "totalRevenue": "153120000", "costOfRevenue": "131305000", "costofGoodsAndServicesSold": "131305000", "operatingIncome": "-33182000", "sellingGeneralAndAdministrative": "45365000", "researchAndDevelopment": "0.30", "operatingExpenses": "54997000", "investmentIncomeNet": "None", "netInterestIncome": "-15974000", "interestIncome": "665000", "interestExpense": "16639000", "nonInterestIncome": "None", "otherNonOperatingIncome": "None", "depreciation": "None", "depreciationAndAmortization": "11299000", "incomeBeforeTax": "-47567000", "incomeTaxExpense": "5266000", "interestAndDebtExpense": "None", "netIncomeFromContinuingOperations": "-52833000", "comprehensiveIncomeNetOfTax": "None", "ebit": "-30928000", "ebitda": "-19629000", "netIncome": "-53418000"}, {"fiscalDateEnding": "2021-12-31", "reportedCurrency": "USD", "grossProfit": "7087000", "totalRevenue": "178453000", "costOfRevenue": "171366000", "costofGoodsAndServicesSold": "171366000", "operatingIncome": "28968000", "sellingGeneralAndAdministrative": "53995000", "researchAndDevelopment": "0.08", "operatingExpenses": "-21881000", "investmentIncomeNet": "None", "netInterestIncome": "-14543000", "interestIncome": "4000", "interestExpense": "14547000", "nonInterestIncome": "None", "otherNonOperatingIncome": "864000", "depreciation": "None", "depreciationAndAmortization": "21994000", "incomeBeforeTax": "15285000", "incomeTaxExpense": "3232000", "interestAndDebtExpense": "None", "netIncomeFromContinuingOperations": "11812000", "comprehensiveIncomeNetOfTax": "None", "ebit": "29832000", "ebitda": "51826000", "netIncome": "11812000"}, {"fiscalDateEnding": "2020-12-31", "reportedCurrency": "USD", "grossProfit": "60353000", "totalRevenue": "365547000", "costOfRevenue": "305194000", "costofGoodsAndServicesSold": "305194000", "operatingIncome": "-44355000", "sellingGeneralAndAdministrative": "72111000", "researchAndDevelopment": "0.16", "operatingExpenses": "104708000", "investmentIncomeNet": "None", "netInterestIncome": "-17616000", "interestIncome": "114000", "interestExpense": "17730000", "nonInterestIncome": "None", "otherNonOperatingIncome": "4379000", "depreciation": "None", "depreciationAndAmortization": "39855000", "incomeBeforeTax": "-57706000", "incomeTaxExpense": "8609000", "interestAndDebtExpense": "None", "netIncomeFromContinuingOperations": "-67156000", "comprehensiveIncomeNetOfTax": "None", "ebit": "-39976000", "ebitda": "-121000", "netIncome": "-67156000"}, {"fiscalDateEnding": "2019-12-31", "reportedCurrency": "USD", "grossProfit": "155395000", "totalRevenue": "648651000", "costOfRevenue": "493256000", "costofGoodsAndServicesSold": "493256000", "operatingIncome": "18053000", "sellingGeneralAndAdministrative": "106055000", "researchAndDevelopment": "0.02", "operatingExpenses": "137342000", "investmentIncomeNet": "None", "netInterestIncome": "-21051000", "interestIncome": "342000", "interestExpense": "21393000", "nonInterestIncome": "None", "otherNonOperatingIncome": "15779000", "depreciation": "None", "depreciationAndAmortization": "49299000", "incomeBeforeTax": "12439000", "incomeTaxExpense": "318296000", "interestAndDebtExpense": "None", "netIncomeFromContinuingOperations": "-305857000", "comprehensiveIncomeNetOfTax": "None", "ebit": "33832000", "ebitda": "83131000", "netIncome": "-307969000"}, {"fiscalDateEnding": "2018-12-31", "reportedCurrency": "USD", "grossProfit": "216037000", "totalRevenue": "838202000", "costOfRevenue": "622165000", "costofGoodsAndServicesSold": "622165000", "operatingIncome": "42495000", "sellingGeneralAndAdministrative": "125765000", "researchAndDevelopment": "0", "operatingExpenses": "175670000", "investmentIncomeNet": "None", "netInterestIncome": "-25514000", "interestIncome": "740000", "interestExpense": "26254000", "nonInterestIncome": "None", "otherNonOperatingIncome": "-14842000", "depreciation": "None", "depreciationAndAmortization": "837061000", "incomeBeforeTax": "1399000", "incomeTaxExpense": "4098000", "interestAndDebtExpense": "None", "netIncomeFromContinuingOperations": "-2699000", "comprehensiveIncomeNetOfTax": "None", "ebit": "-737483000", "ebitda": "99578000", "netIncome": "-5382000"}, {"fiscalDateEnding": "2017-12-31", "reportedCurrency": "USD", "grossProfit": "242348000", "totalRevenue": "942213000", "costOfRevenue": "699865000", "costofGoodsAndServicesSold": "699865000", "operatingIncome": "49706000", "sellingGeneralAndAdministrative": "131926000", "researchAndDevelopment": "0.04", "operatingExpenses": "192642000", "investmentIncomeNet": "None", "netInterestIncome": "-21983000", "interestIncome": "270000", "interestExpense": "22253000", "nonInterestIncome": "None", "otherNonOperatingIncome": "7922000", "depreciation": "None", "depreciationAndAmortization": "914760000", "incomeBeforeTax": "35375000", "incomeTaxExpense": "-276256000", "interestAndDebtExpense": "None", "netIncomeFromContinuingOperations": "311631000", "comprehensiveIncomeNetOfTax": "None", "ebit": "-793240000", "ebitda": "121520000", "netIncome": "308891000"}, {"fiscalDateEnding": "2016-12-31", "reportedCurrency": "USD", "grossProfit": "307258000", "totalRevenue": "997303000", "costOfRevenue": "690045000", "costofGoodsAndServicesSold": "690045000", "operatingIncome": "65103000", "sellingGeneralAndAdministrative": "128731000", "researchAndDevelopment": "0.04", "operatingExpenses": "214155000", "investmentIncomeNet": "None", "netInterestIncome": "-24321000", "interestIncome": "91000", "interestExpense": "24412000", "nonInterestIncome": "None", "otherNonOperatingIncome": "3630000", "depreciation": "None", "depreciationAndAmortization": "931968000", "incomeBeforeTax": "44321000", "incomeTaxExpense": "12935000", "interestAndDebtExpense": "None", "netIncomeFromContinuingOperations": "31386000", "comprehensiveIncomeNetOfTax": "None", "ebit": "-754501000", "ebitda": "177467000", "netIncome": "28693000"}, {"fiscalDateEnding": "2015-12-31", "reportedCurrency": "USD", "grossProfit": "364139000", "totalRevenue": "1051466000", "costOfRevenue": "687327000", "costofGoodsAndServicesSold": "687327000", "operatingIncome": "79077000", "sellingGeneralAndAdministrative": "142453000", "researchAndDevelopment": "0", "operatingExpenses": "220868000", "investmentIncomeNet": "None", "netInterestIncome": "None", "interestIncome": "29929000", "interestExpense": "28208000", "nonInterestIncome": "None", "otherNonOperatingIncome": "2191000", "depreciation": "None", "depreciationAndAmortization": "77605000", "incomeBeforeTax": "53060000", "incomeTaxExpense": "8260000", "interestAndDebtExpense": "None", "netIncomeFromContinuingOperations": "44800000", "comprehensiveIncomeNetOfTax": "None", "ebit": "143271000", "ebitda": "220876000", "netIncome": "41598000"}, {"fiscalDateEnding": "2014-12-31", "reportedCurrency": "USD", "grossProfit": "371736000", "totalRevenue": "1078916000", "costOfRevenue": "707180000", "costofGoodsAndServicesSold": "707180000", "operatingIncome": "170454000", "sellingGeneralAndAdministrative": "132375000", "researchAndDevelopment": "0", "operatingExpenses": "201733000", "investmentIncomeNet": "None", "netInterestIncome": "None", "interestIncome": "None", "interestExpense": "23363000", "nonInterestIncome": "None", "otherNonOperatingIncome": "174000", "depreciation": "None", "depreciationAndAmortization": "66726000", "incomeBeforeTax": "147265000", "incomeTaxExpense": "10178000", "interestAndDebtExpense": "None", "netIncomeFromContinuingOperations": "137087000", "comprehensiveIncomeNetOfTax": "None", "ebit": "170003000", "ebitda": "236729000", "netIncome": "134484000"}, {"fiscalDateEnding": "2013-12-31", "reportedCurrency": "USD", "grossProfit": "275877000", "totalRevenue": "768357000", "costOfRevenue": "492480000", "costofGoodsAndServicesSold": "492480000", "operatingIncome": "162067000", "sellingGeneralAndAdministrative": "75973000", "researchAndDevelopment": "0", "operatingExpenses": "113810000", "investmentIncomeNet": "None", "netInterestIncome": "None", "interestIncome": "None", "interestExpense": "20291000", "nonInterestIncome": "None", "otherNonOperatingIncome": "557000", "depreciation": "None", "depreciationAndAmortization": "47232000", "incomeBeforeTax": "142333000", "incomeTaxExpense": "8540000", "interestAndDebtExpense": "None", "netIncomeFromContinuingOperations": "133793000", "comprehensiveIncomeNetOfTax": "None", "ebit": "162067000", "ebitda": "209299000", "netIncome": "129973000"}, {"fiscalDateEnding": "2012-12-31", "reportedCurrency": "USD", "grossProfit": "202159000", "totalRevenue": "568360000", "costOfRevenue": "366201000", "costofGoodsAndServicesSold": "366201000", "operatingIncome": "127447000", "sellingGeneralAndAdministrative": "64573000", "researchAndDevelopment": "0", "operatingExpenses": "74712000", "investmentIncomeNet": "None", "netInterestIncome": "None", "interestIncome": "None", "interestExpense": "1210000", "nonInterestIncome": "None", "otherNonOperatingIncome": "-1588000", "depreciation": "None", "depreciationAndAmortization": "17806000", "incomeBeforeTax": "124649000", "incomeTaxExpense": "8738000", "interestAndDebtExpense": "None", "netIncomeFromContinuingOperations": "115911000", "comprehensiveIncomeNetOfTax": "None", "ebit": "127447000", "ebitda": "145253000", "netIncome": "110627000"}, {"fiscalDateEnding": "2011-12-31", "reportedCurrency": "USD", "grossProfit": "147838000", "totalRevenue": "423687000", "costOfRevenue": "275849000", "costofGoodsAndServicesSold": "275849000", "operatingIncome": "85707000", "sellingGeneralAndAdministrative": "62131000", "researchAndDevelopment": "0", "operatingExpenses": "62131000", "investmentIncomeNet": "None", "netInterestIncome": "None", "interestIncome": "None", "interestExpense": "85000", "nonInterestIncome": "None", "otherNonOperatingIncome": "203000", "depreciation": "None", "depreciationAndAmortization": "13642000", "incomeBeforeTax": "85910000", "incomeTaxExpense": "7943000", "interestAndDebtExpense": "None", "netIncomeFromContinuingOperations": "77967000", "comprehensiveIncomeNetOfTax": "None", "ebit": "86386000", "ebitda": "100028000", "netIncome": "71112000"}, {"fiscalDateEnding": "2010-12-31", "reportedCurrency": "USD", "grossProfit": "112319000", "totalRevenue": "301378000", "costOfRevenue": "189059000", "costofGoodsAndServicesSold": "189059000", "operatingIncome": "54967000", "sellingGeneralAndAdministrative": "57352000", "researchAndDevelopment": "None", "operatingExpenses": "57352000", "investmentIncomeNet": "None", "netInterestIncome": "None", "interestIncome": "None", "interestExpense": "119000", "nonInterestIncome": "None", "otherNonOperatingIncome": "None", "depreciation": "None", "depreciationAndAmortization": "12049000", "incomeBeforeTax": "55771000", "incomeTaxExpense": "-403000", "interestAndDebtExpense": "None", "netIncomeFromContinuingOperations": "None", "comprehensiveIncomeNetOfTax": "None", "ebit": "57695000", "ebitda": "69744000", "netIncome": "49271000"}, {"fiscalDateEnding": "2009-12-31", "reportedCurrency": "USD", "grossProfit": "76015000", "totalRevenue": "202812000", "costOfRevenue": "126797000", "costofGoodsAndServicesSold": "126797000", "operatingIncome": "36542000", "sellingGeneralAndAdministrative": "32373000", "researchAndDevelopment": "None", "operatingExpenses": "39473000", "investmentIncomeNet": "None", "netInterestIncome": "None", "interestIncome": "None", "interestExpense": "1660000", "nonInterestIncome": "None", "otherNonOperatingIncome": "None", "depreciation": "None", "depreciationAndAmortization": "8104000", "incomeBeforeTax": "37576000", "incomeTaxExpense": "11605000", "interestAndDebtExpense": "None", "netIncomeFromContinuingOperations": "None", "comprehensiveIncomeNetOfTax": "None", "ebit": "28438000", "ebitda": "36542000", "netIncome": "25971000"}, {"fiscalDateEnding": "2008-12-31", "reportedCurrency": "USD", "grossProfit": "45315000", "totalRevenue": "160363000", "costOfRevenue": "115048000", "costofGoodsAndServicesSold": "115048000", "operatingIncome": "17227000", "sellingGeneralAndAdministrative": "28088000", "researchAndDevelopment": "None", "operatingExpenses": "28088000", "investmentIncomeNet": "None", "netInterestIncome": "None", "interestIncome": "None", "interestExpense": "2607000", "nonInterestIncome": "None", "otherNonOperatingIncome": "None", "depreciation": "None", "depreciationAndAmortization": "10390000", "incomeBeforeTax": "14601000", "incomeTaxExpense": "5382000", "interestAndDebtExpense": "None", "netIncomeFromContinuingOperations": "None", "comprehensiveIncomeNetOfTax": "None", "ebit": "14636000", "ebitda": "25026000", "netIncome": "9219000"}, {"fiscalDateEnding": "2007-12-31", "reportedCurrency": "USD", "grossProfit": "46486000", "totalRevenue": "134906000", "costOfRevenue": "88420000", "costofGoodsAndServicesSold": "88420000", "operatingIncome": "10022000", "sellingGeneralAndAdministrative": "27930000", "researchAndDevelopment": "None", "operatingExpenses": "None", "investmentIncomeNet": "None", "netInterestIncome": "None", "interestIncome": "None", "interestExpense": "0", "nonInterestIncome": "None", "otherNonOperatingIncome": "None", "depreciation": "None", "depreciationAndAmortization": "None", "incomeBeforeTax": "8279000", "incomeTaxExpense": "1564000", "interestAndDebtExpense": "None", "netIncomeFromContinuingOperations": "None", "comprehensiveIncomeNetOfTax": "None", "ebit": "10022000", "ebitda": "None", "netIncome": "6715000"}], "quarterlyReports": [{"fiscalDateEnding": "2025-09-30", "reportedCurrency": "USD", "grossProfit": "11347000", "totalRevenue": "41908000", "costOfRevenue": "30561000", "costofGoodsAndServicesSold": "30561000", "operatingIncome": "521000", "sellingGeneralAndAdministrative": "8955000", "researchAndDevelopment": "None", "operatingExpenses": "10826000", "investmentIncomeNet": "None", "netInterestIncome": "-2125000", "interestIncome": "243000", "interestExpense": "2368000", "nonInterestIncome": "None", "otherNonOperatingIncome": "None", "depreciation": "None", "depreciationAndAmortization": "1718000", "incomeBeforeTax": "-1665000", "incomeTaxExpense": "660000", "interestAndDebtExpense": "None", "netIncomeFromContinuingOperations": "-2325000", "comprehensiveIncomeNetOfTax": "None", "ebit": "703000", "ebitda": "2421000", "netIncome": "-2396000"}, {"fiscalDateEnding": "2025-06-30", "reportedCurrency": "USD", "grossProfit": "13027000", "totalRevenue": "43288000", "costOfRevenue": "30261000", "costofGoodsAndServicesSold": "30261000", "operatingIncome": "3231000", "sellingGeneralAndAdministrative": "7867000", "researchAndDevelopment": "None", "operatingExpenses": "9796000", "investmentIncomeNet": "None", "netInterestIncome": "-2417000", "interestIncome": "198000", "interestExpense": "2615000", "nonInterestIncome": "None", "otherNonOperatingIncome": "None", "depreciation": "None", "depreciationAndAmortization": "1809000", "incomeBeforeTax": "187000", "incomeTaxExpense": "-16471000", "interestAndDebtExpense": "None", "netIncomeFromContinuingOperations": "16658000", "comprehensiveIncomeNetOfTax": "None", "ebit": "2802000", "ebitda": "4611000", "netIncome": "16582000"}, {"fiscalDateEnding": "2025-03-31", "reportedCurrency": "USD", "grossProfit": "13325000", "totalRevenue": "43439000", "costOfRevenue": "30114000", "costofGoodsAndServicesSold": "30114000", "operatingIncome": "3245000", "sellingGeneralAndAdministrative": "8219000", "researchAndDevelopment": "None", "operatingExpenses": "10080000", "investmentIncomeNet": "None", "netInterestIncome": "-4745000", "interestIncome": "193000", "interestExpense": "9600000", "nonInterestIncome": "None", "otherNonOperatingIncome": "None", "depreciation": "None", "depreciationAndAmortization": "1640000", "incomeBeforeTax": "-4529000", "incomeTaxExpense": "742000", "interestAndDebtExpense": "None", "netIncomeFromContinuingOperations": "-5271000", "comprehensiveIncomeNetOfTax": "None", "ebit": "409000", "ebitda": "2049000", "netIncome": "-5344000"}, {"fiscalDateEnding": "2024-12-31", "reportedCurrency": "USD", "grossProfit": "12438000", "totalRevenue": "41013000", "costOfRevenue": "28575000", "costofGoodsAndServicesSold": "28575000", "operatingIncome": "584000", "sellingGeneralAndAdministrative": "9304000", "researchAndDevelopment": "None", "operatingExpenses": "11854000", "investmentIncomeNet": "None", "netInterestIncome": "-9319000", "interestIncome": "281000", "interestExpense": "9600000", "nonInterestIncome": "None", "otherNonOperatingIncome": "None", "depreciation": "None", "depreciationAndAmortization": "1820000", "incomeBeforeTax": "-8373000", "incomeTaxExpense": "344000", "interestAndDebtExpense": "None", "netIncomeFromContinuingOperations": "-8717000", "comprehensiveIncomeNetOfTax": "None", "ebit": "1227000", "ebitda": "3047000", "netIncome": "-8769000"}, {"fiscalDateEnding": "2024-09-30", "reportedCurrency": "USD", "grossProfit": "12070000", "totalRevenue": "40531000", "costOfRevenue": "28461000", "costofGoodsAndServicesSold": "28461000", "operatingIncome": "1105000", "sellingGeneralAndAdministrative": "9107000", "researchAndDevelopment": "None", "operatingExpenses": "10965000", "investmentIncomeNet": "None", "netInterestIncome": "-9641000", "interestIncome": "319000", "interestExpense": "9960000", "nonInterestIncome": "None", "otherNonOperatingIncome": "None", "depreciation": "None", "depreciationAndAmortization": "2233000", "incomeBeforeTax": "-8493000", "incomeTaxExpense": "809000", "interestAndDebtExpense": "None", "netIncomeFromContinuingOperations": "-9302000", "comprehensiveIncomeNetOfTax": "None", "ebit": "1105000", "ebitda": "3338000", "netIncome": "-9362000"}, {"fiscalDateEnding": "2024-06-30", "reportedCurrency": "USD", "grossProfit": "12717000", "totalRevenue": "39121000", "costOfRevenue": "26404000", "costofGoodsAndServicesSold": "26404000", "operatingIncome": "2083000", "sellingGeneralAndAdministrative": "8722000", "researchAndDevelopment": "None", "operatingExpenses": "10634000", "investmentIncomeNet": "None", "netInterestIncome": "-9582000", "interestIncome": "206000", "interestExpense": "9788000", "nonInterestIncome": "None", "otherNonOperatingIncome": "None", "depreciation": "None", "depreciationAndAmortization": "1947000", "incomeBeforeTax": "-7566000", "incomeTaxExpense": "706000", "interestAndDebtExpense": "None", "netIncomeFromContinuingOperations": "-8272000", "comprehensiveIncomeNetOfTax": "None", "ebit": "2222000", "ebitda": "4169000", "netIncome": "-8307000"}, {"fiscalDateEnding": "2024-03-31", "reportedCurrency": "USD", "grossProfit": "12304000", "totalRevenue": "39469000", "costOfRevenue": "27165000", "costofGoodsAndServicesSold": "27165000", "operatingIncome": "-548000", "sellingGeneralAndAdministrative": "10961000", "researchAndDevelopment": "None", "operatingExpenses": "12852000", "investmentIncomeNet": "None", "netInterestIncome": "-9306000", "interestIncome": "223000", "interestExpense": "9529000", "nonInterestIncome": "None", "otherNonOperatingIncome": "None", "depreciation": "None", "depreciationAndAmortization": "1976000", "incomeBeforeTax": "-8435000", "incomeTaxExpense": "722000", "interestAndDebtExpense": "None", "netIncomeFromContinuingOperations": "-9157000", "comprehensiveIncomeNetOfTax": "None", "ebit": "1094000", "ebitda": "3070000", "netIncome": "-9198000"}, {"fiscalDateEnding": "2023-12-31", "reportedCurrency": "USD", "grossProfit": "8427000", "totalRevenue": "34157000", "costOfRevenue": "25730000", "costofGoodsAndServicesSold": "25730000", "operatingIncome": "-2824000", "sellingGeneralAndAdministrative": "2142000", "researchAndDevelopment": "None", "operatingExpenses": "11251000", "investmentIncomeNet": "None", "netInterestIncome": "-9246000", "interestIncome": "303000", "interestExpense": "9549000", "nonInterestIncome": "None", "otherNonOperatingIncome": "None", "depreciation": "None", "depreciationAndAmortization": "1729000", "incomeBeforeTax": "-11950000", "incomeTaxExpense": "1128000", "interestAndDebtExpense": "None", "netIncomeFromContinuingOperations": "-13078000", "comprehensiveIncomeNetOfTax": "None", "ebit": "-2824000", "ebitda": "-1095000", "netIncome": "-13151000"}, {"fiscalDateEnding": "2023-09-30", "reportedCurrency": "USD", "grossProfit": "7189000", "totalRevenue": "36213000", "costOfRevenue": "29024000", "costofGoodsAndServicesSold": "29024000", "operatingIncome": "-3545000", "sellingGeneralAndAdministrative": "8813000", "researchAndDevelopment": "None", "operatingExpenses": "10734000", "investmentIncomeNet": "None", "netInterestIncome": "-9890000", "interestIncome": "262000", "interestExpense": "9890000", "nonInterestIncome": "None", "otherNonOperatingIncome": "None", "depreciation": "None", "depreciationAndAmortization": "2353000", "incomeBeforeTax": "-10862000", "incomeTaxExpense": "418000", "interestAndDebtExpense": "None", "netIncomeFromContinuingOperations": "-11280000", "comprehensiveIncomeNetOfTax": "None", "ebit": "-972000", "ebitda": "1381000", "netIncome": "-11342000"}, {"fiscalDateEnding": "2023-06-30", "reportedCurrency": "USD", "grossProfit": "5532000", "totalRevenue": "35235000", "costOfRevenue": "29703000", "costofGoodsAndServicesSold": "29703000", "operatingIncome": "-6809000", "sellingGeneralAndAdministrative": "10298000", "researchAndDevelopment": "None", "operatingExpenses": "12341000", "investmentIncomeNet": "None", "netInterestIncome": "-9904000", "interestIncome": "315000", "interestExpense": "9904000", "nonInterestIncome": "None", "otherNonOperatingIncome": "-1485000", "depreciation": "None", "depreciationAndAmortization": "2392000", "incomeBeforeTax": "-18198000", "incomeTaxExpense": "639000", "interestAndDebtExpense": "None", "netIncomeFromContinuingOperations": "-18837000", "comprehensiveIncomeNetOfTax": "None", "ebit": "-8294000", "ebitda": "-5902000", "netIncome": "-18850000"}, {"fiscalDateEnding": "2023-03-31", "reportedCurrency": "USD", "grossProfit": "8504000", "totalRevenue": "39461000", "costOfRevenue": "30957000", "costofGoodsAndServicesSold": "30957000", "operatingIncome": "-3590000", "sellingGeneralAndAdministrative": "10188000", "researchAndDevelopment": "None", "operatingExpenses": "12094000", "investmentIncomeNet": "None", "netInterestIncome": "-6760000", "interestIncome": "434000", "interestExpense": "6760000", "nonInterestIncome": "None", "otherNonOperatingIncome": "-988000", "depreciation": "None", "depreciationAndAmortization": "2451000", "incomeBeforeTax": "-11338000", "incomeTaxExpense": "1529000", "interestAndDebtExpense": "None", "netIncomeFromContinuingOperations": "-12947000", "comprehensiveIncomeNetOfTax": "None", "ebit": "-4578000", "ebitda": "-2127000", "netIncome": "-12947000"}, {"fiscalDateEnding": "2022-12-31", "reportedCurrency": "USD", "grossProfit": "8109000", "totalRevenue": "34803000", "costOfRevenue": "26694000", "costofGoodsAndServicesSold": "26694000", "operatingIncome": "-3833000", "sellingGeneralAndAdministrative": "9500000", "researchAndDevelopment": "None", "operatingExpenses": "11942000", "investmentIncomeNet": "None", "netInterestIncome": "-4853000", "interestIncome": "347000", "interestExpense": "5200000", "nonInterestIncome": "None", "otherNonOperatingIncome": "None", "depreciation": "None", "depreciationAndAmortization": "2496000", "incomeBeforeTax": "-8171000", "incomeTaxExpense": "3056000", "interestAndDebtExpense": "None", "netIncomeFromContinuingOperations": "-11227000", "comprehensiveIncomeNetOfTax": "None", "ebit": "-2971000", "ebitda": "-475000", "netIncome": "-11344000"}, {"fiscalDateEnding": "2022-09-30", "reportedCurrency": "USD", "grossProfit": "3993000", "totalRevenue": "38380000", "costOfRevenue": "34387000", "costofGoodsAndServicesSold": "34387000", "operatingIncome": "-10563000", "sellingGeneralAndAdministrative": "12217000", "researchAndDevelopment": "None", "operatingExpenses": "14556000", "investmentIncomeNet": "None", "netInterestIncome": "-4137000", "interestIncome": "212000", "interestExpense": "4349000", "nonInterestIncome": "None", "otherNonOperatingIncome": "459000", "depreciation": "None", "depreciationAndAmortization": "2644000", "incomeBeforeTax": "-14453000", "incomeTaxExpense": "-197000", "interestAndDebtExpense": "None", "netIncomeFromContinuingOperations": "-14389000", "comprehensiveIncomeNetOfTax": "None", "ebit": "-10104000", "ebitda": "-7460000", "netIncome": "-14389000"}, {"fiscalDateEnding": "2022-06-30", "reportedCurrency": "USD", "grossProfit": "4066000", "totalRevenue": "40421000", "costOfRevenue": "36355000", "costofGoodsAndServicesSold": "36355000", "operatingIncome": "-10459000", "sellingGeneralAndAdministrative": "12182000", "researchAndDevelopment": "None", "operatingExpenses": "14525000", "investmentIncomeNet": "None", "netInterestIncome": "-3473000", "interestIncome": "61000", "interestExpense": "3534000", "nonInterestIncome": "None", "otherNonOperatingIncome": "193000", "depreciation": "None", "depreciationAndAmortization": "2773000", "incomeBeforeTax": "-13800000", "incomeTaxExpense": "1521000", "interestAndDebtExpense": "None", "netIncomeFromContinuingOperations": "-15495000", "comprehensiveIncomeNetOfTax": "None", "ebit": "-10266000", "ebitda": "-7493000", "netIncome": "-15495000"}, {"fiscalDateEnding": "2022-03-31", "reportedCurrency": "USD", "grossProfit": "5647000", "totalRevenue": "39516000", "costOfRevenue": "33869000", "costofGoodsAndServicesSold": "33869000", "operatingIncome": "-8327000", "sellingGeneralAndAdministrative": "11466000", "researchAndDevelopment": "None", "operatingExpenses": "13974000", "investmentIncomeNet": "None", "netInterestIncome": "-3511000", "interestIncome": "45000", "interestExpense": "3556000", "nonInterestIncome": "None", "otherNonOperatingIncome": "740000", "depreciation": "None", "depreciationAndAmortization": "3386000", "incomeBeforeTax": "-11143000", "incomeTaxExpense": "886000", "interestAndDebtExpense": "None", "netIncomeFromContinuingOperations": "-12190000", "comprehensiveIncomeNetOfTax": "None", "ebit": "-7587000", "ebitda": "-4201000", "netIncome": "-12190000"}, {"fiscalDateEnding": "2021-12-31", "reportedCurrency": "USD", "grossProfit": "2200000", "totalRevenue": "38704000", "costOfRevenue": "36504000", "costofGoodsAndServicesSold": "36504000", "operatingIncome": "76127000", "sellingGeneralAndAdministrative": "12714000", "researchAndDevelopment": "None", "operatingExpenses": "-73927000", "investmentIncomeNet": "None", "netInterestIncome": "-3843000", "interestIncome": "None", "interestExpense": "3875000", "nonInterestIncome": "None", "otherNonOperatingIncome": "73000", "depreciation": "None", "depreciationAndAmortization": "3992000", "incomeBeforeTax": "72325000", "incomeTaxExpense": "1375000", "interestAndDebtExpense": "None", "netIncomeFromContinuingOperations": "70558000", "comprehensiveIncomeNetOfTax": "None", "ebit": "76172000", "ebitda": "80164000", "netIncome": "70558000"}, {"fiscalDateEnding": "2021-09-30", "reportedCurrency": "USD", "grossProfit": "2576000", "totalRevenue": "43243000", "costOfRevenue": "40667000", "costofGoodsAndServicesSold": "40667000", "operatingIncome": "-14028000", "sellingGeneralAndAdministrative": "13258000", "researchAndDevelopment": "None", "operatingExpenses": "16604000", "investmentIncomeNet": "None", "netInterestIncome": "-3755000", "interestIncome": "0", "interestExpense": "3755000", "nonInterestIncome": "None", "otherNonOperatingIncome": "-115000", "depreciation": "None", "depreciationAndAmortization": "5644000", "incomeBeforeTax": "-17898000", "incomeTaxExpense": "430000", "interestAndDebtExpense": "None", "netIncomeFromContinuingOperations": "-18269000", "comprehensiveIncomeNetOfTax": "None", "ebit": "-14143000", "ebitda": "-8499000", "netIncome": "-18269000"}, {"fiscalDateEnding": "2021-06-30", "reportedCurrency": "USD", "grossProfit": "2004000", "totalRevenue": "46041000", "costOfRevenue": "44037000", "costofGoodsAndServicesSold": "44037000", "operatingIncome": "-14552000", "sellingGeneralAndAdministrative": "12594000", "researchAndDevelopment": "None", "operatingExpenses": "16556000", "investmentIncomeNet": "None", "netInterestIncome": "-3482000", "interestIncome": "None", "interestExpense": "3482000", "nonInterestIncome": "None", "otherNonOperatingIncome": "-43000", "depreciation": "None", "depreciationAndAmortization": "6648000", "incomeBeforeTax": "-18070000", "incomeTaxExpense": "584000", "interestAndDebtExpense": "None", "netIncomeFromContinuingOperations": "-18654000", "comprehensiveIncomeNetOfTax": "None", "ebit": "-14588000", "ebitda": "-7940000", "netIncome": "-18475000"}, {"fiscalDateEnding": "2021-03-31", "reportedCurrency": "USD", "grossProfit": "307000", "totalRevenue": "50465000", "costOfRevenue": "50158000", "costofGoodsAndServicesSold": "50158000", "operatingIncome": "-18579000", "sellingGeneralAndAdministrative": "15429000", "researchAndDevelopment": "None", "operatingExpenses": "18886000", "investmentIncomeNet": "None", "netInterestIncome": "-3463000", "interestIncome": "None", "interestExpense": "3463000", "nonInterestIncome": "None", "otherNonOperatingIncome": "949000", "depreciation": "None", "depreciationAndAmortization": "5710000", "incomeBeforeTax": "-21072000", "incomeTaxExpense": "843000", "interestAndDebtExpense": "None", "netIncomeFromContinuingOperations": "-22002000", "comprehensiveIncomeNetOfTax": "None", "ebit": "-17609000", "ebitda": "-11899000", "netIncome": "-22002000"}, {"fiscalDateEnding": "2020-12-31", "reportedCurrency": "USD", "grossProfit": "4551000", "totalRevenue": "59966000", "costOfRevenue": "55415000", "costofGoodsAndServicesSold": "55415000", "operatingIncome": "-15630000", "sellingGeneralAndAdministrative": "14668000", "researchAndDevelopment": "None", "operatingExpenses": "20181000", "investmentIncomeNet": "None", "netInterestIncome": "-4456000", "interestIncome": "9000", "interestExpense": "4465000", "nonInterestIncome": "None", "otherNonOperatingIncome": "16400000", "depreciation": "None", "depreciationAndAmortization": "8883000", "incomeBeforeTax": "-3695000", "incomeTaxExpense": "3314000", "interestAndDebtExpense": "None", "netIncomeFromContinuingOperations": "-7208000", "comprehensiveIncomeNetOfTax": "None", "ebit": "770000", "ebitda": "9653000", "netIncome": "-7208000"}, {"fiscalDateEnding": "2020-09-30", "reportedCurrency": "USD", "grossProfit": "16225000", "totalRevenue": "88795000", "costOfRevenue": "72570000", "costofGoodsAndServicesSold": "72570000", "operatingIncome": "-6814000", "sellingGeneralAndAdministrative": "15299000", "researchAndDevelopment": "None", "operatingExpenses": "23039000", "investmentIncomeNet": "None", "netInterestIncome": "-4078000", "interestIncome": "25000", "interestExpense": "4103000", "nonInterestIncome": "None", "otherNonOperatingIncome": "-223000", "depreciation": "None", "depreciationAndAmortization": "10748000", "incomeBeforeTax": "-11140000", "incomeTaxExpense": "1757000", "interestAndDebtExpense": "None", "netIncomeFromContinuingOperations": "-13237000", "comprehensiveIncomeNetOfTax": "None", "ebit": "-7037000", "ebitda": "3711000", "netIncome": "-13237000"}, {"fiscalDateEnding": "2020-06-30", "reportedCurrency": "USD", "grossProfit": "12714000", "totalRevenue": "95342000", "costOfRevenue": "82628000", "costofGoodsAndServicesSold": "82628000", "operatingIncome": "-17756000", "sellingGeneralAndAdministrative": "20366000", "researchAndDevelopment": "None", "operatingExpenses": "30470000", "investmentIncomeNet": "None", "netInterestIncome": "-4440000", "interestIncome": "6000", "interestExpense": "4446000", "nonInterestIncome": "None", "otherNonOperatingIncome": "-11545000", "depreciation": "None", "depreciationAndAmortization": "9192000", "incomeBeforeTax": "-33747000", "incomeTaxExpense": "1117000", "interestAndDebtExpense": "None", "netIncomeFromContinuingOperations": "-34864000", "comprehensiveIncomeNetOfTax": "None", "ebit": "-29301000", "ebitda": "-20109000", "netIncome": "-35061000"}, {"fiscalDateEnding": "2020-03-31", "reportedCurrency": "USD", "grossProfit": "26863000", "totalRevenue": "121444000", "costOfRevenue": "94581000", "costofGoodsAndServicesSold": "94581000", "operatingIncome": "-4155000", "sellingGeneralAndAdministrative": "21778000", "researchAndDevelopment": "None", "operatingExpenses": "31018000", "investmentIncomeNet": "None", "netInterestIncome": "-4642000", "interestIncome": "74000", "interestExpense": "4716000", "nonInterestIncome": "None", "otherNonOperatingIncome": "-253000", "depreciation": "None", "depreciationAndAmortization": "11032000", "incomeBeforeTax": "-9124000", "incomeTaxExpense": "2421000", "interestAndDebtExpense": "None", "netIncomeFromContinuingOperations": "-11545000", "comprehensiveIncomeNetOfTax": "None", "ebit": "-4408000", "ebitda": "6624000", "netIncome": "-11650000"}, {"fiscalDateEnding": "2019-12-31", "reportedCurrency": "USD", "grossProfit": "35083000", "totalRevenue": "140688000", "costOfRevenue": "105605000", "costofGoodsAndServicesSold": "105605000", "operatingIncome": "-6462000", "sellingGeneralAndAdministrative": "30707000", "researchAndDevelopment": "None", "operatingExpenses": "41545000", "investmentIncomeNet": "None", "netInterestIncome": "-4731000", "interestIncome": "6000", "interestExpense": "4737000", "nonInterestIncome": "None", "otherNonOperatingIncome": "2740000", "depreciation": "None", "depreciationAndAmortization": "10469000", "incomeBeforeTax": "-8459000", "incomeTaxExpense": "297626000", "interestAndDebtExpense": "None", "netIncomeFromContinuingOperations": "-306085000", "comprehensiveIncomeNetOfTax": "None", "ebit": "-3722000", "ebitda": "6747000", "netIncome": "-306106000"}, {"fiscalDateEnding": "2019-09-30", "reportedCurrency": "USD", "grossProfit": "30587000", "totalRevenue": "141493000", "costOfRevenue": "110906000", "costofGoodsAndServicesSold": "110906000", "operatingIncome": "18200000", "sellingGeneralAndAdministrative": "24749000", "researchAndDevelopment": "None", "operatingExpenses": "27184000", "investmentIncomeNet": "None", "netInterestIncome": "-3288000", "interestIncome": "69000", "interestExpense": "4892000", "nonInterestIncome": "None", "otherNonOperatingIncome": "-1888000", "depreciation": "None", "depreciationAndAmortization": "9324000", "incomeBeforeTax": "12955000", "incomeTaxExpense": "5379000", "interestAndDebtExpense": "None", "netIncomeFromContinuingOperations": "7576000", "comprehensiveIncomeNetOfTax": "None", "ebit": "3809000", "ebitda": "13133000", "netIncome": "7165000"}, {"fiscalDateEnding": "2019-06-30", "reportedCurrency": "USD", "grossProfit": "43894000", "totalRevenue": "196535000", "costOfRevenue": "152641000", "costofGoodsAndServicesSold": "152641000", "operatingIncome": "6144000", "sellingGeneralAndAdministrative": "25251000", "researchAndDevelopment": "None", "operatingExpenses": "35851000", "investmentIncomeNet": "None", "netInterestIncome": "-6434000", "interestIncome": "116000", "interestExpense": "5812000", "nonInterestIncome": "None", "otherNonOperatingIncome": "12315000", "depreciation": "None", "depreciationAndAmortization": "11490000", "incomeBeforeTax": "11909000", "incomeTaxExpense": "16513000", "interestAndDebtExpense": "None", "netIncomeFromContinuingOperations": "-4604000", "comprehensiveIncomeNetOfTax": "None", "ebit": "13280000", "ebitda": "24770000", "netIncome": "-5844000"}, {"fiscalDateEnding": "2019-03-31", "reportedCurrency": "USD", "grossProfit": "45831000", "totalRevenue": "169935000", "costOfRevenue": "124104000", "costofGoodsAndServicesSold": "124104000", "operatingIncome": "171000", "sellingGeneralAndAdministrative": "25348000", "researchAndDevelopment": "None", "operatingExpenses": "41240000", "investmentIncomeNet": "None", "netInterestIncome": "-6598000", "interestIncome": "3563000", "interestExpense": "5952000", "nonInterestIncome": "None", "otherNonOperatingIncome": "2612000", "depreciation": "None", "depreciationAndAmortization": "18016000", "incomeBeforeTax": "-3966000", "incomeTaxExpense": "-1222000", "interestAndDebtExpense": "None", "netIncomeFromContinuingOperations": "-2744000", "comprehensiveIncomeNetOfTax": "None", "ebit": "1986000", "ebitda": "20002000", "netIncome": "-3184000"}, {"fiscalDateEnding": "2018-12-31", "reportedCurrency": "USD", "grossProfit": "53448000", "totalRevenue": "217633000", "costOfRevenue": "164185000", "costofGoodsAndServicesSold": "164185000", "operatingIncome": "2031000", "sellingGeneralAndAdministrative": "31823000", "researchAndDevelopment": "0", "operatingExpenses": "43293000", "investmentIncomeNet": "None", "netInterestIncome": "None", "interestIncome": "None", "interestExpense": "6639000", "nonInterestIncome": "None", "otherNonOperatingIncome": "-8221000", "depreciation": "None", "depreciationAndAmortization": "13157000", "incomeBeforeTax": "-12829000", "incomeTaxExpense": "-1961000", "interestAndDebtExpense": "None", "netIncomeFromContinuingOperations": "-17544000", "comprehensiveIncomeNetOfTax": "None", "ebit": "10155000", "ebitda": "23312000", "netIncome": "-11485000"}, {"fiscalDateEnding": "2018-09-30", "reportedCurrency": "USD", "grossProfit": "56995000", "totalRevenue": "204575000", "costOfRevenue": "147580000", "costofGoodsAndServicesSold": "147580000", "operatingIncome": "20918000", "sellingGeneralAndAdministrative": "34388000", "researchAndDevelopment": "0", "operatingExpenses": "46329000", "investmentIncomeNet": "None", "netInterestIncome": "None", "interestIncome": "None", "interestExpense": "6725000", "nonInterestIncome": "None", "otherNonOperatingIncome": "1936000", "depreciation": "None", "depreciationAndAmortization": "14314000", "incomeBeforeTax": "16129000", "incomeTaxExpense": "6608000", "interestAndDebtExpense": "None", "netIncomeFromContinuingOperations": "15275000", "comprehensiveIncomeNetOfTax": "None", "ebit": "10666000", "ebitda": "24980000", "netIncome": "8667000"}, {"fiscalDateEnding": "2018-06-30", "reportedCurrency": "USD", "grossProfit": "55350000", "totalRevenue": "218556000", "costOfRevenue": "163206000", "costofGoodsAndServicesSold": "163206000", "operatingIncome": "12426000", "sellingGeneralAndAdministrative": "29452000", "researchAndDevelopment": "0", "operatingExpenses": "42924000", "investmentIncomeNet": "None", "netInterestIncome": "None", "interestIncome": "None", "interestExpense": "7027000", "nonInterestIncome": "None", "otherNonOperatingIncome": "-2328000", "depreciation": "None", "depreciationAndAmortization": "15872000", "incomeBeforeTax": "3071000", "incomeTaxExpense": "816000", "interestAndDebtExpense": "None", "netIncomeFromContinuingOperations": "2384000", "comprehensiveIncomeNetOfTax": "None", "ebit": "12426000", "ebitda": "28298000", "netIncome": "1568000"}, {"fiscalDateEnding": "2018-03-31", "reportedCurrency": "USD", "grossProfit": "50244000", "totalRevenue": "197438000", "costOfRevenue": "147194000", "costofGoodsAndServicesSold": "147194000", "operatingIncome": "7120000", "sellingGeneralAndAdministrative": "30102000", "researchAndDevelopment": "0", "operatingExpenses": "43124000", "investmentIncomeNet": "None", "netInterestIncome": "None", "interestIncome": "None", "interestExpense": "5863000", "nonInterestIncome": "None", "otherNonOperatingIncome": "-6229000", "depreciation": "None", "depreciationAndAmortization": "15868000", "incomeBeforeTax": "-4972000", "incomeTaxExpense": "-1365000", "interestAndDebtExpense": "None", "netIncomeFromContinuingOperations": "-5497000", "comprehensiveIncomeNetOfTax": "None", "ebit": "7120000", "ebitda": "22988000", "netIncome": "-4132000"}, {"fiscalDateEnding": "2017-12-31", "reportedCurrency": "USD", "grossProfit": "54445000", "totalRevenue": "216066000", "costOfRevenue": "161621000", "costofGoodsAndServicesSold": "161621000", "operatingIncome": "8596000", "sellingGeneralAndAdministrative": "31302000", "researchAndDevelopment": "0", "operatingExpenses": "45849000", "investmentIncomeNet": "None", "netInterestIncome": "None", "interestIncome": "None", "interestExpense": "5391000", "nonInterestIncome": "None", "otherNonOperatingIncome": "-93000", "depreciation": "None", "depreciationAndAmortization": "17260000", "incomeBeforeTax": "3112000", "incomeTaxExpense": "-283871000", "interestAndDebtExpense": "None", "netIncomeFromContinuingOperations": "286350000", "comprehensiveIncomeNetOfTax": "None", "ebit": "11296000", "ebitda": "28556000", "netIncome": "286350000"}, {"fiscalDateEnding": "2017-09-30", "reportedCurrency": "USD", "grossProfit": "60081000", "totalRevenue": "234979000", "costOfRevenue": "174898000", "costofGoodsAndServicesSold": "174898000", "operatingIncome": "13459000", "sellingGeneralAndAdministrative": "31740000", "researchAndDevelopment": "0", "operatingExpenses": "46622000", "investmentIncomeNet": "None", "netInterestIncome": "None", "interestIncome": "None", "interestExpense": "5599000", "nonInterestIncome": "None", "otherNonOperatingIncome": "2497000", "depreciation": "None", "depreciationAndAmortization": "17120000", "incomeBeforeTax": "10357000", "incomeTaxExpense": "2591000", "interestAndDebtExpense": "None", "netIncomeFromContinuingOperations": "6961000", "comprehensiveIncomeNetOfTax": "None", "ebit": "13459000", "ebitda": "30579000", "netIncome": "6961000"}, {"fiscalDateEnding": "2017-06-30", "reportedCurrency": "USD", "grossProfit": "65292000", "totalRevenue": "250685000", "costOfRevenue": "185393000", "costofGoodsAndServicesSold": "185393000", "operatingIncome": "12822000", "sellingGeneralAndAdministrative": "37019000", "researchAndDevelopment": "0", "operatingExpenses": "52470000", "investmentIncomeNet": "None", "netInterestIncome": "None", "interestIncome": "None", "interestExpense": "5465000", "nonInterestIncome": "None", "otherNonOperatingIncome": "4803000", "depreciation": "None", "depreciationAndAmortization": "18280000", "incomeBeforeTax": "12160000", "incomeTaxExpense": "2438000", "interestAndDebtExpense": "None", "netIncomeFromContinuingOperations": "9035000", "comprehensiveIncomeNetOfTax": "None", "ebit": "12822000", "ebitda": "31102000", "netIncome": "9035000"}, {"fiscalDateEnding": "2017-03-31", "reportedCurrency": "USD", "grossProfit": "62530000", "totalRevenue": "240483000", "costOfRevenue": "177953000", "costofGoodsAndServicesSold": "177953000", "operatingIncome": "14829000", "sellingGeneralAndAdministrative": "31865000", "researchAndDevelopment": "0", "operatingExpenses": "47701000", "investmentIncomeNet": "None", "netInterestIncome": "None", "interestIncome": "None", "interestExpense": "5798000", "nonInterestIncome": "None", "otherNonOperatingIncome": "715000", "depreciation": "None", "depreciationAndAmortization": "19154000", "incomeBeforeTax": "9746000", "incomeTaxExpense": "2586000", "interestAndDebtExpense": "None", "netIncomeFromContinuingOperations": "6545000", "comprehensiveIncomeNetOfTax": "None", "ebit": "14829000", "ebitda": "33983000", "netIncome": "6545000"}, {"fiscalDateEnding": "2016-12-31", "reportedCurrency": "USD", "grossProfit": "65818000", "totalRevenue": "238627000", "costOfRevenue": "172809000", "costofGoodsAndServicesSold": "172809000", "operatingIncome": "-14628000", "sellingGeneralAndAdministrative": "32406000", "researchAndDevelopment": "0", "operatingExpenses": "52446000", "investmentIncomeNet": "None", "netInterestIncome": "None", "interestIncome": "None", "interestExpense": "5931000", "nonInterestIncome": "None", "otherNonOperatingIncome": "1022000", "depreciation": "None", "depreciationAndAmortization": "20411000", "incomeBeforeTax": "-19537000", "incomeTaxExpense": "127000", "interestAndDebtExpense": "None", "netIncomeFromContinuingOperations": "-19664000", "comprehensiveIncomeNetOfTax": "None", "ebit": "7504000", "ebitda": "27915000", "netIncome": "-20384000"}, {"fiscalDateEnding": "2016-09-30", "reportedCurrency": "USD", "grossProfit": "78743000", "totalRevenue": "252745000", "costOfRevenue": "174002000", "costofGoodsAndServicesSold": "174002000", "operatingIncome": "24857000", "sellingGeneralAndAdministrative": "30589000", "researchAndDevelopment": "0", "operatingExpenses": "53886000", "investmentIncomeNet": "None", "netInterestIncome": "None", "interestIncome": "None", "interestExpense": "5952000", "nonInterestIncome": "None", "otherNonOperatingIncome": "-109000", "depreciation": "None", "depreciationAndAmortization": "20640000", "incomeBeforeTax": "18796000", "incomeTaxExpense": "7324000", "interestAndDebtExpense": "None", "netIncomeFromContinuingOperations": "11472000", "comprehensiveIncomeNetOfTax": "None", "ebit": "24857000", "ebitda": "45497000", "netIncome": "10589000"}, {"fiscalDateEnding": "2016-06-30", "reportedCurrency": "USD", "grossProfit": "81428000", "totalRevenue": "255799000", "costOfRevenue": "174371000", "costofGoodsAndServicesSold": "174371000", "operatingIncome": "27221000", "sellingGeneralAndAdministrative": "33428000", "researchAndDevelopment": "0", "operatingExpenses": "54207000", "investmentIncomeNet": "None", "netInterestIncome": "None", "interestIncome": "None", "interestExpense": "5988000", "nonInterestIncome": "None", "otherNonOperatingIncome": "2744000", "depreciation": "None", "depreciationAndAmortization": "21894000", "incomeBeforeTax": "23977000", "incomeTaxExpense": "3291000", "interestAndDebtExpense": "None", "netIncomeFromContinuingOperations": "20686000", "comprehensiveIncomeNetOfTax": "None", "ebit": "27221000", "ebitda": "49115000", "netIncome": "19994000"}, {"fiscalDateEnding": "2016-03-31", "reportedCurrency": "USD", "grossProfit": "81269000", "totalRevenue": "250132000", "costOfRevenue": "168863000", "costofGoodsAndServicesSold": "168863000", "operatingIncome": "27653000", "sellingGeneralAndAdministrative": "32308000", "researchAndDevelopment": "0", "operatingExpenses": "53616000", "investmentIncomeNet": "None", "netInterestIncome": "None", "interestIncome": "None", "interestExpense": "6541000", "nonInterestIncome": "None", "otherNonOperatingIncome": "-27000", "depreciation": "None", "depreciationAndAmortization": "21419000", "incomeBeforeTax": "21085000", "incomeTaxExpense": "2193000", "interestAndDebtExpense": "None", "netIncomeFromContinuingOperations": "18892000", "comprehensiveIncomeNetOfTax": "None", "ebit": "27653000", "ebitda": "49072000", "netIncome": "18494000"}, {"fiscalDateEnding": "2015-12-31", "reportedCurrency": "USD", "grossProfit": "97395000", "totalRevenue": "269887000", "costOfRevenue": "172492000", "costofGoodsAndServicesSold": "172492000", "operatingIncome": "-39948000", "sellingGeneralAndAdministrative": "40892000", "researchAndDevelopment": "0", "operatingExpenses": "65558000", "investmentIncomeNet": "None", "netInterestIncome": "None", "interestIncome": "None", "interestExpense": "6812000", "nonInterestIncome": "None", "otherNonOperatingIncome": "2568000", "depreciation": "None", "depreciationAndAmortization": "21973000", "incomeBeforeTax": "-44192000", "incomeTaxExpense": "159000", "interestAndDebtExpense": "None", "netIncomeFromContinuingOperations": "-44351000", "comprehensiveIncomeNetOfTax": "None", "ebit": "-37380000", "ebitda": "-15407000", "netIncome": "-45096000"}, {"fiscalDateEnding": "2015-09-30", "reportedCurrency": "USD", "grossProfit": "98926000", "totalRevenue": "272776000", "costOfRevenue": "173850000", "costofGoodsAndServicesSold": "173850000", "operatingIncome": "47588000", "sellingGeneralAndAdministrative": "31505000", "researchAndDevelopment": "0", "operatingExpenses": "51338000", "investmentIncomeNet": "None", "netInterestIncome": "None", "interestIncome": "None", "interestExpense": "7041000", "nonInterestIncome": "None", "otherNonOperatingIncome": "653000", "depreciation": "None", "depreciationAndAmortization": "19323000", "incomeBeforeTax": "41200000", "incomeTaxExpense": "3303000", "interestAndDebtExpense": "None", "netIncomeFromContinuingOperations": "37897000", "comprehensiveIncomeNetOfTax": "None", "ebit": "47588000", "ebitda": "66911000", "netIncome": "37046000"}, {"fiscalDateEnding": "2015-06-30", "reportedCurrency": "USD", "grossProfit": "100162000", "totalRevenue": "268321000", "costOfRevenue": "168159000", "costofGoodsAndServicesSold": "168159000", "operatingIncome": "56187000", "sellingGeneralAndAdministrative": "34316000", "researchAndDevelopment": "0", "operatingExpenses": "51566000", "investmentIncomeNet": "None", "netInterestIncome": "None", "interestIncome": "None", "interestExpense": "7195000", "nonInterestIncome": "None", "otherNonOperatingIncome": "2252000", "depreciation": "None", "depreciationAndAmortization": "18592000", "incomeBeforeTax": "51244000", "incomeTaxExpense": "4398000", "interestAndDebtExpense": "None", "netIncomeFromContinuingOperations": "46846000", "comprehensiveIncomeNetOfTax": "None", "ebit": "48596000", "ebitda": "67188000", "netIncome": "45950000"}, {"fiscalDateEnding": "2015-03-31", "reportedCurrency": "USD", "grossProfit": "67656000", "totalRevenue": "240482000", "costOfRevenue": "172826000", "costofGoodsAndServicesSold": "172826000", "operatingIncome": "15250000", "sellingGeneralAndAdministrative": "35740000", "researchAndDevelopment": "0", "operatingExpenses": "52406000", "investmentIncomeNet": "None", "netInterestIncome": "None", "interestIncome": "None", "interestExpense": "7160000", "nonInterestIncome": "None", "otherNonOperatingIncome": "-3282000", "depreciation": "None", "depreciationAndAmortization": "17717000", "incomeBeforeTax": "4808000", "incomeTaxExpense": "400000", "interestAndDebtExpense": "None", "netIncomeFromContinuingOperations": "4408000", "comprehensiveIncomeNetOfTax": "None", "ebit": "18050000", "ebitda": "35767000", "netIncome": "3698000"}, {"fiscalDateEnding": "2014-12-31", "reportedCurrency": "USD", "grossProfit": "69235000", "totalRevenue": "255887000", "costOfRevenue": "186652000", "costofGoodsAndServicesSold": "186652000", "operatingIncome": "7256000", "sellingGeneralAndAdministrative": "46124000", "researchAndDevelopment": "0", "operatingExpenses": "61979000", "investmentIncomeNet": "None", "netInterestIncome": "None", "interestIncome": "None", "interestExpense": "7323000", "nonInterestIncome": "None", "otherNonOperatingIncome": "39000", "depreciation": "None", "depreciationAndAmortization": "16350000", "incomeBeforeTax": "-28000", "incomeTaxExpense": "878000", "interestAndDebtExpense": "None", "netIncomeFromContinuingOperations": "-906000", "comprehensiveIncomeNetOfTax": "None", "ebit": "7256000", "ebitda": "23606000", "netIncome": "-1535000"}, {"fiscalDateEnding": "2014-09-30", "reportedCurrency": "USD", "grossProfit": "98964000", "totalRevenue": "287688000", "costOfRevenue": "188724000", "costofGoodsAndServicesSold": "188724000", "operatingIncome": "52216000", "sellingGeneralAndAdministrative": "28898000", "researchAndDevelopment": "0", "operatingExpenses": "46748000", "investmentIncomeNet": "None", "netInterestIncome": "None", "interestIncome": "None", "interestExpense": "6480000", "nonInterestIncome": "None", "otherNonOperatingIncome": "131000", "depreciation": "None", "depreciationAndAmortization": "17428000", "incomeBeforeTax": "45867000", "incomeTaxExpense": "2752000", "interestAndDebtExpense": "None", "netIncomeFromContinuingOperations": "43115000", "comprehensiveIncomeNetOfTax": "None", "ebit": "52216000", "ebitda": "69644000", "netIncome": "42287000"}, {"fiscalDateEnding": "2014-06-30", "reportedCurrency": "USD", "grossProfit": "112073000", "totalRevenue": "296072000", "costOfRevenue": "183999000", "costofGoodsAndServicesSold": "183999000", "operatingIncome": "63052000", "sellingGeneralAndAdministrative": "29957000", "researchAndDevelopment": "0", "operatingExpenses": "49021000", "investmentIncomeNet": "None", "netInterestIncome": "None", "interestIncome": "None", "interestExpense": "4784000", "nonInterestIncome": "None", "otherNonOperatingIncome": "-43000", "depreciation": "None", "depreciationAndAmortization": "17236000", "incomeBeforeTax": "58225000", "incomeTaxExpense": "3493000", "interestAndDebtExpense": "None", "netIncomeFromContinuingOperations": "54732000", "comprehensiveIncomeNetOfTax": "None", "ebit": "62601000", "ebitda": "79837000", "netIncome": "54101000"}, {"fiscalDateEnding": "2014-03-31", "reportedCurrency": "USD", "grossProfit": "91464000", "totalRevenue": "239269000", "costOfRevenue": "147805000", "costofGoodsAndServicesSold": "147805000", "operatingIncome": "47930000", "sellingGeneralAndAdministrative": "32513000", "researchAndDevelopment": "0", "operatingExpenses": "43534000", "investmentIncomeNet": "None", "netInterestIncome": "None", "interestIncome": "None", "interestExpense": "4776000", "nonInterestIncome": "None", "otherNonOperatingIncome": "47000", "depreciation": "None", "depreciationAndAmortization": "15712000", "incomeBeforeTax": "43201000", "incomeTaxExpense": "3055000", "interestAndDebtExpense": "None", "netIncomeFromContinuingOperations": "40146000", "comprehensiveIncomeNetOfTax": "None", "ebit": "47930000", "ebitda": "63642000", "netIncome": "39631000"}, {"fiscalDateEnding": "2013-12-31", "reportedCurrency": "USD", "grossProfit": "78300000", "totalRevenue": "222585000", "costOfRevenue": "144285000", "costofGoodsAndServicesSold": "144285000", "operatingIncome": "44517000", "sellingGeneralAndAdministrative": "23272000", "researchAndDevelopment": "0", "operatingExpenses": "33783000", "investmentIncomeNet": "None", "netInterestIncome": "None", "interestIncome": "None", "interestExpense": "5989000", "nonInterestIncome": "None", "otherNonOperatingIncome": "28000", "depreciation": "None", "depreciationAndAmortization": "14584000", "incomeBeforeTax": "38556000", "incomeTaxExpense": "2313000", "interestAndDebtExpense": "None", "netIncomeFromContinuingOperations": "36243000", "comprehensiveIncomeNetOfTax": "None", "ebit": "44517000", "ebitda": "59101000", "netIncome": "35516000"}, {"fiscalDateEnding": "2013-09-30", "reportedCurrency": "USD", "grossProfit": "76574000", "totalRevenue": "210835000", "costOfRevenue": "134261000", "costofGoodsAndServicesSold": "134261000", "operatingIncome": "45055000", "sellingGeneralAndAdministrative": "21509000", "researchAndDevelopment": "0", "operatingExpenses": "31519000", "investmentIncomeNet": "None", "netInterestIncome": "None", "interestIncome": "None", "interestExpense": "6188000", "nonInterestIncome": "None", "otherNonOperatingIncome": "-253000", "depreciation": "None", "depreciationAndAmortization": "13105000", "incomeBeforeTax": "38614000", "incomeTaxExpense": "1659000", "interestAndDebtExpense": "None", "netIncomeFromContinuingOperations": "36955000", "comprehensiveIncomeNetOfTax": "None", "ebit": "45055000", "ebitda": "58160000", "netIncome": "36008000"}, {"fiscalDateEnding": "2013-06-30", "reportedCurrency": "USD", "grossProfit": "69138000", "totalRevenue": "186110000", "costOfRevenue": "116972000", "costofGoodsAndServicesSold": "116972000", "operatingIncome": "39310000", "sellingGeneralAndAdministrative": "19733000", "researchAndDevelopment": "0", "operatingExpenses": "29828000", "investmentIncomeNet": "None", "netInterestIncome": "None", "interestIncome": "None", "interestExpense": "4902000", "nonInterestIncome": "None", "otherNonOperatingIncome": "77000", "depreciation": "None", "depreciationAndAmortization": "13619000", "incomeBeforeTax": "34485000", "incomeTaxExpense": "2417000", "interestAndDebtExpense": "None", "netIncomeFromContinuingOperations": "32068000", "comprehensiveIncomeNetOfTax": "None", "ebit": "39387000", "ebitda": "53006000", "netIncome": "30931000"}, {"fiscalDateEnding": "2013-03-31", "reportedCurrency": "USD", "grossProfit": "51865000", "totalRevenue": "148827000", "costOfRevenue": "96962000", "costofGoodsAndServicesSold": "96962000", "operatingIncome": "33185000", "sellingGeneralAndAdministrative": "16487000", "researchAndDevelopment": "0", "operatingExpenses": "18680000", "investmentIncomeNet": "None", "netInterestIncome": "None", "interestIncome": "None", "interestExpense": "3212000", "nonInterestIncome": "None", "otherNonOperatingIncome": "705000", "depreciation": "None", "depreciationAndAmortization": "5924000", "incomeBeforeTax": "30678000", "incomeTaxExpense": "2151000", "interestAndDebtExpense": "None", "netIncomeFromContinuingOperations": "28527000", "comprehensiveIncomeNetOfTax": "None", "ebit": "33890000", "ebitda": "39814000", "netIncome": "27518000"}, {"fiscalDateEnding": "2012-12-31", "reportedCurrency": "USD", "grossProfit": "53685000", "totalRevenue": "141101000", "costOfRevenue": "87416000", "costofGoodsAndServicesSold": "87416000", "operatingIncome": "33458000", "sellingGeneralAndAdministrative": "4314000", "researchAndDevelopment": "0", "operatingExpenses": "20227000", "investmentIncomeNet": "None", "netInterestIncome": "None", "interestIncome": "None", "interestExpense": "1171000", "nonInterestIncome": "None", "otherNonOperatingIncome": "-649000", "depreciation": "None", "depreciationAndAmortization": "4935000", "incomeBeforeTax": "31599000", "incomeTaxExpense": "245000", "interestAndDebtExpense": "None", "netIncomeFromContinuingOperations": "31354000", "comprehensiveIncomeNetOfTax": "None", "ebit": "32770000", "ebitda": "37705000", "netIncome": "30293000"}, {"fiscalDateEnding": "2012-09-30", "reportedCurrency": "USD", "grossProfit": "49701000", "totalRevenue": "143988000", "costOfRevenue": "94287000", "costofGoodsAndServicesSold": "94287000", "operatingIncome": "31249000", "sellingGeneralAndAdministrative": "16550000", "researchAndDevelopment": "0", "operatingExpenses": "18452000", "investmentIncomeNet": "None", "netInterestIncome": "None", "interestIncome": "None", "interestExpense": "10000", "nonInterestIncome": "None", "otherNonOperatingIncome": "-267000", "depreciation": "None", "depreciationAndAmortization": "5039000", "incomeBeforeTax": "30982000", "incomeTaxExpense": "2898000", "interestAndDebtExpense": "None", "netIncomeFromContinuingOperations": "28084000", "comprehensiveIncomeNetOfTax": "None", "ebit": "30992000", "ebitda": "36031000", "netIncome": "27024000"}, {"fiscalDateEnding": "2012-06-30", "reportedCurrency": "USD", "grossProfit": "51467000", "totalRevenue": "144205000", "costOfRevenue": "92738000", "costofGoodsAndServicesSold": "92738000", "operatingIncome": "32449000", "sellingGeneralAndAdministrative": "17117000", "researchAndDevelopment": "0", "operatingExpenses": "19018000", "investmentIncomeNet": "None", "netInterestIncome": "None", "interestIncome": "None", "interestExpense": "14000", "nonInterestIncome": "None", "otherNonOperatingIncome": "-321000", "depreciation": "None", "depreciationAndAmortization": "4213000", "incomeBeforeTax": "32128000", "incomeTaxExpense": "2776000", "interestAndDebtExpense": "None", "netIncomeFromContinuingOperations": "29352000", "comprehensiveIncomeNetOfTax": "None", "ebit": "32142000", "ebitda": "36355000", "netIncome": "28081000"}, {"fiscalDateEnding": "2012-03-31", "reportedCurrency": "USD", "grossProfit": "47306000", "totalRevenue": "139066000", "costOfRevenue": "91760000", "costofGoodsAndServicesSold": "91760000", "operatingIncome": "30291000", "sellingGeneralAndAdministrative": "15188000", "researchAndDevelopment": "0", "operatingExpenses": "17015000", "investmentIncomeNet": "None", "netInterestIncome": "None", "interestIncome": "None", "interestExpense": "15000", "nonInterestIncome": "None", "otherNonOperatingIncome": "-351000", "depreciation": "None", "depreciationAndAmortization": "3619000", "incomeBeforeTax": "29940000", "incomeTaxExpense": "2819000", "interestAndDebtExpense": "None", "netIncomeFromContinuingOperations": "27121000", "comprehensiveIncomeNetOfTax": "None", "ebit": "29955000", "ebitda": "33574000", "netIncome": "25229000"}, {"fiscalDateEnding": "2011-12-31", "reportedCurrency": "USD", "grossProfit": "47492000", "totalRevenue": "131956000", "costOfRevenue": "84464000", "costofGoodsAndServicesSold": "84464000", "operatingIncome": "30848000", "sellingGeneralAndAdministrative": "14981000", "researchAndDevelopment": "0", "operatingExpenses": "16644000", "investmentIncomeNet": "None", "netInterestIncome": "None", "interestIncome": "None", "interestExpense": "18000", "nonInterestIncome": "None", "otherNonOperatingIncome": "None", "depreciation": "None", "depreciationAndAmortization": "3516000", "incomeBeforeTax": "30757000", "incomeTaxExpense": "2566000", "interestAndDebtExpense": "None", "netIncomeFromContinuingOperations": "0", "comprehensiveIncomeNetOfTax": "None", "ebit": "30775000", "ebitda": "34291000", "netIncome": "25731000"}, {"fiscalDateEnding": "2011-09-30", "reportedCurrency": "USD", "grossProfit": "36454000", "totalRevenue": "109793000", "costOfRevenue": "73339000", "costofGoodsAndServicesSold": "73339000", "operatingIncome": "21125000", "sellingGeneralAndAdministrative": "15329000", "researchAndDevelopment": "0", "operatingExpenses": "15329000", "investmentIncomeNet": "None", "netInterestIncome": "None", "interestIncome": "None", "interestExpense": "20000", "nonInterestIncome": "None", "otherNonOperatingIncome": "-320000", "depreciation": "None", "depreciationAndAmortization": "3399000", "incomeBeforeTax": "20805000", "incomeTaxExpense": "1843000", "interestAndDebtExpense": "None", "netIncomeFromContinuingOperations": "18962000", "comprehensiveIncomeNetOfTax": "None", "ebit": "20825000", "ebitda": "24224000", "netIncome": "17171000"}, {"fiscalDateEnding": "2011-06-30", "reportedCurrency": "USD", "grossProfit": "30171000", "totalRevenue": "93268000", "costOfRevenue": "63097000", "costofGoodsAndServicesSold": "63097000", "operatingIncome": "16267000", "sellingGeneralAndAdministrative": "13904000", "researchAndDevelopment": "0", "operatingExpenses": "13904000", "investmentIncomeNet": "None", "netInterestIncome": "None", "interestIncome": "None", "interestExpense": "24000", "nonInterestIncome": "None", "otherNonOperatingIncome": "270000", "depreciation": "None", "depreciationAndAmortization": "3516000", "incomeBeforeTax": "16537000", "incomeTaxExpense": "1847000", "interestAndDebtExpense": "None", "netIncomeFromContinuingOperations": "14690000", "comprehensiveIncomeNetOfTax": "None", "ebit": "16561000", "ebitda": "20077000", "netIncome": "13385000"}, {"fiscalDateEnding": "2011-03-31", "reportedCurrency": "USD", "grossProfit": "33721000", "totalRevenue": "88670000", "costOfRevenue": "54949000", "costofGoodsAndServicesSold": "54949000", "operatingIncome": "17467000", "sellingGeneralAndAdministrative": "14981000", "researchAndDevelopment": "0", "operatingExpenses": "16254000", "investmentIncomeNet": "None", "netInterestIncome": "None", "interestIncome": "None", "interestExpense": "23000", "nonInterestIncome": "None", "otherNonOperatingIncome": "None", "depreciation": "None", "depreciationAndAmortization": "3211000", "incomeBeforeTax": "17811000", "incomeTaxExpense": "1687000", "interestAndDebtExpense": "None", "netIncomeFromContinuingOperations": "0", "comprehensiveIncomeNetOfTax": "None", "ebit": "17834000", "ebitda": "21045000", "netIncome": "14825000"}, {"fiscalDateEnding": "2010-12-31", "reportedCurrency": "USD", "grossProfit": "34167000", "totalRevenue": "91477000", "costOfRevenue": "57310000", "costofGoodsAndServicesSold": "57310000", "operatingIncome": "16983000", "sellingGeneralAndAdministrative": "9485000", "researchAndDevelopment": "0", "operatingExpenses": "17184000", "investmentIncomeNet": "None", "netInterestIncome": "None", "interestIncome": "None", "interestExpense": "28000", "nonInterestIncome": "None", "otherNonOperatingIncome": "None", "depreciation": "None", "depreciationAndAmortization": "2945000", "incomeBeforeTax": "17121000", "incomeTaxExpense": "-2432000", "interestAndDebtExpense": "None", "netIncomeFromContinuingOperations": "0", "comprehensiveIncomeNetOfTax": "None", "ebit": "16983000", "ebitda": "19928000", "netIncome": "16786000"}, {"fiscalDateEnding": "2010-09-30", "reportedCurrency": "USD", "grossProfit": "28933000", "totalRevenue": "77580000", "costOfRevenue": "48647000", "costofGoodsAndServicesSold": "48647000", "operatingIncome": "13937000", "sellingGeneralAndAdministrative": "13546000", "researchAndDevelopment": "0", "operatingExpenses": "14996000", "investmentIncomeNet": "None", "netInterestIncome": "None", "interestIncome": "None", "interestExpense": "36000", "nonInterestIncome": "None", "otherNonOperatingIncome": "None", "depreciation": "None", "depreciationAndAmortization": "3254000", "incomeBeforeTax": "14635000", "incomeTaxExpense": "2751000", "interestAndDebtExpense": "None", "netIncomeFromContinuingOperations": "0", "comprehensiveIncomeNetOfTax": "None", "ebit": "14671000", "ebitda": "17925000", "netIncome": "9832000"}, {"fiscalDateEnding": "2010-06-30", "reportedCurrency": "USD", "grossProfit": "27284000", "totalRevenue": "71348000", "costOfRevenue": "44064000", "costofGoodsAndServicesSold": "44064000", "operatingIncome": "14497000", "sellingGeneralAndAdministrative": "9485000", "researchAndDevelopment": "0", "operatingExpenses": "12787000", "investmentIncomeNet": "None", "netInterestIncome": "None", "interestIncome": "None", "interestExpense": "424000", "nonInterestIncome": "None", "otherNonOperatingIncome": "None", "depreciation": "None", "depreciationAndAmortization": "3138000", "incomeBeforeTax": "14537000", "incomeTaxExpense": "-3107000", "interestAndDebtExpense": "None", "netIncomeFromContinuingOperations": "0", "comprehensiveIncomeNetOfTax": "None", "ebit": "14560000", "ebitda": "17698000", "netIncome": "16347000"}, {"fiscalDateEnding": "2010-03-31", "reportedCurrency": "USD", "grossProfit": "22584000", "totalRevenue": "60974000", "costOfRevenue": "38390000", "costofGoodsAndServicesSold": "38390000", "operatingIncome": "9551000", "sellingGeneralAndAdministrative": "10880000", "researchAndDevelopment": "0", "operatingExpenses": "13033000", "investmentIncomeNet": "None", "netInterestIncome": "None", "interestIncome": "None", "interestExpense": "28000", "nonInterestIncome": "None", "otherNonOperatingIncome": "None", "depreciation": "None", "depreciationAndAmortization": "2712000", "incomeBeforeTax": "9479000", "incomeTaxExpense": "2385000", "interestAndDebtExpense": "None", "netIncomeFromContinuingOperations": "0", "comprehensiveIncomeNetOfTax": "None", "ebit": "9507000", "ebitda": "12219000", "netIncome": "6307000"}, {"fiscalDateEnding": "2009-12-31", "reportedCurrency": "USD", "grossProfit": "21334000", "totalRevenue": "56326000", "costOfRevenue": "34992000", "costofGoodsAndServicesSold": "34992000", "operatingIncome": "9077000", "sellingGeneralAndAdministrative": "8289000", "researchAndDevelopment": "0", "operatingExpenses": "12257000", "investmentIncomeNet": "None", "netInterestIncome": "None", "interestIncome": "None", "interestExpense": "55000", "nonInterestIncome": "None", "otherNonOperatingIncome": "None", "depreciation": "None", "depreciationAndAmortization": "1912000", "incomeBeforeTax": "8956000", "incomeTaxExpense": "3083000", "interestAndDebtExpense": "None", "netIncomeFromContinuingOperations": "0", "comprehensiveIncomeNetOfTax": "None", "ebit": "9011000", "ebitda": "10923000", "netIncome": "5873000"}, {"fiscalDateEnding": "2009-09-30", "reportedCurrency": "USD", "grossProfit": "20611000", "totalRevenue": "54064000", "costOfRevenue": "33453000", "costofGoodsAndServicesSold": "33453000", "operatingIncome": "9546000", "sellingGeneralAndAdministrative": "11065000", "researchAndDevelopment": "0", "operatingExpenses": "11065000", "investmentIncomeNet": "None", "netInterestIncome": "None", "interestIncome": "None", "interestExpense": "195000", "nonInterestIncome": "None", "otherNonOperatingIncome": "None", "depreciation": "None", "depreciationAndAmortization": "2061000", "incomeBeforeTax": "12092000", "incomeTaxExpense": "3448000", "interestAndDebtExpense": "None", "netIncomeFromContinuingOperations": "0", "comprehensiveIncomeNetOfTax": "None", "ebit": "7485000", "ebitda": "9546000", "netIncome": "8644000"}, {"fiscalDateEnding": "2009-06-30", "reportedCurrency": "USD", "grossProfit": "19454000", "totalRevenue": "49803000", "costOfRevenue": "30349000", "costofGoodsAndServicesSold": "30349000", "operatingIncome": "10781000", "sellingGeneralAndAdministrative": "6347000", "researchAndDevelopment": "0", "operatingExpenses": "8673000", "investmentIncomeNet": "None", "netInterestIncome": "None", "interestIncome": "None", "interestExpense": "796000", "nonInterestIncome": "None", "otherNonOperatingIncome": "None", "depreciation": "None", "depreciationAndAmortization": "2059000", "incomeBeforeTax": "10009000", "incomeTaxExpense": "2994000", "interestAndDebtExpense": "None", "netIncomeFromContinuingOperations": "0", "comprehensiveIncomeNetOfTax": "None", "ebit": "10781000", "ebitda": "12840000", "netIncome": "7015000"}, {"fiscalDateEnding": "2009-03-31", "reportedCurrency": "USD", "grossProfit": "14616000", "totalRevenue": "42619000", "costOfRevenue": "28003000", "costofGoodsAndServicesSold": "28003000", "operatingIncome": "7138000", "sellingGeneralAndAdministrative": "7478000", "researchAndDevelopment": "0", "operatingExpenses": "7478000", "investmentIncomeNet": "None", "netInterestIncome": "None", "interestIncome": "None", "interestExpense": "614000", "nonInterestIncome": "None", "otherNonOperatingIncome": "None", "depreciation": "None", "depreciationAndAmortization": "2072000", "incomeBeforeTax": "6519000", "incomeTaxExpense": "2080000", "interestAndDebtExpense": "None", "netIncomeFromContinuingOperations": "0", "comprehensiveIncomeNetOfTax": "None", "ebit": "7133000", "ebitda": "9205000", "netIncome": "4439000"}, {"fiscalDateEnding": "2008-12-31", "reportedCurrency": "USD", "grossProfit": "12528000", "totalRevenue": "38940000", "costOfRevenue": "26412000", "costofGoodsAndServicesSold": "26412000", "operatingIncome": "5725000", "sellingGeneralAndAdministrative": "6803000", "researchAndDevelopment": "0", "operatingExpenses": "6803000", "investmentIncomeNet": "None", "netInterestIncome": "None", "interestIncome": "None", "interestExpense": "662000", "nonInterestIncome": "None", "otherNonOperatingIncome": "None", "depreciation": "None", "depreciationAndAmortization": "2419000", "incomeBeforeTax": "5042000", "incomeTaxExpense": "2699000", "interestAndDebtExpense": "None", "netIncomeFromContinuingOperations": "0", "comprehensiveIncomeNetOfTax": "None", "ebit": "5727000", "ebitda": "8146000", "netIncome": "2343000"}, {"fiscalDateEnding": "2008-09-30", "reportedCurrency": "USD", "grossProfit": "9080000", "totalRevenue": "38007000", "costOfRevenue": "28927000", "costofGoodsAndServicesSold": "28927000", "operatingIncome": "1938000", "sellingGeneralAndAdministrative": "7142000", "researchAndDevelopment": "0", "operatingExpenses": "7142000", "investmentIncomeNet": "None", "netInterestIncome": "None", "interestIncome": "None", "interestExpense": "608000", "nonInterestIncome": "None", "otherNonOperatingIncome": "None", "depreciation": "None", "depreciationAndAmortization": "2911000", "incomeBeforeTax": "1311000", "incomeTaxExpense": "368000", "interestAndDebtExpense": "None", "netIncomeFromContinuingOperations": "0", "comprehensiveIncomeNetOfTax": "None", "ebit": "1938000", "ebitda": "4849000", "netIncome": "943000"}, {"fiscalDateEnding": "2008-06-30", "reportedCurrency": "USD", "grossProfit": "10835000", "totalRevenue": "40868000", "costOfRevenue": "30033000", "costofGoodsAndServicesSold": "30033000", "operatingIncome": "4081000", "sellingGeneralAndAdministrative": "6754000", "researchAndDevelopment": "0", "operatingExpenses": "6754000", "investmentIncomeNet": "None", "netInterestIncome": "None", "interestIncome": "None", "interestExpense": "654000", "nonInterestIncome": "None", "otherNonOperatingIncome": "None", "depreciation": "None", "depreciationAndAmortization": "2631000", "incomeBeforeTax": "3424000", "incomeTaxExpense": "961000", "interestAndDebtExpense": "None", "netIncomeFromContinuingOperations": "0", "comprehensiveIncomeNetOfTax": "None", "ebit": "4082000", "ebitda": "6713000", "netIncome": "2463000"}, {"fiscalDateEnding": "2008-03-31", "reportedCurrency": "USD", "grossProfit": "12872000", "totalRevenue": "42548000", "costOfRevenue": "29676000", "costofGoodsAndServicesSold": "29676000", "operatingIncome": "5483000", "sellingGeneralAndAdministrative": "7389000", "researchAndDevelopment": "0", "operatingExpenses": "7389000", "investmentIncomeNet": "None", "netInterestIncome": "None", "interestIncome": "None", "interestExpense": "683000", "nonInterestIncome": "None", "otherNonOperatingIncome": "None", "depreciation": "None", "depreciationAndAmortization": "2429000", "incomeBeforeTax": "4824000", "incomeTaxExpense": "1354000", "interestAndDebtExpense": "None", "netIncomeFromContinuingOperations": "0", "comprehensiveIncomeNetOfTax": "None", "ebit": "5507000", "ebitda": "7936000", "netIncome": "3470000"}, {"fiscalDateEnding": "2007-12-31", "reportedCurrency": "USD", "grossProfit": "46486000", "totalRevenue": "41533000", "costOfRevenue": "30903000", "costofGoodsAndServicesSold": "30903000", "operatingIncome": "10022000", "sellingGeneralAndAdministrative": "27930000", "researchAndDevelopment": "0", "operatingExpenses": "0", "investmentIncomeNet": "None", "netInterestIncome": "None", "interestIncome": "None", "interestExpense": "1932000", "nonInterestIncome": "None", "otherNonOperatingIncome": "None", "depreciation": "None", "depreciationAndAmortization": "None", "incomeBeforeTax": "1436000", "incomeTaxExpense": "118000", "interestAndDebtExpense": "None", "netIncomeFromContinuingOperations": "0", "comprehensiveIncomeNetOfTax": "None", "ebit": "0", "ebitda": "None", "netIncome": "1318000"}, {"fiscalDateEnding": "2007-09-30", "reportedCurrency": "USD", "grossProfit": "0", "totalRevenue": "40503000", "costOfRevenue": "29077000", "costofGoodsAndServicesSold": "29077000", "operatingIncome": "0", "sellingGeneralAndAdministrative": "0", "researchAndDevelopment": "0", "operatingExpenses": "0", "investmentIncomeNet": "None", "netInterestIncome": "None", "interestIncome": "None", "interestExpense": "0", "nonInterestIncome": "None", "otherNonOperatingIncome": "None", "depreciation": "None", "depreciationAndAmortization": "None", "incomeBeforeTax": "954000", "incomeTaxExpense": "202000", "interestAndDebtExpense": "None", "netIncomeFromContinuingOperations": "0", "comprehensiveIncomeNetOfTax": "None", "ebit": "0", "ebitda": "None", "netIncome": "752000"}, {"fiscalDateEnding": "2007-06-30", "reportedCurrency": "USD", "grossProfit": "0", "totalRevenue": "29103000", "costOfRevenue": "20569000", "costofGoodsAndServicesSold": "20569000", "operatingIncome": "0", "sellingGeneralAndAdministrative": "0", "researchAndDevelopment": "0", "operatingExpenses": "0", "investmentIncomeNet": "None", "netInterestIncome": "None", "interestIncome": "None", "interestExpense": "0", "nonInterestIncome": "None", "otherNonOperatingIncome": "None", "depreciation": "None", "depreciationAndAmortization": "None", "incomeBeforeTax": "2488000", "incomeTaxExpense": "526000", "interestAndDebtExpense": "None", "netIncomeFromContinuingOperations": "0", "comprehensiveIncomeNetOfTax": "None", "ebit": "0", "ebitda": "None", "netIncome": "1962000"}, {"fiscalDateEnding": "2007-03-31", "reportedCurrency": "USD", "grossProfit": "0", "totalRevenue": "23767000", "costOfRevenue": "16405000", "costofGoodsAndServicesSold": "16405000", "operatingIncome": "0", "sellingGeneralAndAdministrative": "0", "researchAndDevelopment": "0", "operatingExpenses": "0", "investmentIncomeNet": "None", "netInterestIncome": "None", "interestIncome": "None", "interestExpense": "0", "nonInterestIncome": "None", "otherNonOperatingIncome": "None", "depreciation": "None", "depreciationAndAmortization": "None", "incomeBeforeTax": "3401000", "incomeTaxExpense": "718000", "interestAndDebtExpense": "None", "netIncomeFromContinuingOperations": "0", "comprehensiveIncomeNetOfTax": "None", "ebit": "0", "ebitda": "None", "netIncome": "2683000"}]}