{"symbol": "AMWD", "annualReports": [{"fiscalDateEnding": "2025-04-30", "reportedCurrency": "USD", "grossProfit": "306550000", "totalRevenue": "1709585000", "costOfRevenue": "1403035000", "costofGoodsAndServicesSold": "1403035000", "operatingIncome": "140239000", "sellingGeneralAndAdministrative": "75464000", "researchAndDevelopment": "None", "operatingExpenses": "166311000", "investmentIncomeNet": "None", "netInterestIncome": "-10341000", "interestIncome": "None", "interestExpense": "10341000", "nonInterestIncome": "None", "otherNonOperatingIncome": "None", "depreciation": "None", "depreciationAndAmortization": "55165000", "incomeBeforeTax": "126538000", "incomeTaxExpense": "27082000", "interestAndDebtExpense": "None", "netIncomeFromContinuingOperations": "99456000", "comprehensiveIncomeNetOfTax": "None", "ebit": "144848000", "ebitda": "200013000", "netIncome": "99456000"}, {"fiscalDateEnding": "2024-04-30", "reportedCurrency": "USD", "grossProfit": "377807000", "totalRevenue": "1847502000", "costOfRevenue": "1469695000", "costofGoodsAndServicesSold": "1469695000", "operatingIncome": "161394000", "sellingGeneralAndAdministrative": "124008000", "researchAndDevelopment": "None", "operatingExpenses": "216611000", "investmentIncomeNet": "None", "netInterestIncome": "-8207000", "interestIncome": "None", "interestExpense": "8207000", "nonInterestIncome": "None", "otherNonOperatingIncome": "None", "depreciation": "None", "depreciationAndAmortization": "78781000", "incomeBeforeTax": "151968000", "incomeTaxExpense": "35752000", "interestAndDebtExpense": "None", "netIncomeFromContinuingOperations": "116216000", "comprehensiveIncomeNetOfTax": "None", "ebit": "160175000", "ebitda": "238956000", "netIncome": "116216000"}, {"fiscalDateEnding": "2023-04-30", "reportedCurrency": "USD", "grossProfit": "357524000", "totalRevenue": "2066200000", "costOfRevenue": "1708676000", "costofGoodsAndServicesSold": "1708676000", "operatingIncome": "136352000", "sellingGeneralAndAdministrative": "125045000", "researchAndDevelopment": "None", "operatingExpenses": "219647000", "investmentIncomeNet": "None", "netInterestIncome": "-15994000", "interestIncome": "None", "interestExpense": "15994000", "nonInterestIncome": "None", "otherNonOperatingIncome": "2321000", "depreciation": "None", "depreciationAndAmortization": "93744000", "incomeBeforeTax": "122686000", "incomeTaxExpense": "28963000", "interestAndDebtExpense": "None", "netIncomeFromContinuingOperations": "93723000", "comprehensiveIncomeNetOfTax": "None", "ebit": "134880000", "ebitda": "228624000", "netIncome": "93723000"}, {"fiscalDateEnding": "2022-04-30", "reportedCurrency": "USD", "grossProfit": "226444000", "totalRevenue": "1857186000", "costOfRevenue": "1630742000", "costofGoodsAndServicesSold": "1630742000", "operatingIncome": "36159000", "sellingGeneralAndAdministrative": "97547000", "researchAndDevelopment": "None", "operatingExpenses": "190102000", "investmentIncomeNet": "None", "netInterestIncome": "-10189000", "interestIncome": "None", "interestExpense": "10189000", "nonInterestIncome": "None", "otherNonOperatingIncome": "-476000", "depreciation": "None", "depreciationAndAmortization": "96606000", "incomeBeforeTax": "-42979000", "incomeTaxExpense": "-13257000", "interestAndDebtExpense": "None", "netIncomeFromContinuingOperations": "-29722000", "comprehensiveIncomeNetOfTax": "None", "ebit": "-32790000", "ebitda": "63816000", "netIncome": "-29722000"}, {"fiscalDateEnding": "2021-04-30", "reportedCurrency": "USD", "grossProfit": "322118000", "totalRevenue": "1744014000", "costOfRevenue": "1424739000", "costofGoodsAndServicesSold": "1424739000", "operatingIncome": "114738000", "sellingGeneralAndAdministrative": "112283000", "researchAndDevelopment": "None", "operatingExpenses": "207380000", "investmentIncomeNet": "None", "netInterestIncome": "-23128000", "interestIncome": "None", "interestExpense": "23128000", "nonInterestIncome": "None", "otherNonOperatingIncome": "-11117000", "depreciation": "None", "depreciationAndAmortization": "126181000", "incomeBeforeTax": "80693000", "incomeTaxExpense": "19500000", "interestAndDebtExpense": "None", "netIncomeFromContinuingOperations": "58763000", "comprehensiveIncomeNetOfTax": "None", "ebit": "103821000", "ebitda": "230002000", "netIncome": "61193000"}, {"fiscalDateEnding": "2020-04-30", "reportedCurrency": "USD", "grossProfit": "329186000", "totalRevenue": "1650333000", "costOfRevenue": "1321147000", "costofGoodsAndServicesSold": "1321147000", "operatingIncome": "130135000", "sellingGeneralAndAdministrative": "113334000", "researchAndDevelopment": "None", "operatingExpenses": "196942000", "investmentIncomeNet": "None", "netInterestIncome": "-29027000", "interestIncome": "30129000", "interestExpense": "29027000", "nonInterestIncome": "None", "otherNonOperatingIncome": "-2687000", "depreciation": "None", "depreciationAndAmortization": "123918000", "incomeBeforeTax": "98928000", "incomeTaxExpense": "25687000", "interestAndDebtExpense": "None", "netIncomeFromContinuingOperations": "74861000", "comprehensiveIncomeNetOfTax": "None", "ebit": "129575000", "ebitda": "253493000", "netIncome": "73653000"}, {"fiscalDateEnding": "2019-04-30", "reportedCurrency": "USD", "grossProfit": "346473000", "totalRevenue": "1645319000", "costOfRevenue": "1298846000", "costofGoodsAndServicesSold": "1298846000", "operatingIncome": "141694000", "sellingGeneralAndAdministrative": "112917000", "researchAndDevelopment": "None", "operatingExpenses": "202792000", "investmentIncomeNet": "None", "netInterestIncome": "-35652000", "interestIncome": "35652000", "interestExpense": "35652000", "nonInterestIncome": "None", "otherNonOperatingIncome": "4846000", "depreciation": "None", "depreciationAndAmortization": "94446000", "incomeBeforeTax": "110888000", "incomeTaxExpense": "27200000", "interestAndDebtExpense": "None", "netIncomeFromContinuingOperations": "83688000", "comprehensiveIncomeNetOfTax": "None", "ebit": "143681000", "ebitda": "238127000", "netIncome": "83688000"}, {"fiscalDateEnding": "2018-04-30", "reportedCurrency": "USD", "grossProfit": "255403000", "totalRevenue": "1250274000", "costOfRevenue": "994871000", "costofGoodsAndServicesSold": "994871000", "operatingIncome": "107705000", "sellingGeneralAndAdministrative": "69855000", "researchAndDevelopment": "0", "operatingExpenses": "147698000", "investmentIncomeNet": "None", "netInterestIncome": "-13054000", "interestIncome": "13054000", "interestExpense": "12945000", "nonInterestIncome": "None", "otherNonOperatingIncome": "109000", "depreciation": "None", "depreciationAndAmortization": "45004000", "incomeBeforeTax": "94760000", "incomeTaxExpense": "31619000", "interestAndDebtExpense": "None", "netIncomeFromContinuingOperations": "63141000", "comprehensiveIncomeNetOfTax": "None", "ebit": "107705000", "ebitda": "152709000", "netIncome": "63141000"}, {"fiscalDateEnding": "2017-04-30", "reportedCurrency": "USD", "grossProfit": "224636000", "totalRevenue": "1030248000", "costOfRevenue": "805612000", "costofGoodsAndServicesSold": "805612000", "operatingIncome": "108238000", "sellingGeneralAndAdministrative": "45419000", "researchAndDevelopment": "0", "operatingExpenses": "116398000", "investmentIncomeNet": "None", "netInterestIncome": "-885000", "interestIncome": "885000", "interestExpense": "687000", "nonInterestIncome": "None", "otherNonOperatingIncome": "1572000", "depreciation": "None", "depreciationAndAmortization": "18682000", "incomeBeforeTax": "108925000", "incomeTaxExpense": "37726000", "interestAndDebtExpense": "None", "netIncomeFromContinuingOperations": "71199000", "comprehensiveIncomeNetOfTax": "None", "ebit": "108238000", "ebitda": "126920000", "netIncome": "71199000"}, {"fiscalDateEnding": "2016-04-30", "reportedCurrency": "USD", "grossProfit": "199694000", "totalRevenue": "947045000", "costOfRevenue": "747351000", "costofGoodsAndServicesSold": "747351000", "operatingIncome": "93160000", "sellingGeneralAndAdministrative": "40045000", "researchAndDevelopment": "0", "operatingExpenses": "106534000", "investmentIncomeNet": "None", "netInterestIncome": "None", "interestIncome": "129000", "interestExpense": "1374000", "nonInterestIncome": "None", "otherNonOperatingIncome": "-996000", "depreciation": "None", "depreciationAndAmortization": "16456000", "incomeBeforeTax": "91786000", "incomeTaxExpense": "33063000", "interestAndDebtExpense": "None", "netIncomeFromContinuingOperations": "58723000", "comprehensiveIncomeNetOfTax": "None", "ebit": "93160000", "ebitda": "109616000", "netIncome": "58723000"}, {"fiscalDateEnding": "2015-04-30", "reportedCurrency": "USD", "grossProfit": "152532000", "totalRevenue": "825465000", "costOfRevenue": "672933000", "costofGoodsAndServicesSold": "672933000", "operatingIncome": "54695000", "sellingGeneralAndAdministrative": "33773000", "researchAndDevelopment": "0", "operatingExpenses": "98077000", "investmentIncomeNet": "None", "netInterestIncome": "None", "interestIncome": "None", "interestExpense": "515000", "nonInterestIncome": "None", "otherNonOperatingIncome": "207000", "depreciation": "None", "depreciationAndAmortization": "13100000", "incomeBeforeTax": "54387000", "incomeTaxExpense": "18888000", "interestAndDebtExpense": "None", "netIncomeFromContinuingOperations": "35499000", "comprehensiveIncomeNetOfTax": "None", "ebit": "54902000", "ebitda": "68002000", "netIncome": "35499000"}, {"fiscalDateEnding": "2014-04-30", "reportedCurrency": "USD", "grossProfit": "124177000", "totalRevenue": "726515000", "costOfRevenue": "602338000", "costofGoodsAndServicesSold": "602338000", "operatingIncome": "34088000", "sellingGeneralAndAdministrative": "30881000", "researchAndDevelopment": "0", "operatingExpenses": "90417000", "investmentIncomeNet": "None", "netInterestIncome": "None", "interestIncome": "None", "interestExpense": "728000", "nonInterestIncome": "None", "otherNonOperatingIncome": "310000", "depreciation": "None", "depreciationAndAmortization": "13200000", "incomeBeforeTax": "33670000", "incomeTaxExpense": "13209000", "interestAndDebtExpense": "None", "netIncomeFromContinuingOperations": "20461000", "comprehensiveIncomeNetOfTax": "None", "ebit": "34398000", "ebitda": "47598000", "netIncome": "20461000"}, {"fiscalDateEnding": "2013-04-30", "reportedCurrency": "USD", "grossProfit": "102656000", "totalRevenue": "630437000", "costOfRevenue": "527781000", "costofGoodsAndServicesSold": "527781000", "operatingIncome": "17221000", "sellingGeneralAndAdministrative": "27575000", "researchAndDevelopment": "0", "operatingExpenses": "84977000", "investmentIncomeNet": "None", "netInterestIncome": "None", "interestIncome": "None", "interestExpense": "643000", "nonInterestIncome": "None", "otherNonOperatingIncome": "162000", "depreciation": "None", "depreciationAndAmortization": "13200000", "incomeBeforeTax": "16740000", "incomeTaxExpense": "6982000", "interestAndDebtExpense": "None", "netIncomeFromContinuingOperations": "9758000", "comprehensiveIncomeNetOfTax": "None", "ebit": "17383000", "ebitda": "30583000", "netIncome": "9758000"}, {"fiscalDateEnding": "2012-04-30", "reportedCurrency": "USD", "grossProfit": "66475000", "totalRevenue": "515814000", "costOfRevenue": "449339000", "costofGoodsAndServicesSold": "449339000", "operatingIncome": "-33446000", "sellingGeneralAndAdministrative": "25329000", "researchAndDevelopment": "0", "operatingExpenses": "83600000", "investmentIncomeNet": "None", "netInterestIncome": "None", "interestIncome": "None", "interestExpense": "527000", "nonInterestIncome": "None", "otherNonOperatingIncome": "685000", "depreciation": "None", "depreciationAndAmortization": "22400000", "incomeBeforeTax": "-33288000", "incomeTaxExpense": "-12502000", "interestAndDebtExpense": "None", "netIncomeFromContinuingOperations": "-20786000", "comprehensiveIncomeNetOfTax": "None", "ebit": "-31774000", "ebitda": "-9374000", "netIncome": "-20786000"}, {"fiscalDateEnding": "2011-04-30", "reportedCurrency": "USD", "grossProfit": "52751000", "totalRevenue": "452589000", "costOfRevenue": "399838000", "costofGoodsAndServicesSold": "399838000", "operatingIncome": "-31054000", "sellingGeneralAndAdministrative": "22709000", "researchAndDevelopment": "None", "operatingExpenses": "83743000", "investmentIncomeNet": "None", "netInterestIncome": "None", "interestIncome": "None", "interestExpense": "572000", "nonInterestIncome": "None", "otherNonOperatingIncome": "None", "depreciation": "None", "depreciationAndAmortization": "26000000", "incomeBeforeTax": "-29960000", "incomeTaxExpense": "-9942000", "interestAndDebtExpense": "None", "netIncomeFromContinuingOperations": "None", "comprehensiveIncomeNetOfTax": "None", "ebit": "-28685000", "ebitda": "-2685000", "netIncome": "-20018000"}, {"fiscalDateEnding": "2010-04-30", "reportedCurrency": "USD", "grossProfit": "48921000", "totalRevenue": "406540000", "costOfRevenue": "357619000", "costofGoodsAndServicesSold": "357619000", "operatingIncome": "-37256000", "sellingGeneralAndAdministrative": "26434000", "researchAndDevelopment": "None", "operatingExpenses": "83369000", "investmentIncomeNet": "None", "netInterestIncome": "None", "interestIncome": "None", "interestExpense": "637000", "nonInterestIncome": "None", "otherNonOperatingIncome": "None", "depreciation": "None", "depreciationAndAmortization": "30300000", "incomeBeforeTax": "-37055000", "incomeTaxExpense": "-14714000", "interestAndDebtExpense": "None", "netIncomeFromContinuingOperations": "None", "comprehensiveIncomeNetOfTax": "None", "ebit": "-35842000", "ebitda": "-5542000", "netIncome": "-22341000"}, {"fiscalDateEnding": "2009-04-30", "reportedCurrency": "USD", "grossProfit": "89490000", "totalRevenue": "545934000", "costOfRevenue": "456444000", "costofGoodsAndServicesSold": "456444000", "operatingIncome": "-7161000", "sellingGeneralAndAdministrative": "26875000", "researchAndDevelopment": "None", "operatingExpenses": "86908000", "investmentIncomeNet": "None", "netInterestIncome": "None", "interestIncome": "None", "interestExpense": "716000", "nonInterestIncome": "None", "otherNonOperatingIncome": "None", "depreciation": "None", "depreciationAndAmortization": "35100000", "incomeBeforeTax": "-6151000", "incomeTaxExpense": "-2917000", "interestAndDebtExpense": "None", "netIncomeFromContinuingOperations": "None", "comprehensiveIncomeNetOfTax": "None", "ebit": "-5435000", "ebitda": "29665000", "netIncome": "-3234000"}, {"fiscalDateEnding": "2008-04-30", "reportedCurrency": "USD", "grossProfit": "103127000", "totalRevenue": "602426000", "costOfRevenue": "499299000", "costofGoodsAndServicesSold": "499299000", "operatingIncome": "4382000", "sellingGeneralAndAdministrative": "98745000", "researchAndDevelopment": "None", "operatingExpenses": "98745000", "investmentIncomeNet": "None", "netInterestIncome": "None", "interestIncome": "None", "interestExpense": "0", "nonInterestIncome": "None", "otherNonOperatingIncome": "None", "depreciation": "None", "depreciationAndAmortization": "35204000", "incomeBeforeTax": "5685000", "incomeTaxExpense": "1414000", "interestAndDebtExpense": "None", "netIncomeFromContinuingOperations": "None", "comprehensiveIncomeNetOfTax": "None", "ebit": "4382000", "ebitda": "39586000", "netIncome": "4271000"}, {"fiscalDateEnding": "2007-04-30", "reportedCurrency": "USD", "grossProfit": "155819000", "totalRevenue": "760925000", "costOfRevenue": "605106000", "costofGoodsAndServicesSold": "605106000", "operatingIncome": "49408000", "sellingGeneralAndAdministrative": "106411000", "researchAndDevelopment": "None", "operatingExpenses": "106411000", "investmentIncomeNet": "None", "netInterestIncome": "None", "interestIncome": "None", "interestExpense": "0", "nonInterestIncome": "None", "otherNonOperatingIncome": "None", "depreciation": "None", "depreciationAndAmortization": "35909000", "incomeBeforeTax": "51178000", "incomeTaxExpense": "18617000", "interestAndDebtExpense": "None", "netIncomeFromContinuingOperations": "None", "comprehensiveIncomeNetOfTax": "None", "ebit": "49408000", "ebitda": "85317000", "netIncome": "32561000"}, {"fiscalDateEnding": "2006-04-30", "reportedCurrency": "USD", "grossProfit": "149693000", "totalRevenue": "837671000", "costOfRevenue": "687978000", "costofGoodsAndServicesSold": "687978000", "operatingIncome": "53419000", "sellingGeneralAndAdministrative": "96274000", "researchAndDevelopment": "None", "operatingExpenses": "96274000", "investmentIncomeNet": "None", "netInterestIncome": "None", "interestIncome": "None", "interestExpense": "0", "nonInterestIncome": "None", "otherNonOperatingIncome": "None", "depreciation": "None", "depreciationAndAmortization": "37012000", "incomeBeforeTax": "53701000", "incomeTaxExpense": "20491000", "interestAndDebtExpense": "None", "netIncomeFromContinuingOperations": "None", "comprehensiveIncomeNetOfTax": "None", "ebit": "52119000", "ebitda": "89131000", "netIncome": "33210000"}], "quarterlyReports": [{"fiscalDateEnding": "2025-10-31", "reportedCurrency": "USD", "grossProfit": "59903000", "totalRevenue": "394637000", "costOfRevenue": "334734000", "costofGoodsAndServicesSold": "334734000", "operatingIncome": "12349000", "sellingGeneralAndAdministrative": "24368000", "researchAndDevelopment": "None", "operatingExpenses": "46096000", "investmentIncomeNet": "None", "netInterestIncome": "-4531000", "interestIncome": "None", "interestExpense": "4531000", "nonInterestIncome": "None", "otherNonOperatingIncome": "None", "depreciation": "None", "depreciationAndAmortization": "16388000", "incomeBeforeTax": "8897000", "incomeTaxExpense": "2800000", "interestAndDebtExpense": "None", "netIncomeFromContinuingOperations": "6097000", "comprehensiveIncomeNetOfTax": "None", "ebit": "13428000", "ebitda": "29816000", "netIncome": "6097000"}, {"fiscalDateEnding": "2025-07-31", "reportedCurrency": "USD", "grossProfit": "67490000", "totalRevenue": "403046000", "costOfRevenue": "335556000", "costofGoodsAndServicesSold": "335556000", "operatingIncome": "20192000", "sellingGeneralAndAdministrative": "22913000", "researchAndDevelopment": "None", "operatingExpenses": "47298000", "investmentIncomeNet": "None", "netInterestIncome": "-4136000", "interestIncome": "None", "interestExpense": "4136000", "nonInterestIncome": "None", "otherNonOperatingIncome": "None", "depreciation": "None", "depreciationAndAmortization": "15811000", "incomeBeforeTax": "19675000", "incomeTaxExpense": "5080000", "interestAndDebtExpense": "None", "netIncomeFromContinuingOperations": "14595000", "comprehensiveIncomeNetOfTax": "None", "ebit": "23811000", "ebitda": "39622000", "netIncome": "14595000"}, {"fiscalDateEnding": "2025-04-30", "reportedCurrency": "USD", "grossProfit": "68209000", "totalRevenue": "400395000", "costOfRevenue": "332186000", "costofGoodsAndServicesSold": "332186000", "operatingIncome": "29534000", "sellingGeneralAndAdministrative": "15093000", "researchAndDevelopment": "None", "operatingExpenses": "38675000", "investmentIncomeNet": "None", "netInterestIncome": "-2787000", "interestIncome": "None", "interestExpense": "2787000", "nonInterestIncome": "None", "otherNonOperatingIncome": "None", "depreciation": "None", "depreciationAndAmortization": "14314000", "incomeBeforeTax": "31872000", "incomeTaxExpense": "6306000", "interestAndDebtExpense": "None", "netIncomeFromContinuingOperations": "25566000", "comprehensiveIncomeNetOfTax": "None", "ebit": "34659000", "ebitda": "48973000", "netIncome": "25566000"}, {"fiscalDateEnding": "2025-01-31", "reportedCurrency": "USD", "grossProfit": "59764000", "totalRevenue": "397580000", "costOfRevenue": "337816000", "costofGoodsAndServicesSold": "337816000", "operatingIncome": "21075000", "sellingGeneralAndAdministrative": "18632000", "researchAndDevelopment": "None", "operatingExpenses": "38689000", "investmentIncomeNet": "None", "netInterestIncome": "-2816000", "interestIncome": "None", "interestExpense": "2816000", "nonInterestIncome": "None", "otherNonOperatingIncome": "None", "depreciation": "None", "depreciationAndAmortization": "14583000", "incomeBeforeTax": "19716000", "incomeTaxExpense": "3145000", "interestAndDebtExpense": "None", "netIncomeFromContinuingOperations": "16571000", "comprehensiveIncomeNetOfTax": "None", "ebit": "22532000", "ebitda": "37115000", "netIncome": "16571000"}, {"fiscalDateEnding": "2024-10-31", "reportedCurrency": "USD", "grossProfit": "85711000", "totalRevenue": "452482000", "costOfRevenue": "366771000", "costofGoodsAndServicesSold": "366771000", "operatingIncome": "42603000", "sellingGeneralAndAdministrative": "20237000", "researchAndDevelopment": "None", "operatingExpenses": "43108000", "investmentIncomeNet": "None", "netInterestIncome": "-2448000", "interestIncome": "None", "interestExpense": "2448000", "nonInterestIncome": "None", "otherNonOperatingIncome": "None", "depreciation": "None", "depreciationAndAmortization": "13466000", "incomeBeforeTax": "35453000", "incomeTaxExpense": "7767000", "interestAndDebtExpense": "None", "netIncomeFromContinuingOperations": "27686000", "comprehensiveIncomeNetOfTax": "None", "ebit": "37901000", "ebitda": "51367000", "netIncome": "27686000"}, {"fiscalDateEnding": "2024-07-31", "reportedCurrency": "USD", "grossProfit": "92866000", "totalRevenue": "459128000", "costOfRevenue": "366262000", "costofGoodsAndServicesSold": "366262000", "operatingIncome": "47027000", "sellingGeneralAndAdministrative": "21502000", "researchAndDevelopment": "None", "operatingExpenses": "45839000", "investmentIncomeNet": "None", "netInterestIncome": "-2290000", "interestIncome": "None", "interestExpense": "2290000", "nonInterestIncome": "None", "otherNonOperatingIncome": "None", "depreciation": "None", "depreciationAndAmortization": "12802000", "incomeBeforeTax": "39497000", "incomeTaxExpense": "9864000", "interestAndDebtExpense": "None", "netIncomeFromContinuingOperations": "29633000", "comprehensiveIncomeNetOfTax": "None", "ebit": "41787000", "ebitda": "54589000", "netIncome": "29633000"}, {"fiscalDateEnding": "2024-04-30", "reportedCurrency": "USD", "grossProfit": "84099000", "totalRevenue": "453278000", "costOfRevenue": "369179000", "costofGoodsAndServicesSold": "369179000", "operatingIncome": "38224000", "sellingGeneralAndAdministrative": "22262000", "researchAndDevelopment": "None", "operatingExpenses": "45875000", "investmentIncomeNet": "None", "netInterestIncome": "-1885000", "interestIncome": "None", "interestExpense": "1885000", "nonInterestIncome": "None", "otherNonOperatingIncome": "None", "depreciation": "None", "depreciationAndAmortization": "12596000", "incomeBeforeTax": "34597000", "incomeTaxExpense": "7799000", "interestAndDebtExpense": "None", "netIncomeFromContinuingOperations": "26798000", "comprehensiveIncomeNetOfTax": "None", "ebit": "36482000", "ebitda": "49078000", "netIncome": "26798000"}, {"fiscalDateEnding": "2024-01-31", "reportedCurrency": "USD", "grossProfit": "80940000", "totalRevenue": "422102000", "costOfRevenue": "341162000", "costofGoodsAndServicesSold": "341162000", "operatingIncome": "27879000", "sellingGeneralAndAdministrative": "31116000", "researchAndDevelopment": "None", "operatingExpenses": "53054000", "investmentIncomeNet": "None", "netInterestIncome": "-1932000", "interestIncome": "None", "interestExpense": "1932000", "nonInterestIncome": "None", "otherNonOperatingIncome": "None", "depreciation": "None", "depreciationAndAmortization": "19959000", "incomeBeforeTax": "28445000", "incomeTaxExpense": "7218000", "interestAndDebtExpense": "None", "netIncomeFromContinuingOperations": "21227000", "comprehensiveIncomeNetOfTax": "None", "ebit": "30377000", "ebitda": "50336000", "netIncome": "21227000"}, {"fiscalDateEnding": "2023-10-31", "reportedCurrency": "USD", "grossProfit": "103159000", "totalRevenue": "473867000", "costOfRevenue": "370708000", "costofGoodsAndServicesSold": "370708000", "operatingIncome": "45438000", "sellingGeneralAndAdministrative": "35036000", "researchAndDevelopment": "None", "operatingExpenses": "57721000", "investmentIncomeNet": "None", "netInterestIncome": "-1953000", "interestIncome": "None", "interestExpense": "1953000", "nonInterestIncome": "None", "otherNonOperatingIncome": "None", "depreciation": "None", "depreciationAndAmortization": "23064000", "incomeBeforeTax": "40461000", "incomeTaxExpense": "10120000", "interestAndDebtExpense": "None", "netIncomeFromContinuingOperations": "30341000", "comprehensiveIncomeNetOfTax": "None", "ebit": "42414000", "ebitda": "65478000", "netIncome": "30341000"}, {"fiscalDateEnding": "2023-07-31", "reportedCurrency": "USD", "grossProfit": "109609000", "totalRevenue": "498255000", "costOfRevenue": "388646000", "costofGoodsAndServicesSold": "388646000", "operatingIncome": "49655000", "sellingGeneralAndAdministrative": "35594000", "researchAndDevelopment": "None", "operatingExpenses": "59954000", "investmentIncomeNet": "None", "netInterestIncome": "-2437000", "interestIncome": "None", "interestExpense": "2437000", "nonInterestIncome": "None", "otherNonOperatingIncome": "1075000", "depreciation": "None", "depreciationAndAmortization": "23162000", "incomeBeforeTax": "48465000", "incomeTaxExpense": "10615000", "interestAndDebtExpense": "None", "netIncomeFromContinuingOperations": "37850000", "comprehensiveIncomeNetOfTax": "None", "ebit": "50902000", "ebitda": "74064000", "netIncome": "37850000"}, {"fiscalDateEnding": "2023-04-30", "reportedCurrency": "USD", "grossProfit": "96703000", "totalRevenue": "481095000", "costOfRevenue": "384392000", "costofGoodsAndServicesSold": "384392000", "operatingIncome": "39751000", "sellingGeneralAndAdministrative": "33916000", "researchAndDevelopment": "None", "operatingExpenses": "56737000", "investmentIncomeNet": "None", "netInterestIncome": "-3216000", "interestIncome": "None", "interestExpense": "3216000", "nonInterestIncome": "None", "otherNonOperatingIncome": "None", "depreciation": "None", "depreciationAndAmortization": "22916000", "incomeBeforeTax": "37829000", "incomeTaxExpense": "7688000", "interestAndDebtExpense": "None", "netIncomeFromContinuingOperations": "30141000", "comprehensiveIncomeNetOfTax": "None", "ebit": "41045000", "ebitda": "63961000", "netIncome": "30141000"}, {"fiscalDateEnding": "2023-01-31", "reportedCurrency": "USD", "grossProfit": "75340000", "totalRevenue": "480713000", "costOfRevenue": "405373000", "costofGoodsAndServicesSold": "405373000", "operatingIncome": "23818000", "sellingGeneralAndAdministrative": "28848000", "researchAndDevelopment": "None", "operatingExpenses": "50505000", "investmentIncomeNet": "None", "netInterestIncome": "-4303000", "interestIncome": "None", "interestExpense": "4303000", "nonInterestIncome": "None", "otherNonOperatingIncome": "None", "depreciation": "None", "depreciationAndAmortization": "23230000", "incomeBeforeTax": "19633000", "incomeTaxExpense": "4905000", "interestAndDebtExpense": "None", "netIncomeFromContinuingOperations": "14728000", "comprehensiveIncomeNetOfTax": "None", "ebit": "23936000", "ebitda": "47166000", "netIncome": "14728000"}, {"fiscalDateEnding": "2022-10-31", "reportedCurrency": "USD", "grossProfit": "98734000", "totalRevenue": "561499000", "costOfRevenue": "462765000", "costofGoodsAndServicesSold": "462765000", "operatingIncome": "41982000", "sellingGeneralAndAdministrative": "32101000", "researchAndDevelopment": "None", "operatingExpenses": "56752000", "investmentIncomeNet": "None", "netInterestIncome": "-4422000", "interestIncome": "None", "interestExpense": "4422000", "nonInterestIncome": "None", "otherNonOperatingIncome": "897000", "depreciation": "None", "depreciationAndAmortization": "30428000", "incomeBeforeTax": "38463000", "incomeTaxExpense": "9679000", "interestAndDebtExpense": "None", "netIncomeFromContinuingOperations": "28784000", "comprehensiveIncomeNetOfTax": "None", "ebit": "42885000", "ebitda": "73313000", "netIncome": "28784000"}, {"fiscalDateEnding": "2022-07-31", "reportedCurrency": "USD", "grossProfit": "86747000", "totalRevenue": "542893000", "costOfRevenue": "456146000", "costofGoodsAndServicesSold": "456146000", "operatingIncome": "30801000", "sellingGeneralAndAdministrative": "30180000", "researchAndDevelopment": "None", "operatingExpenses": "55946000", "investmentIncomeNet": "None", "netInterestIncome": "-4053000", "interestIncome": "None", "interestExpense": "4053000", "nonInterestIncome": "None", "otherNonOperatingIncome": "None", "depreciation": "None", "depreciationAndAmortization": "30625000", "incomeBeforeTax": "26761000", "incomeTaxExpense": "6691000", "interestAndDebtExpense": "None", "netIncomeFromContinuingOperations": "20070000", "comprehensiveIncomeNetOfTax": "None", "ebit": "30814000", "ebitda": "61439000", "netIncome": "20070000"}, {"fiscalDateEnding": "2022-04-30", "reportedCurrency": "USD", "grossProfit": "69729000", "totalRevenue": "501706000", "costOfRevenue": "431977000", "costofGoodsAndServicesSold": "431977000", "operatingIncome": "18946000", "sellingGeneralAndAdministrative": "25909000", "researchAndDevelopment": "None", "operatingExpenses": "50710000", "investmentIncomeNet": "None", "netInterestIncome": "-2988000", "interestIncome": "None", "interestExpense": "2988000", "nonInterestIncome": "None", "otherNonOperatingIncome": "None", "depreciation": "None", "depreciationAndAmortization": "-3707000", "incomeBeforeTax": "17068000", "incomeTaxExpense": "2544000", "interestAndDebtExpense": "None", "netIncomeFromContinuingOperations": "14524000", "comprehensiveIncomeNetOfTax": "None", "ebit": "47666000", "ebitda": "43959000", "netIncome": "14524000"}, {"fiscalDateEnding": "2022-01-31", "reportedCurrency": "USD", "grossProfit": "51820000", "totalRevenue": "459736000", "costOfRevenue": "407916000", "costofGoodsAndServicesSold": "407916000", "operatingIncome": "5224000", "sellingGeneralAndAdministrative": "23270000", "researchAndDevelopment": "None", "operatingExpenses": "46723000", "investmentIncomeNet": "None", "netInterestIncome": "-2668000", "interestIncome": "None", "interestExpense": "2668000", "nonInterestIncome": "None", "otherNonOperatingIncome": "329000", "depreciation": "None", "depreciationAndAmortization": "30763000", "incomeBeforeTax": "-66567000", "incomeTaxExpense": "-17310000", "interestAndDebtExpense": "None", "netIncomeFromContinuingOperations": "-49257000", "comprehensiveIncomeNetOfTax": "None", "ebit": "-63899000", "ebitda": "-33136000", "netIncome": "-49257000"}, {"fiscalDateEnding": "2021-10-31", "reportedCurrency": "USD", "grossProfit": "51694000", "totalRevenue": "453163000", "costOfRevenue": "401469000", "costofGoodsAndServicesSold": "401469000", "operatingIncome": "5533000", "sellingGeneralAndAdministrative": "24596000", "researchAndDevelopment": "None", "operatingExpenses": "46164000", "investmentIncomeNet": "None", "netInterestIncome": "-2360000", "interestIncome": "None", "interestExpense": "2360000", "nonInterestIncome": "None", "otherNonOperatingIncome": "-863000", "depreciation": "None", "depreciationAndAmortization": "31366000", "incomeBeforeTax": "2310000", "incomeTaxExpense": "280000", "interestAndDebtExpense": "None", "netIncomeFromContinuingOperations": "2030000", "comprehensiveIncomeNetOfTax": "None", "ebit": "4670000", "ebitda": "36036000", "netIncome": "2030000"}, {"fiscalDateEnding": "2021-07-31", "reportedCurrency": "USD", "grossProfit": "53443000", "totalRevenue": "442581000", "costOfRevenue": "389138000", "costofGoodsAndServicesSold": "389138000", "operatingIncome": "6456000", "sellingGeneralAndAdministrative": "23687000", "researchAndDevelopment": "None", "operatingExpenses": "46674000", "investmentIncomeNet": "None", "netInterestIncome": "-2173000", "interestIncome": "None", "interestExpense": "2173000", "nonInterestIncome": "None", "otherNonOperatingIncome": "None", "depreciation": "None", "depreciationAndAmortization": "31397000", "incomeBeforeTax": "4210000", "incomeTaxExpense": "1229000", "interestAndDebtExpense": "None", "netIncomeFromContinuingOperations": "2981000", "comprehensiveIncomeNetOfTax": "None", "ebit": "6183000", "ebitda": "37580000", "netIncome": "2981000"}, {"fiscalDateEnding": "2021-04-30", "reportedCurrency": "USD", "grossProfit": "73806000", "totalRevenue": "473390000", "costOfRevenue": "399584000", "costofGoodsAndServicesSold": "399584000", "operatingIncome": "21397000", "sellingGeneralAndAdministrative": "25869000", "researchAndDevelopment": "None", "operatingExpenses": "51965000", "investmentIncomeNet": "None", "netInterestIncome": "-5371000", "interestIncome": "None", "interestExpense": "5371000", "nonInterestIncome": "None", "otherNonOperatingIncome": "-14045000", "depreciation": "None", "depreciationAndAmortization": "23807000", "incomeBeforeTax": "1981000", "incomeTaxExpense": "-846000", "interestAndDebtExpense": "None", "netIncomeFromContinuingOperations": "2827000", "comprehensiveIncomeNetOfTax": "None", "ebit": "24317000", "ebitda": "48124000", "netIncome": "2827000"}, {"fiscalDateEnding": "2021-01-31", "reportedCurrency": "USD", "grossProfit": "75820000", "totalRevenue": "431954000", "costOfRevenue": "356134000", "costofGoodsAndServicesSold": "356134000", "operatingIncome": "28603000", "sellingGeneralAndAdministrative": "26202000", "researchAndDevelopment": "None", "operatingExpenses": "48064000", "investmentIncomeNet": "None", "netInterestIncome": "-5746000", "interestIncome": "None", "interestExpense": "5746000", "nonInterestIncome": "None", "otherNonOperatingIncome": "259000", "depreciation": "None", "depreciationAndAmortization": "24703000", "incomeBeforeTax": "23116000", "incomeTaxExpense": "5921000", "interestAndDebtExpense": "None", "netIncomeFromContinuingOperations": "17195000", "comprehensiveIncomeNetOfTax": "None", "ebit": "30538000", "ebitda": "55241000", "netIncome": "17195000"}, {"fiscalDateEnding": "2020-10-31", "reportedCurrency": "USD", "grossProfit": "89511000", "totalRevenue": "448583000", "costOfRevenue": "359072000", "costofGoodsAndServicesSold": "359072000", "operatingIncome": "34883000", "sellingGeneralAndAdministrative": "30229000", "researchAndDevelopment": "None", "operatingExpenses": "51837000", "investmentIncomeNet": "None", "netInterestIncome": "-5981000", "interestIncome": "None", "interestExpense": "5981000", "nonInterestIncome": "None", "otherNonOperatingIncome": "981000", "depreciation": "None", "depreciationAndAmortization": "25427000", "incomeBeforeTax": "29883000", "incomeTaxExpense": "7627000", "interestAndDebtExpense": "None", "netIncomeFromContinuingOperations": "22256000", "comprehensiveIncomeNetOfTax": "None", "ebit": "35864000", "ebitda": "61291000", "netIncome": "22256000"}, {"fiscalDateEnding": "2020-07-31", "reportedCurrency": "USD", "grossProfit": "80138000", "totalRevenue": "390087000", "costOfRevenue": "309949000", "costofGoodsAndServicesSold": "309949000", "operatingIncome": "26797000", "sellingGeneralAndAdministrative": "29983000", "researchAndDevelopment": "None", "operatingExpenses": "49881000", "investmentIncomeNet": "None", "netInterestIncome": "-6030000", "interestIncome": "None", "interestExpense": "6030000", "nonInterestIncome": "None", "otherNonOperatingIncome": "1688000", "depreciation": "None", "depreciationAndAmortization": "26352000", "incomeBeforeTax": "22455000", "incomeTaxExpense": "5970000", "interestAndDebtExpense": "None", "netIncomeFromContinuingOperations": "16485000", "comprehensiveIncomeNetOfTax": "None", "ebit": "28485000", "ebitda": "54837000", "netIncome": "16485000"}, {"fiscalDateEnding": "2020-04-30", "reportedCurrency": "USD", "grossProfit": "75269000", "totalRevenue": "399197000", "costOfRevenue": "323928000", "costofGoodsAndServicesSold": "323928000", "operatingIncome": "26923000", "sellingGeneralAndAdministrative": "27088000", "researchAndDevelopment": "None", "operatingExpenses": "48157000", "investmentIncomeNet": "None", "netInterestIncome": "-6579000", "interestIncome": "7681000", "interestExpense": "6579000", "nonInterestIncome": "None", "otherNonOperatingIncome": "None", "depreciation": "None", "depreciationAndAmortization": "5689000", "incomeBeforeTax": "16958000", "incomeTaxExpense": "3945000", "interestAndDebtExpense": "None", "netIncomeFromContinuingOperations": "13013000", "comprehensiveIncomeNetOfTax": "None", "ebit": "27112000", "ebitda": "32801000", "netIncome": "13013000"}, {"fiscalDateEnding": "2020-01-31", "reportedCurrency": "USD", "grossProfit": "72348000", "totalRevenue": "395755000", "costOfRevenue": "323407000", "costofGoodsAndServicesSold": "323407000", "operatingIncome": "24033000", "sellingGeneralAndAdministrative": "26914000", "researchAndDevelopment": "None", "operatingExpenses": "48315000", "investmentIncomeNet": "None", "netInterestIncome": "-6924000", "interestIncome": "6924000", "interestExpense": "6924000", "nonInterestIncome": "None", "otherNonOperatingIncome": "165000", "depreciation": "None", "depreciationAndAmortization": "24835000", "incomeBeforeTax": "17274000", "incomeTaxExpense": "4470000", "interestAndDebtExpense": "None", "netIncomeFromContinuingOperations": "12804000", "comprehensiveIncomeNetOfTax": "None", "ebit": "24198000", "ebitda": "49033000", "netIncome": "12804000"}, {"fiscalDateEnding": "2019-10-31", "reportedCurrency": "USD", "grossProfit": "87050000", "totalRevenue": "428016000", "costOfRevenue": "340966000", "costofGoodsAndServicesSold": "340966000", "operatingIncome": "36887000", "sellingGeneralAndAdministrative": "29900000", "researchAndDevelopment": "None", "operatingExpenses": "50351000", "investmentIncomeNet": "None", "netInterestIncome": "-7436000", "interestIncome": "7436000", "interestExpense": "7436000", "nonInterestIncome": "None", "otherNonOperatingIncome": "None", "depreciation": "None", "depreciationAndAmortization": "24414000", "incomeBeforeTax": "29978000", "incomeTaxExpense": "7815000", "interestAndDebtExpense": "None", "netIncomeFromContinuingOperations": "22163000", "comprehensiveIncomeNetOfTax": "None", "ebit": "37414000", "ebitda": "61828000", "netIncome": "22163000"}, {"fiscalDateEnding": "2019-07-31", "reportedCurrency": "USD", "grossProfit": "94519000", "totalRevenue": "427365000", "costOfRevenue": "332846000", "costofGoodsAndServicesSold": "332846000", "operatingIncome": "44419000", "sellingGeneralAndAdministrative": "29432000", "researchAndDevelopment": "None", "operatingExpenses": "50119000", "investmentIncomeNet": "None", "netInterestIncome": "-8088000", "interestIncome": "8088000", "interestExpense": "8088000", "nonInterestIncome": "None", "otherNonOperatingIncome": "7000", "depreciation": "None", "depreciationAndAmortization": "24113000", "incomeBeforeTax": "36338000", "incomeTaxExpense": "9457000", "interestAndDebtExpense": "None", "netIncomeFromContinuingOperations": "26881000", "comprehensiveIncomeNetOfTax": "None", "ebit": "44400000", "ebitda": "68513000", "netIncome": "26881000"}, {"fiscalDateEnding": "2019-04-30", "reportedCurrency": "USD", "grossProfit": "87122000", "totalRevenue": "407399000", "costOfRevenue": "320277000", "costofGoodsAndServicesSold": "320277000", "operatingIncome": "38553000", "sellingGeneralAndAdministrative": "26907000", "researchAndDevelopment": "None", "operatingExpenses": "48643000", "investmentIncomeNet": "None", "netInterestIncome": "-8448000", "interestIncome": "8448000", "interestExpense": "8448000", "nonInterestIncome": "None", "otherNonOperatingIncome": "-1291000", "depreciation": "None", "depreciationAndAmortization": "24162000", "incomeBeforeTax": "28814000", "incomeTaxExpense": "6790000", "interestAndDebtExpense": "None", "netIncomeFromContinuingOperations": "22024000", "comprehensiveIncomeNetOfTax": "None", "ebit": "37262000", "ebitda": "61424000", "netIncome": "22024000"}, {"fiscalDateEnding": "2019-01-31", "reportedCurrency": "USD", "grossProfit": "76853000", "totalRevenue": "384080000", "costOfRevenue": "307227000", "costofGoodsAndServicesSold": "307227000", "operatingIncome": "27150000", "sellingGeneralAndAdministrative": "27462000", "researchAndDevelopment": "0", "operatingExpenses": "49677000", "investmentIncomeNet": "None", "netInterestIncome": "None", "interestIncome": "None", "interestExpense": "8836000", "nonInterestIncome": "None", "otherNonOperatingIncome": "5812000", "depreciation": "None", "depreciationAndAmortization": "23558000", "incomeBeforeTax": "24126000", "incomeTaxExpense": "5717000", "interestAndDebtExpense": "None", "netIncomeFromContinuingOperations": "18409000", "comprehensiveIncomeNetOfTax": "None", "ebit": "27176000", "ebitda": "50734000", "netIncome": "18409000"}, {"fiscalDateEnding": "2018-10-31", "reportedCurrency": "USD", "grossProfit": "86762000", "totalRevenue": "424878000", "costOfRevenue": "338116000", "costofGoodsAndServicesSold": "338116000", "operatingIncome": "35464000", "sellingGeneralAndAdministrative": "28718000", "researchAndDevelopment": "0", "operatingExpenses": "51704000", "investmentIncomeNet": "None", "netInterestIncome": "None", "interestIncome": "None", "interestExpense": "8943000", "nonInterestIncome": "None", "otherNonOperatingIncome": "-1112000", "depreciation": "None", "depreciationAndAmortization": "23708000", "incomeBeforeTax": "25409000", "incomeTaxExpense": "6921000", "interestAndDebtExpense": "None", "netIncomeFromContinuingOperations": "18488000", "comprehensiveIncomeNetOfTax": "None", "ebit": "35058000", "ebitda": "58766000", "netIncome": "18488000"}, {"fiscalDateEnding": "2018-07-31", "reportedCurrency": "USD", "grossProfit": "95736000", "totalRevenue": "428962000", "costOfRevenue": "333226000", "costofGoodsAndServicesSold": "333226000", "operatingIncome": "40527000", "sellingGeneralAndAdministrative": "29830000", "researchAndDevelopment": "0", "operatingExpenses": "52768000", "investmentIncomeNet": "None", "netInterestIncome": "None", "interestIncome": "None", "interestExpense": "9425000", "nonInterestIncome": "None", "otherNonOperatingIncome": "1437000", "depreciation": "None", "depreciationAndAmortization": "23018000", "incomeBeforeTax": "32539000", "incomeTaxExpense": "7772000", "interestAndDebtExpense": "None", "netIncomeFromContinuingOperations": "24767000", "comprehensiveIncomeNetOfTax": "None", "ebit": "41964000", "ebitda": "64982000", "netIncome": "24767000"}, {"fiscalDateEnding": "2018-04-30", "reportedCurrency": "USD", "grossProfit": "89195000", "totalRevenue": "405887000", "costOfRevenue": "316692000", "costofGoodsAndServicesSold": "316692000", "operatingIncome": "38336000", "sellingGeneralAndAdministrative": "28413000", "researchAndDevelopment": "0", "operatingExpenses": "50859000", "investmentIncomeNet": "None", "netInterestIncome": "None", "interestIncome": "None", "interestExpense": "8451000", "nonInterestIncome": "None", "otherNonOperatingIncome": "-1724000", "depreciation": "None", "depreciationAndAmortization": "23342000", "incomeBeforeTax": "28161000", "incomeTaxExpense": "9052000", "interestAndDebtExpense": "None", "netIncomeFromContinuingOperations": "19109000", "comprehensiveIncomeNetOfTax": "None", "ebit": "36612000", "ebitda": "59954000", "netIncome": "19109000"}, {"fiscalDateEnding": "2018-01-31", "reportedCurrency": "USD", "grossProfit": "50379000", "totalRevenue": "292791000", "costOfRevenue": "242412000", "costofGoodsAndServicesSold": "242412000", "operatingIncome": "7720000", "sellingGeneralAndAdministrative": "23492000", "researchAndDevelopment": "0", "operatingExpenses": "42659000", "investmentIncomeNet": "None", "netInterestIncome": "None", "interestIncome": "None", "interestExpense": "4035000", "nonInterestIncome": "None", "otherNonOperatingIncome": "542000", "depreciation": "None", "depreciationAndAmortization": "10685000", "incomeBeforeTax": "3764000", "incomeTaxExpense": "1768000", "interestAndDebtExpense": "None", "netIncomeFromContinuingOperations": "1996000", "comprehensiveIncomeNetOfTax": "None", "ebit": "7799000", "ebitda": "18484000", "netIncome": "1996000"}, {"fiscalDateEnding": "2017-10-31", "reportedCurrency": "USD", "grossProfit": "57335000", "totalRevenue": "274769000", "costOfRevenue": "217434000", "costofGoodsAndServicesSold": "217434000", "operatingIncome": "30815000", "sellingGeneralAndAdministrative": "8443000", "researchAndDevelopment": "0", "operatingExpenses": "26520000", "investmentIncomeNet": "None", "netInterestIncome": "None", "interestIncome": "None", "interestExpense": "648000", "nonInterestIncome": "None", "otherNonOperatingIncome": "672000", "depreciation": "None", "depreciationAndAmortization": "5441000", "incomeBeforeTax": "31463000", "incomeTaxExpense": "11708000", "interestAndDebtExpense": "None", "netIncomeFromContinuingOperations": "19755000", "comprehensiveIncomeNetOfTax": "None", "ebit": "30815000", "ebitda": "36256000", "netIncome": "19755000"}, {"fiscalDateEnding": "2017-07-31", "reportedCurrency": "USD", "grossProfit": "58494000", "totalRevenue": "276827000", "costOfRevenue": "218333000", "costofGoodsAndServicesSold": "218333000", "operatingIncome": "30834000", "sellingGeneralAndAdministrative": "9507000", "researchAndDevelopment": "0", "operatingExpenses": "27660000", "investmentIncomeNet": "None", "netInterestIncome": "None", "interestIncome": "None", "interestExpense": "538000", "nonInterestIncome": "None", "otherNonOperatingIncome": "619000", "depreciation": "None", "depreciationAndAmortization": "5536000", "incomeBeforeTax": "31372000", "incomeTaxExpense": "9091000", "interestAndDebtExpense": "None", "netIncomeFromContinuingOperations": "22281000", "comprehensiveIncomeNetOfTax": "None", "ebit": "30633000", "ebitda": "36169000", "netIncome": "22281000"}, {"fiscalDateEnding": "2017-04-30", "reportedCurrency": "USD", "grossProfit": "57571000", "totalRevenue": "258737000", "costOfRevenue": "201166000", "costofGoodsAndServicesSold": "201166000", "operatingIncome": "26384000", "sellingGeneralAndAdministrative": "12336000", "researchAndDevelopment": "0", "operatingExpenses": "31187000", "investmentIncomeNet": "None", "netInterestIncome": "None", "interestIncome": "None", "interestExpense": "109000", "nonInterestIncome": "None", "otherNonOperatingIncome": "487000", "depreciation": "None", "depreciationAndAmortization": "4963000", "incomeBeforeTax": "26762000", "incomeTaxExpense": "9414000", "interestAndDebtExpense": "None", "netIncomeFromContinuingOperations": "17348000", "comprehensiveIncomeNetOfTax": "None", "ebit": "26871000", "ebitda": "31834000", "netIncome": "17348000"}, {"fiscalDateEnding": "2017-01-31", "reportedCurrency": "USD", "grossProfit": "51596000", "totalRevenue": "249285000", "costOfRevenue": "197689000", "costofGoodsAndServicesSold": "197689000", "operatingIncome": "21601000", "sellingGeneralAndAdministrative": "11476000", "researchAndDevelopment": "0", "operatingExpenses": "29995000", "investmentIncomeNet": "None", "netInterestIncome": "None", "interestIncome": "None", "interestExpense": "447000", "nonInterestIncome": "None", "otherNonOperatingIncome": "619000", "depreciation": "None", "depreciationAndAmortization": "4846000", "incomeBeforeTax": "21773000", "incomeTaxExpense": "7220000", "interestAndDebtExpense": "None", "netIncomeFromContinuingOperations": "14553000", "comprehensiveIncomeNetOfTax": "None", "ebit": "22220000", "ebitda": "27066000", "netIncome": "14553000"}, {"fiscalDateEnding": "2016-10-31", "reportedCurrency": "USD", "grossProfit": "56152000", "totalRevenue": "264076000", "costOfRevenue": "207924000", "costofGoodsAndServicesSold": "207924000", "operatingIncome": "28331000", "sellingGeneralAndAdministrative": "10675000", "researchAndDevelopment": "0", "operatingExpenses": "27821000", "investmentIncomeNet": "None", "netInterestIncome": "None", "interestIncome": "None", "interestExpense": "170000", "nonInterestIncome": "None", "otherNonOperatingIncome": "269000", "depreciation": "None", "depreciationAndAmortization": "4376000", "incomeBeforeTax": "28430000", "incomeTaxExpense": "10793000", "interestAndDebtExpense": "None", "netIncomeFromContinuingOperations": "17637000", "comprehensiveIncomeNetOfTax": "None", "ebit": "28600000", "ebitda": "32976000", "netIncome": "17637000"}, {"fiscalDateEnding": "2016-07-31", "reportedCurrency": "USD", "grossProfit": "59317000", "totalRevenue": "258150000", "costOfRevenue": "198833000", "costofGoodsAndServicesSold": "198833000", "operatingIncome": "31922000", "sellingGeneralAndAdministrative": "10932000", "researchAndDevelopment": "0", "operatingExpenses": "27395000", "investmentIncomeNet": "None", "netInterestIncome": "None", "interestIncome": "None", "interestExpense": "159000", "nonInterestIncome": "None", "otherNonOperatingIncome": "197000", "depreciation": "None", "depreciationAndAmortization": "4497000", "incomeBeforeTax": "31960000", "incomeTaxExpense": "10299000", "interestAndDebtExpense": "None", "netIncomeFromContinuingOperations": "21661000", "comprehensiveIncomeNetOfTax": "None", "ebit": "32119000", "ebitda": "36616000", "netIncome": "21661000"}, {"fiscalDateEnding": "2016-04-30", "reportedCurrency": "USD", "grossProfit": "48871000", "totalRevenue": "240923000", "costOfRevenue": "192052000", "costofGoodsAndServicesSold": "192052000", "operatingIncome": "22160000", "sellingGeneralAndAdministrative": "9398000", "researchAndDevelopment": "0", "operatingExpenses": "26711000", "investmentIncomeNet": "None", "netInterestIncome": "None", "interestIncome": "None", "interestExpense": "148000", "nonInterestIncome": "None", "otherNonOperatingIncome": "-1163000", "depreciation": "None", "depreciationAndAmortization": "-11804000", "incomeBeforeTax": "20849000", "incomeTaxExpense": "7477000", "interestAndDebtExpense": "None", "netIncomeFromContinuingOperations": "13372000", "comprehensiveIncomeNetOfTax": "None", "ebit": "37453000", "ebitda": "25649000", "netIncome": "13372000"}, {"fiscalDateEnding": "2016-01-31", "reportedCurrency": "USD", "grossProfit": "44598000", "totalRevenue": "218632000", "costOfRevenue": "174034000", "costofGoodsAndServicesSold": "174034000", "operatingIncome": "18741000", "sellingGeneralAndAdministrative": "9183000", "researchAndDevelopment": "0", "operatingExpenses": "25857000", "investmentIncomeNet": "None", "netInterestIncome": "None", "interestIncome": "None", "interestExpense": "119000", "nonInterestIncome": "None", "otherNonOperatingIncome": "61000", "depreciation": "None", "depreciationAndAmortization": "4291000", "incomeBeforeTax": "18683000", "incomeTaxExpense": "6670000", "interestAndDebtExpense": "None", "netIncomeFromContinuingOperations": "12013000", "comprehensiveIncomeNetOfTax": "None", "ebit": "18802000", "ebitda": "23093000", "netIncome": "12013000"}, {"fiscalDateEnding": "2015-10-31", "reportedCurrency": "USD", "grossProfit": "56052000", "totalRevenue": "256292000", "costOfRevenue": "200240000", "costofGoodsAndServicesSold": "200240000", "operatingIncome": "28536000", "sellingGeneralAndAdministrative": "10733000", "researchAndDevelopment": "0", "operatingExpenses": "27516000", "investmentIncomeNet": "None", "netInterestIncome": "None", "interestIncome": "None", "interestExpense": "57000", "nonInterestIncome": "None", "otherNonOperatingIncome": "54000", "depreciation": "None", "depreciationAndAmortization": "3955000", "incomeBeforeTax": "28533000", "incomeTaxExpense": "10353000", "interestAndDebtExpense": "None", "netIncomeFromContinuingOperations": "18180000", "comprehensiveIncomeNetOfTax": "None", "ebit": "28590000", "ebitda": "32545000", "netIncome": "18180000"}, {"fiscalDateEnding": "2015-07-31", "reportedCurrency": "USD", "grossProfit": "50173000", "totalRevenue": "231198000", "costOfRevenue": "181025000", "costofGoodsAndServicesSold": "181025000", "operatingIncome": "23723000", "sellingGeneralAndAdministrative": "10731000", "researchAndDevelopment": "0", "operatingExpenses": "26450000", "investmentIncomeNet": "None", "netInterestIncome": "None", "interestIncome": "None", "interestExpense": "54000", "nonInterestIncome": "None", "otherNonOperatingIncome": "52000", "depreciation": "None", "depreciationAndAmortization": "3558000", "incomeBeforeTax": "23721000", "incomeTaxExpense": "8563000", "interestAndDebtExpense": "None", "netIncomeFromContinuingOperations": "15158000", "comprehensiveIncomeNetOfTax": "None", "ebit": "23775000", "ebitda": "27333000", "netIncome": "15158000"}, {"fiscalDateEnding": "2015-04-30", "reportedCurrency": "USD", "grossProfit": "43320000", "totalRevenue": "206892000", "costOfRevenue": "163572000", "costofGoodsAndServicesSold": "163572000", "operatingIncome": "18020000", "sellingGeneralAndAdministrative": "9063000", "researchAndDevelopment": "0", "operatingExpenses": "25546000", "investmentIncomeNet": "None", "netInterestIncome": "None", "interestIncome": "None", "interestExpense": "70000", "nonInterestIncome": "None", "otherNonOperatingIncome": "85000", "depreciation": "None", "depreciationAndAmortization": "-10911000", "incomeBeforeTax": "18035000", "incomeTaxExpense": "6727000", "interestAndDebtExpense": "None", "netIncomeFromContinuingOperations": "11308000", "comprehensiveIncomeNetOfTax": "None", "ebit": "32631000", "ebitda": "21720000", "netIncome": "11308000"}, {"fiscalDateEnding": "2015-01-31", "reportedCurrency": "USD", "grossProfit": "35117000", "totalRevenue": "188963000", "costOfRevenue": "153846000", "costofGoodsAndServicesSold": "153846000", "operatingIncome": "11050000", "sellingGeneralAndAdministrative": "8054000", "researchAndDevelopment": "0", "operatingExpenses": "24064000", "investmentIncomeNet": "None", "netInterestIncome": "None", "interestIncome": "None", "interestExpense": "131000", "nonInterestIncome": "None", "otherNonOperatingIncome": "57000", "depreciation": "None", "depreciationAndAmortization": "3521000", "incomeBeforeTax": "10976000", "incomeTaxExpense": "3694000", "interestAndDebtExpense": "None", "netIncomeFromContinuingOperations": "7282000", "comprehensiveIncomeNetOfTax": "None", "ebit": "11107000", "ebitda": "14628000", "netIncome": "7282000"}, {"fiscalDateEnding": "2014-10-31", "reportedCurrency": "USD", "grossProfit": "36981000", "totalRevenue": "217693000", "costOfRevenue": "180712000", "costofGoodsAndServicesSold": "180712000", "operatingIncome": "12440000", "sellingGeneralAndAdministrative": "8245000", "researchAndDevelopment": "0", "operatingExpenses": "24541000", "investmentIncomeNet": "None", "netInterestIncome": "None", "interestIncome": "None", "interestExpense": "150000", "nonInterestIncome": "None", "otherNonOperatingIncome": "32000", "depreciation": "None", "depreciationAndAmortization": "3707000", "incomeBeforeTax": "12322000", "incomeTaxExpense": "4651000", "interestAndDebtExpense": "None", "netIncomeFromContinuingOperations": "7671000", "comprehensiveIncomeNetOfTax": "None", "ebit": "12472000", "ebitda": "16179000", "netIncome": "7671000"}, {"fiscalDateEnding": "2014-07-31", "reportedCurrency": "USD", "grossProfit": "37114000", "totalRevenue": "211917000", "costOfRevenue": "174803000", "costofGoodsAndServicesSold": "174803000", "operatingIncome": "13185000", "sellingGeneralAndAdministrative": "8411000", "researchAndDevelopment": "0", "operatingExpenses": "23926000", "investmentIncomeNet": "None", "netInterestIncome": "None", "interestIncome": "None", "interestExpense": "164000", "nonInterestIncome": "None", "otherNonOperatingIncome": "33000", "depreciation": "None", "depreciationAndAmortization": "3683000", "incomeBeforeTax": "13054000", "incomeTaxExpense": "3816000", "interestAndDebtExpense": "None", "netIncomeFromContinuingOperations": "9238000", "comprehensiveIncomeNetOfTax": "None", "ebit": "13218000", "ebitda": "16901000", "netIncome": "9238000"}, {"fiscalDateEnding": "2014-04-30", "reportedCurrency": "USD", "grossProfit": "32187000", "totalRevenue": "188855000", "costOfRevenue": "156668000", "costofGoodsAndServicesSold": "156668000", "operatingIncome": "9358000", "sellingGeneralAndAdministrative": "8326000", "researchAndDevelopment": "0", "operatingExpenses": "23224000", "investmentIncomeNet": "None", "netInterestIncome": "None", "interestIncome": "None", "interestExpense": "174000", "nonInterestIncome": "None", "otherNonOperatingIncome": "220000", "depreciation": "None", "depreciationAndAmortization": "-10859000", "incomeBeforeTax": "9404000", "incomeTaxExpense": "3770000", "interestAndDebtExpense": "None", "netIncomeFromContinuingOperations": "5634000", "comprehensiveIncomeNetOfTax": "None", "ebit": "24123000", "ebitda": "13264000", "netIncome": "5634000"}, {"fiscalDateEnding": "2014-01-31", "reportedCurrency": "USD", "grossProfit": "26001000", "totalRevenue": "169033000", "costOfRevenue": "143032000", "costofGoodsAndServicesSold": "143032000", "operatingIncome": "5102000", "sellingGeneralAndAdministrative": "6564000", "researchAndDevelopment": "0", "operatingExpenses": "20851000", "investmentIncomeNet": "None", "netInterestIncome": "None", "interestIncome": "None", "interestExpense": "182000", "nonInterestIncome": "None", "otherNonOperatingIncome": "33000", "depreciation": "None", "depreciationAndAmortization": "3676000", "incomeBeforeTax": "4953000", "incomeTaxExpense": "2052000", "interestAndDebtExpense": "None", "netIncomeFromContinuingOperations": "2901000", "comprehensiveIncomeNetOfTax": "None", "ebit": "5135000", "ebitda": "8811000", "netIncome": "2901000"}, {"fiscalDateEnding": "2013-10-31", "reportedCurrency": "USD", "grossProfit": "32274000", "totalRevenue": "190532000", "costOfRevenue": "158258000", "costofGoodsAndServicesSold": "158258000", "operatingIncome": "8786000", "sellingGeneralAndAdministrative": "7590000", "researchAndDevelopment": "0", "operatingExpenses": "23457000", "investmentIncomeNet": "None", "netInterestIncome": "None", "interestIncome": "None", "interestExpense": "186000", "nonInterestIncome": "None", "otherNonOperatingIncome": "31000", "depreciation": "None", "depreciationAndAmortization": "3641000", "incomeBeforeTax": "8631000", "incomeTaxExpense": "3360000", "interestAndDebtExpense": "None", "netIncomeFromContinuingOperations": "5271000", "comprehensiveIncomeNetOfTax": "None", "ebit": "8817000", "ebitda": "12458000", "netIncome": "5271000"}, {"fiscalDateEnding": "2013-07-31", "reportedCurrency": "USD", "grossProfit": "33715000", "totalRevenue": "178095000", "costOfRevenue": "144380000", "costofGoodsAndServicesSold": "144380000", "operatingIncome": "10842000", "sellingGeneralAndAdministrative": "8401000", "researchAndDevelopment": "0", "operatingExpenses": "22885000", "investmentIncomeNet": "None", "netInterestIncome": "None", "interestIncome": "None", "interestExpense": "186000", "nonInterestIncome": "None", "otherNonOperatingIncome": "26000", "depreciation": "None", "depreciationAndAmortization": "3542000", "incomeBeforeTax": "10682000", "incomeTaxExpense": "4027000", "interestAndDebtExpense": "None", "netIncomeFromContinuingOperations": "6655000", "comprehensiveIncomeNetOfTax": "None", "ebit": "10868000", "ebitda": "14410000", "netIncome": "6655000"}, {"fiscalDateEnding": "2013-04-30", "reportedCurrency": "USD", "grossProfit": "32312000", "totalRevenue": "171079000", "costOfRevenue": "138767000", "costofGoodsAndServicesSold": "138767000", "operatingIncome": "9010000", "sellingGeneralAndAdministrative": "8598000", "researchAndDevelopment": "0", "operatingExpenses": "23424000", "investmentIncomeNet": "None", "netInterestIncome": "None", "interestIncome": "None", "interestExpense": "169000", "nonInterestIncome": "None", "otherNonOperatingIncome": "37000", "depreciation": "None", "depreciationAndAmortization": "-10967000", "incomeBeforeTax": "8878000", "incomeTaxExpense": "3688000", "interestAndDebtExpense": "None", "netIncomeFromContinuingOperations": "5190000", "comprehensiveIncomeNetOfTax": "None", "ebit": "23478000", "ebitda": "12511000", "netIncome": "5190000"}, {"fiscalDateEnding": "2013-01-31", "reportedCurrency": "USD", "grossProfit": "23507000", "totalRevenue": "151346000", "costOfRevenue": "127839000", "costofGoodsAndServicesSold": "127839000", "operatingIncome": "3592000", "sellingGeneralAndAdministrative": "6714000", "researchAndDevelopment": "0", "operatingExpenses": "19797000", "investmentIncomeNet": "None", "netInterestIncome": "None", "interestIncome": "None", "interestExpense": "157000", "nonInterestIncome": "None", "otherNonOperatingIncome": "41000", "depreciation": "None", "depreciationAndAmortization": "3395000", "incomeBeforeTax": "3476000", "incomeTaxExpense": "1419000", "interestAndDebtExpense": "None", "netIncomeFromContinuingOperations": "2057000", "comprehensiveIncomeNetOfTax": "None", "ebit": "3633000", "ebitda": "7028000", "netIncome": "2057000"}, {"fiscalDateEnding": "2012-10-31", "reportedCurrency": "USD", "grossProfit": "24794000", "totalRevenue": "159760000", "costOfRevenue": "134966000", "costofGoodsAndServicesSold": "134966000", "operatingIncome": "3512000", "sellingGeneralAndAdministrative": "6624000", "researchAndDevelopment": "0", "operatingExpenses": "21198000", "investmentIncomeNet": "None", "netInterestIncome": "None", "interestIncome": "None", "interestExpense": "166000", "nonInterestIncome": "None", "otherNonOperatingIncome": "25000", "depreciation": "None", "depreciationAndAmortization": "3699000", "incomeBeforeTax": "3371000", "incomeTaxExpense": "1421000", "interestAndDebtExpense": "None", "netIncomeFromContinuingOperations": "1950000", "comprehensiveIncomeNetOfTax": "None", "ebit": "3537000", "ebitda": "7236000", "netIncome": "1950000"}, {"fiscalDateEnding": "2012-07-31", "reportedCurrency": "USD", "grossProfit": "22043000", "totalRevenue": "148252000", "costOfRevenue": "126209000", "costofGoodsAndServicesSold": "126209000", "operatingIncome": "1107000", "sellingGeneralAndAdministrative": "5639000", "researchAndDevelopment": "0", "operatingExpenses": "20159000", "investmentIncomeNet": "None", "netInterestIncome": "None", "interestIncome": "None", "interestExpense": "151000", "nonInterestIncome": "None", "otherNonOperatingIncome": "59000", "depreciation": "None", "depreciationAndAmortization": "3873000", "incomeBeforeTax": "1015000", "incomeTaxExpense": "454000", "interestAndDebtExpense": "None", "netIncomeFromContinuingOperations": "561000", "comprehensiveIncomeNetOfTax": "None", "ebit": "1166000", "ebitda": "5039000", "netIncome": "561000"}, {"fiscalDateEnding": "2012-04-30", "reportedCurrency": "USD", "grossProfit": "17366000", "totalRevenue": "136221000", "costOfRevenue": "118855000", "costofGoodsAndServicesSold": "118855000", "operatingIncome": "-9258000", "sellingGeneralAndAdministrative": "6549000", "researchAndDevelopment": "0", "operatingExpenses": "20665000", "investmentIncomeNet": "None", "netInterestIncome": "None", "interestIncome": "None", "interestExpense": "121000", "nonInterestIncome": "None", "otherNonOperatingIncome": "175000", "depreciation": "None", "depreciationAndAmortization": "6183000", "incomeBeforeTax": "-9204000", "incomeTaxExpense": "-3224000", "interestAndDebtExpense": "None", "netIncomeFromContinuingOperations": "-5980000", "comprehensiveIncomeNetOfTax": "None", "ebit": "-9083000", "ebitda": "-2900000", "netIncome": "-5980000"}, {"fiscalDateEnding": "2012-01-31", "reportedCurrency": "USD", "grossProfit": "14588000", "totalRevenue": "119976000", "costOfRevenue": "105388000", "costofGoodsAndServicesSold": "105388000", "operatingIncome": "-15703000", "sellingGeneralAndAdministrative": "6273000", "researchAndDevelopment": "0", "operatingExpenses": "19944000", "investmentIncomeNet": "None", "netInterestIncome": "None", "interestIncome": "None", "interestExpense": "132000", "nonInterestIncome": "None", "otherNonOperatingIncome": "182000", "depreciation": "None", "depreciationAndAmortization": "5718000", "incomeBeforeTax": "-15653000", "incomeTaxExpense": "-6539000", "interestAndDebtExpense": "None", "netIncomeFromContinuingOperations": "-9114000", "comprehensiveIncomeNetOfTax": "None", "ebit": "-15521000", "ebitda": "-9803000", "netIncome": "-9114000"}, {"fiscalDateEnding": "2011-10-31", "reportedCurrency": "USD", "grossProfit": "16114000", "totalRevenue": "128418000", "costOfRevenue": "112304000", "costofGoodsAndServicesSold": "112304000", "operatingIncome": "-4560000", "sellingGeneralAndAdministrative": "6166000", "researchAndDevelopment": "0", "operatingExpenses": "20674000", "investmentIncomeNet": "None", "netInterestIncome": "None", "interestIncome": "None", "interestExpense": "137000", "nonInterestIncome": "None", "otherNonOperatingIncome": "174000", "depreciation": "None", "depreciationAndAmortization": "5512000", "incomeBeforeTax": "-4523000", "incomeTaxExpense": "-1547000", "interestAndDebtExpense": "None", "netIncomeFromContinuingOperations": "-2976000", "comprehensiveIncomeNetOfTax": "None", "ebit": "-4386000", "ebitda": "1126000", "netIncome": "-2976000"}, {"fiscalDateEnding": "2011-07-31", "reportedCurrency": "USD", "grossProfit": "18407000", "totalRevenue": "131199000", "costOfRevenue": "112792000", "costofGoodsAndServicesSold": "112792000", "operatingIncome": "-3925000", "sellingGeneralAndAdministrative": "6341000", "researchAndDevelopment": "0", "operatingExpenses": "22317000", "investmentIncomeNet": "None", "netInterestIncome": "None", "interestIncome": "None", "interestExpense": "137000", "nonInterestIncome": "None", "otherNonOperatingIncome": "154000", "depreciation": "None", "depreciationAndAmortization": "5974000", "incomeBeforeTax": "-3908000", "incomeTaxExpense": "-1192000", "interestAndDebtExpense": "None", "netIncomeFromContinuingOperations": "-2716000", "comprehensiveIncomeNetOfTax": "None", "ebit": "-3771000", "ebitda": "2203000", "netIncome": "-2716000"}, {"fiscalDateEnding": "2011-04-30", "reportedCurrency": "USD", "grossProfit": "16384000", "totalRevenue": "124230000", "costOfRevenue": "107846000", "costofGoodsAndServicesSold": "107846000", "operatingIncome": "-4106000", "sellingGeneralAndAdministrative": "5426000", "researchAndDevelopment": "0", "operatingExpenses": "20483000", "investmentIncomeNet": "None", "netInterestIncome": "None", "interestIncome": "None", "interestExpense": "139000", "nonInterestIncome": "None", "otherNonOperatingIncome": "None", "depreciation": "None", "depreciationAndAmortization": "6345000", "incomeBeforeTax": "-3158000", "incomeTaxExpense": "230000", "interestAndDebtExpense": "None", "netIncomeFromContinuingOperations": "0", "comprehensiveIncomeNetOfTax": "None", "ebit": "-3019000", "ebitda": "3326000", "netIncome": "-3388000"}, {"fiscalDateEnding": "2011-01-31", "reportedCurrency": "USD", "grossProfit": "12164000", "totalRevenue": "111443000", "costOfRevenue": "99279000", "costofGoodsAndServicesSold": "99279000", "operatingIncome": "-9342000", "sellingGeneralAndAdministrative": "5421000", "researchAndDevelopment": "0", "operatingExpenses": "21490000", "investmentIncomeNet": "None", "netInterestIncome": "None", "interestIncome": "None", "interestExpense": "141000", "nonInterestIncome": "None", "otherNonOperatingIncome": "None", "depreciation": "None", "depreciationAndAmortization": "6541000", "incomeBeforeTax": "-9309000", "incomeTaxExpense": "-3481000", "interestAndDebtExpense": "None", "netIncomeFromContinuingOperations": "0", "comprehensiveIncomeNetOfTax": "None", "ebit": "-9168000", "ebitda": "-2627000", "netIncome": "-5828000"}, {"fiscalDateEnding": "2010-10-31", "reportedCurrency": "USD", "grossProfit": "9816000", "totalRevenue": "107613000", "costOfRevenue": "97797000", "costofGoodsAndServicesSold": "97797000", "operatingIncome": "-12045000", "sellingGeneralAndAdministrative": "6040000", "researchAndDevelopment": "0", "operatingExpenses": "21845000", "investmentIncomeNet": "None", "netInterestIncome": "None", "interestIncome": "None", "interestExpense": "144000", "nonInterestIncome": "None", "otherNonOperatingIncome": "None", "depreciation": "None", "depreciationAndAmortization": "6756000", "incomeBeforeTax": "-11958000", "incomeTaxExpense": "-4574000", "interestAndDebtExpense": "None", "netIncomeFromContinuingOperations": "0", "comprehensiveIncomeNetOfTax": "None", "ebit": "-11814000", "ebitda": "-5058000", "netIncome": "-7384000"}, {"fiscalDateEnding": "2010-07-31", "reportedCurrency": "USD", "grossProfit": "14387000", "totalRevenue": "109303000", "costOfRevenue": "94916000", "costofGoodsAndServicesSold": "94916000", "operatingIncome": "-5561000", "sellingGeneralAndAdministrative": "5822000", "researchAndDevelopment": "0", "operatingExpenses": "19925000", "investmentIncomeNet": "None", "netInterestIncome": "None", "interestIncome": "None", "interestExpense": "148000", "nonInterestIncome": "None", "otherNonOperatingIncome": "None", "depreciation": "None", "depreciationAndAmortization": "7061000", "incomeBeforeTax": "-5535000", "incomeTaxExpense": "-2117000", "interestAndDebtExpense": "None", "netIncomeFromContinuingOperations": "0", "comprehensiveIncomeNetOfTax": "None", "ebit": "-5387000", "ebitda": "1674000", "netIncome": "-3418000"}, {"fiscalDateEnding": "2010-04-30", "reportedCurrency": "USD", "grossProfit": "18506000", "totalRevenue": "112407000", "costOfRevenue": "93901000", "costofGoodsAndServicesSold": "93901000", "operatingIncome": "-3910000", "sellingGeneralAndAdministrative": "7457000", "researchAndDevelopment": "0", "operatingExpenses": "22344000", "investmentIncomeNet": "None", "netInterestIncome": "None", "interestIncome": "None", "interestExpense": "147000", "nonInterestIncome": "None", "otherNonOperatingIncome": "None", "depreciation": "None", "depreciationAndAmortization": "7229000", "incomeBeforeTax": "-3764000", "incomeTaxExpense": "-2230000", "interestAndDebtExpense": "None", "netIncomeFromContinuingOperations": "0", "comprehensiveIncomeNetOfTax": "None", "ebit": "-3617000", "ebitda": "3612000", "netIncome": "-1534000"}, {"fiscalDateEnding": "2010-01-31", "reportedCurrency": "USD", "grossProfit": "5912000", "totalRevenue": "89230000", "costOfRevenue": "83318000", "costofGoodsAndServicesSold": "83318000", "operatingIncome": "-14596000", "sellingGeneralAndAdministrative": "6370000", "researchAndDevelopment": "0", "operatingExpenses": "20559000", "investmentIncomeNet": "None", "netInterestIncome": "None", "interestIncome": "None", "interestExpense": "155000", "nonInterestIncome": "None", "otherNonOperatingIncome": "None", "depreciation": "None", "depreciationAndAmortization": "7493000", "incomeBeforeTax": "-14594000", "incomeTaxExpense": "-5473000", "interestAndDebtExpense": "None", "netIncomeFromContinuingOperations": "0", "comprehensiveIncomeNetOfTax": "None", "ebit": "-14439000", "ebitda": "-6946000", "netIncome": "-9121000"}, {"fiscalDateEnding": "2009-10-31", "reportedCurrency": "USD", "grossProfit": "12669000", "totalRevenue": "104068000", "costOfRevenue": "91399000", "costofGoodsAndServicesSold": "91399000", "operatingIncome": "-8454000", "sellingGeneralAndAdministrative": "6380000", "researchAndDevelopment": "0", "operatingExpenses": "20890000", "investmentIncomeNet": "None", "netInterestIncome": "None", "interestIncome": "None", "interestExpense": "166000", "nonInterestIncome": "None", "otherNonOperatingIncome": "None", "depreciation": "None", "depreciationAndAmortization": "7426000", "incomeBeforeTax": "-8447000", "incomeTaxExpense": "-3168000", "interestAndDebtExpense": "None", "netIncomeFromContinuingOperations": "0", "comprehensiveIncomeNetOfTax": "None", "ebit": "-8281000", "ebitda": "-855000", "netIncome": "-5279000"}, {"fiscalDateEnding": "2009-07-31", "reportedCurrency": "USD", "grossProfit": "11834000", "totalRevenue": "100835000", "costOfRevenue": "89001000", "costofGoodsAndServicesSold": "89001000", "operatingIncome": "-10296000", "sellingGeneralAndAdministrative": "6227000", "researchAndDevelopment": "0", "operatingExpenses": "19576000", "investmentIncomeNet": "None", "netInterestIncome": "None", "interestIncome": "None", "interestExpense": "169000", "nonInterestIncome": "None", "otherNonOperatingIncome": "None", "depreciation": "None", "depreciationAndAmortization": "8728000", "incomeBeforeTax": "-10250000", "incomeTaxExpense": "-3844000", "interestAndDebtExpense": "None", "netIncomeFromContinuingOperations": "0", "comprehensiveIncomeNetOfTax": "None", "ebit": "-10081000", "ebitda": "-1353000", "netIncome": "-6406000"}, {"fiscalDateEnding": "2009-04-30", "reportedCurrency": "USD", "grossProfit": "27577000", "totalRevenue": "140689000", "costOfRevenue": "113112000", "costofGoodsAndServicesSold": "113112000", "operatingIncome": "-5530000", "sellingGeneralAndAdministrative": "8781000", "researchAndDevelopment": "0", "operatingExpenses": "23364000", "investmentIncomeNet": "None", "netInterestIncome": "None", "interestIncome": "None", "interestExpense": "168000", "nonInterestIncome": "None", "otherNonOperatingIncome": "None", "depreciation": "None", "depreciationAndAmortization": "8984000", "incomeBeforeTax": "-5265000", "incomeTaxExpense": "-2332000", "interestAndDebtExpense": "None", "netIncomeFromContinuingOperations": "0", "comprehensiveIncomeNetOfTax": "None", "ebit": "-5097000", "ebitda": "3887000", "netIncome": "-2933000"}, {"fiscalDateEnding": "2009-01-31", "reportedCurrency": "USD", "grossProfit": "20385000", "totalRevenue": "131153000", "costOfRevenue": "110768000", "costofGoodsAndServicesSold": "110768000", "operatingIncome": "-492000", "sellingGeneralAndAdministrative": "6118000", "researchAndDevelopment": "0", "operatingExpenses": "20877000", "investmentIncomeNet": "None", "netInterestIncome": "None", "interestIncome": "None", "interestExpense": "173000", "nonInterestIncome": "None", "otherNonOperatingIncome": "None", "depreciation": "None", "depreciationAndAmortization": "8894000", "incomeBeforeTax": "-336000", "incomeTaxExpense": "-359000", "interestAndDebtExpense": "None", "netIncomeFromContinuingOperations": "0", "comprehensiveIncomeNetOfTax": "None", "ebit": "-163000", "ebitda": "8731000", "netIncome": "23000"}, {"fiscalDateEnding": "2008-10-31", "reportedCurrency": "USD", "grossProfit": "19468000", "totalRevenue": "134939000", "costOfRevenue": "115471000", "costofGoodsAndServicesSold": "115471000", "operatingIncome": "-1089000", "sellingGeneralAndAdministrative": "20557000", "researchAndDevelopment": "0", "operatingExpenses": "20557000", "investmentIncomeNet": "None", "netInterestIncome": "None", "interestIncome": "None", "interestExpense": "192000", "nonInterestIncome": "None", "otherNonOperatingIncome": "None", "depreciation": "None", "depreciationAndAmortization": "8613000", "incomeBeforeTax": "-761000", "incomeTaxExpense": "-280000", "interestAndDebtExpense": "None", "netIncomeFromContinuingOperations": "0", "comprehensiveIncomeNetOfTax": "None", "ebit": "-1089000", "ebitda": "7524000", "netIncome": "-481000"}, {"fiscalDateEnding": "2008-07-31", "reportedCurrency": "USD", "grossProfit": "22060000", "totalRevenue": "139153000", "costOfRevenue": "117093000", "costofGoodsAndServicesSold": "117093000", "operatingIncome": "-50000", "sellingGeneralAndAdministrative": "22110000", "researchAndDevelopment": "0", "operatingExpenses": "22110000", "investmentIncomeNet": "None", "netInterestIncome": "None", "interestIncome": "None", "interestExpense": "183000", "nonInterestIncome": "None", "otherNonOperatingIncome": "None", "depreciation": "None", "depreciationAndAmortization": "8609000", "incomeBeforeTax": "211000", "incomeTaxExpense": "55000", "interestAndDebtExpense": "None", "netIncomeFromContinuingOperations": "0", "comprehensiveIncomeNetOfTax": "None", "ebit": "-50000", "ebitda": "8559000", "netIncome": "156000"}, {"fiscalDateEnding": "2008-04-30", "reportedCurrency": "USD", "grossProfit": "23396000", "totalRevenue": "143302000", "costOfRevenue": "119906000", "costofGoodsAndServicesSold": "119906000", "operatingIncome": "398000", "sellingGeneralAndAdministrative": "22998000", "researchAndDevelopment": "0", "operatingExpenses": "22998000", "investmentIncomeNet": "None", "netInterestIncome": "None", "interestIncome": "None", "interestExpense": "192000", "nonInterestIncome": "None", "otherNonOperatingIncome": "None", "depreciation": "None", "depreciationAndAmortization": "8873000", "incomeBeforeTax": "489000", "incomeTaxExpense": "453000", "interestAndDebtExpense": "None", "netIncomeFromContinuingOperations": "0", "comprehensiveIncomeNetOfTax": "None", "ebit": "398000", "ebitda": "9271000", "netIncome": "36000"}, {"fiscalDateEnding": "2008-01-31", "reportedCurrency": "USD", "grossProfit": "17712000", "totalRevenue": "132837000", "costOfRevenue": "115125000", "costofGoodsAndServicesSold": "115125000", "operatingIncome": "-4766000", "sellingGeneralAndAdministrative": "22478000", "researchAndDevelopment": "0", "operatingExpenses": "22478000", "investmentIncomeNet": "None", "netInterestIncome": "None", "interestIncome": "None", "interestExpense": "230000", "nonInterestIncome": "None", "otherNonOperatingIncome": "None", "depreciation": "None", "depreciationAndAmortization": "8911000", "incomeBeforeTax": "-4413000", "incomeTaxExpense": "-2392000", "interestAndDebtExpense": "None", "netIncomeFromContinuingOperations": "0", "comprehensiveIncomeNetOfTax": "None", "ebit": "-4766000", "ebitda": "4145000", "netIncome": "-2021000"}, {"fiscalDateEnding": "2007-10-31", "reportedCurrency": "USD", "grossProfit": "27709000", "totalRevenue": "160231000", "costOfRevenue": "132522000", "costofGoodsAndServicesSold": "132522000", "operatingIncome": "1325000", "sellingGeneralAndAdministrative": "26384000", "researchAndDevelopment": "0", "operatingExpenses": "26384000", "investmentIncomeNet": "None", "netInterestIncome": "None", "interestIncome": "None", "interestExpense": "192000", "nonInterestIncome": "None", "otherNonOperatingIncome": "None", "depreciation": "None", "depreciationAndAmortization": "8740000", "incomeBeforeTax": "1674000", "incomeTaxExpense": "522000", "interestAndDebtExpense": "None", "netIncomeFromContinuingOperations": "0", "comprehensiveIncomeNetOfTax": "None", "ebit": "1325000", "ebitda": "10065000", "netIncome": "1152000"}, {"fiscalDateEnding": "2007-07-31", "reportedCurrency": "USD", "grossProfit": "34309000", "totalRevenue": "166056000", "costOfRevenue": "131747000", "costofGoodsAndServicesSold": "131747000", "operatingIncome": "7425000", "sellingGeneralAndAdministrative": "26884000", "researchAndDevelopment": "0", "operatingExpenses": "26884000", "investmentIncomeNet": "None", "netInterestIncome": "None", "interestIncome": "None", "interestExpense": "191000", "nonInterestIncome": "None", "otherNonOperatingIncome": "None", "depreciation": "None", "depreciationAndAmortization": "8680000", "incomeBeforeTax": "7935000", "incomeTaxExpense": "2831000", "interestAndDebtExpense": "None", "netIncomeFromContinuingOperations": "0", "comprehensiveIncomeNetOfTax": "None", "ebit": "7425000", "ebitda": "16105000", "netIncome": "5104000"}, {"fiscalDateEnding": "2007-04-30", "reportedCurrency": "USD", "grossProfit": "34777000", "totalRevenue": "166131000", "costOfRevenue": "131354000", "costofGoodsAndServicesSold": "131354000", "operatingIncome": "9087000", "sellingGeneralAndAdministrative": "25690000", "researchAndDevelopment": "0", "operatingExpenses": "25690000", "investmentIncomeNet": "None", "netInterestIncome": "None", "interestIncome": "None", "interestExpense": "186000", "nonInterestIncome": "None", "otherNonOperatingIncome": "None", "depreciation": "None", "depreciationAndAmortization": "8896000", "incomeBeforeTax": "9407000", "incomeTaxExpense": "3226000", "interestAndDebtExpense": "None", "netIncomeFromContinuingOperations": "0", "comprehensiveIncomeNetOfTax": "None", "ebit": "9087000", "ebitda": "17983000", "netIncome": "6181000"}, {"fiscalDateEnding": "2007-01-31", "reportedCurrency": "USD", "grossProfit": "29068000", "totalRevenue": "161224000", "costOfRevenue": "132156000", "costofGoodsAndServicesSold": "132156000", "operatingIncome": "4738000", "sellingGeneralAndAdministrative": "24330000", "researchAndDevelopment": "0", "operatingExpenses": "24330000", "investmentIncomeNet": "None", "netInterestIncome": "None", "interestIncome": "None", "interestExpense": "217000", "nonInterestIncome": "None", "otherNonOperatingIncome": "None", "depreciation": "None", "depreciationAndAmortization": "8976000", "incomeBeforeTax": "5318000", "incomeTaxExpense": "1539000", "interestAndDebtExpense": "None", "netIncomeFromContinuingOperations": "0", "comprehensiveIncomeNetOfTax": "None", "ebit": "4738000", "ebitda": "13714000", "netIncome": "3779000"}, {"fiscalDateEnding": "2006-10-31", "reportedCurrency": "USD", "grossProfit": "42863000", "totalRevenue": "210818000", "costOfRevenue": "167955000", "costofGoodsAndServicesSold": "167955000", "operatingIncome": "14403000", "sellingGeneralAndAdministrative": "28460000", "researchAndDevelopment": "0", "operatingExpenses": "28460000", "investmentIncomeNet": "None", "netInterestIncome": "None", "interestIncome": "None", "interestExpense": "255000", "nonInterestIncome": "None", "otherNonOperatingIncome": "None", "depreciation": "None", "depreciationAndAmortization": "9021000", "incomeBeforeTax": "14819000", "incomeTaxExpense": "5631000", "interestAndDebtExpense": "None", "netIncomeFromContinuingOperations": "0", "comprehensiveIncomeNetOfTax": "None", "ebit": "14403000", "ebitda": "23424000", "netIncome": "9188000"}, {"fiscalDateEnding": "2006-07-31", "reportedCurrency": "USD", "grossProfit": "49111000", "totalRevenue": "222752000", "costOfRevenue": "173641000", "costofGoodsAndServicesSold": "173641000", "operatingIncome": "21181000", "sellingGeneralAndAdministrative": "27930000", "researchAndDevelopment": "0", "operatingExpenses": "27930000", "investmentIncomeNet": "None", "netInterestIncome": "None", "interestIncome": "None", "interestExpense": "252000", "nonInterestIncome": "None", "otherNonOperatingIncome": "None", "depreciation": "None", "depreciationAndAmortization": "9016000", "incomeBeforeTax": "21635000", "incomeTaxExpense": "8221000", "interestAndDebtExpense": "None", "netIncomeFromContinuingOperations": "0", "comprehensiveIncomeNetOfTax": "None", "ebit": "21181000", "ebitda": "30197000", "netIncome": "13414000"}, {"fiscalDateEnding": "2006-04-30", "reportedCurrency": "USD", "grossProfit": "45721000", "totalRevenue": "216429000", "costOfRevenue": "170708000", "costofGoodsAndServicesSold": "170708000", "operatingIncome": "21720000", "sellingGeneralAndAdministrative": "24001000", "researchAndDevelopment": "0", "operatingExpenses": "24001000", "investmentIncomeNet": "None", "netInterestIncome": "None", "interestIncome": "None", "interestExpense": "258000", "nonInterestIncome": "None", "otherNonOperatingIncome": "None", "depreciation": "None", "depreciationAndAmortization": "9278000", "incomeBeforeTax": "21797000", "incomeTaxExpense": "8283000", "interestAndDebtExpense": "None", "netIncomeFromContinuingOperations": "0", "comprehensiveIncomeNetOfTax": "None", "ebit": "21720000", "ebitda": "30998000", "netIncome": "13514000"}, {"fiscalDateEnding": "2006-01-31", "reportedCurrency": "USD", "grossProfit": "33355000", "totalRevenue": "191143000", "costOfRevenue": "157788000", "costofGoodsAndServicesSold": "157788000", "operatingIncome": "9645000", "sellingGeneralAndAdministrative": "23710000", "researchAndDevelopment": "0", "operatingExpenses": "23710000", "investmentIncomeNet": "None", "netInterestIncome": "None", "interestIncome": "None", "interestExpense": "247000", "nonInterestIncome": "None", "otherNonOperatingIncome": "None", "depreciation": "None", "depreciationAndAmortization": "9466000", "incomeBeforeTax": "9789000", "incomeTaxExpense": "3720000", "interestAndDebtExpense": "None", "netIncomeFromContinuingOperations": "0", "comprehensiveIncomeNetOfTax": "None", "ebit": "9645000", "ebitda": "19111000", "netIncome": "6069000"}, {"fiscalDateEnding": "2005-10-31", "reportedCurrency": "USD", "grossProfit": "33727000", "totalRevenue": "214535000", "costOfRevenue": "180808000", "costofGoodsAndServicesSold": "180808000", "operatingIncome": "9903000", "sellingGeneralAndAdministrative": "23824000", "researchAndDevelopment": "0", "operatingExpenses": "23824000", "investmentIncomeNet": "None", "netInterestIncome": "None", "interestIncome": "None", "interestExpense": "259000", "nonInterestIncome": "None", "otherNonOperatingIncome": "None", "depreciation": "None", "depreciationAndAmortization": "9209000", "incomeBeforeTax": "9955000", "incomeTaxExpense": "3783000", "interestAndDebtExpense": "None", "netIncomeFromContinuingOperations": "0", "comprehensiveIncomeNetOfTax": "None", "ebit": "9903000", "ebitda": "19112000", "netIncome": "6172000"}]}