{"symbol": "AIRE", "annualReports": [{"fiscalDateEnding": "2025-04-30", "reportedCurrency": "USD", "grossProfit": "646336", "totalRevenue": "948420", "costOfRevenue": "302084", "costofGoodsAndServicesSold": "302084", "operatingIncome": "-6902614", "sellingGeneralAndAdministrative": "5759541", "researchAndDevelopment": "None", "operatingExpenses": "7548950", "investmentIncomeNet": "None", "netInterestIncome": "-333759", "interestIncome": "None", "interestExpense": "333759", "nonInterestIncome": "None", "otherNonOperatingIncome": "None", "depreciation": "None", "depreciationAndAmortization": "466691", "incomeBeforeTax": "-7736974", "incomeTaxExpense": "-54260", "interestAndDebtExpense": "None", "netIncomeFromContinuingOperations": "-7682714", "comprehensiveIncomeNetOfTax": "None", "ebit": "-7403214", "ebitda": "-6936523", "netIncome": "-26023028"}, {"fiscalDateEnding": "2024-04-30", "reportedCurrency": "None", "grossProfit": "-1459168", "totalRevenue": "182535", "costOfRevenue": "1641703", "costofGoodsAndServicesSold": "1641703", "operatingIncome": "-9507930", "sellingGeneralAndAdministrative": "None", "researchAndDevelopment": "None", "operatingExpenses": "8048764", "investmentIncomeNet": "None", "netInterestIncome": "None", "interestIncome": "None", "interestExpense": "106014", "nonInterestIncome": "None", "otherNonOperatingIncome": "None", "depreciation": "None", "depreciationAndAmortization": "433600", "incomeBeforeTax": "-1570459", "incomeTaxExpense": "306429", "interestAndDebtExpense": "None", "netIncomeFromContinuingOperations": "None", "comprehensiveIncomeNetOfTax": "None", "ebit": "-1464447", "ebitda": "-1030847", "netIncome": "-1877584"}, {"fiscalDateEnding": "2023-04-30", "reportedCurrency": "USD", "grossProfit": "126208", "totalRevenue": "419412", "costOfRevenue": "293204", "costofGoodsAndServicesSold": "293204", "operatingIncome": "-4948379", "sellingGeneralAndAdministrative": "2598292", "researchAndDevelopment": "None", "operatingExpenses": "5074587", "investmentIncomeNet": "None", "netInterestIncome": "-169776", "interestIncome": "64", "interestExpense": "169776", "nonInterestIncome": "None", "otherNonOperatingIncome": "None", "depreciation": "None", "depreciationAndAmortization": "157802", "incomeBeforeTax": "-5452383", "incomeTaxExpense": "-163726", "interestAndDebtExpense": "None", "netIncomeFromContinuingOperations": "-5452383", "comprehensiveIncomeNetOfTax": "None", "ebit": "-5282607", "ebitda": "-5124805", "netIncome": "-5453109"}, {"fiscalDateEnding": "2022-04-30", "reportedCurrency": "USD", "grossProfit": "-61682", "totalRevenue": "229672", "costOfRevenue": "291354", "costofGoodsAndServicesSold": "291354", "operatingIncome": "-3024783", "sellingGeneralAndAdministrative": "687232", "researchAndDevelopment": "None", "operatingExpenses": "2963101", "investmentIncomeNet": "None", "netInterestIncome": "-178559", "interestIncome": "147", "interestExpense": "178559", "nonInterestIncome": "None", "otherNonOperatingIncome": "None", "depreciation": "None", "depreciationAndAmortization": "151478", "incomeBeforeTax": "-3203342", "incomeTaxExpense": "-13304", "interestAndDebtExpense": "None", "netIncomeFromContinuingOperations": "-3203342", "comprehensiveIncomeNetOfTax": "None", "ebit": "-5214739", "ebitda": "-5063261", "netIncome": "-3190038"}], "quarterlyReports": [{"fiscalDateEnding": "2025-10-31", "reportedCurrency": "None", "grossProfit": "749580", "totalRevenue": "1445137", "costOfRevenue": "695557", "costofGoodsAndServicesSold": "695557", "operatingIncome": "-4948801", "sellingGeneralAndAdministrative": "2651390", "researchAndDevelopment": "None", "operatingExpenses": "5698381", "investmentIncomeNet": "None", "netInterestIncome": "None", "interestIncome": "None", "interestExpense": "388364", "nonInterestIncome": "None", "otherNonOperatingIncome": "None", "depreciation": "None", "depreciationAndAmortization": "132000", "incomeBeforeTax": "-5781324", "incomeTaxExpense": "None", "interestAndDebtExpense": "None", "netIncomeFromContinuingOperations": "None", "comprehensiveIncomeNetOfTax": "None", "ebit": "-5392960", "ebitda": "-5260960", "netIncome": "-5782641"}, {"fiscalDateEnding": "2025-07-31", "reportedCurrency": "USD", "grossProfit": "621465", "totalRevenue": "1252381", "costOfRevenue": "630916", "costofGoodsAndServicesSold": "630916", "operatingIncome": "-4207946", "sellingGeneralAndAdministrative": "2580153", "researchAndDevelopment": "None", "operatingExpenses": "4829411", "investmentIncomeNet": "None", "netInterestIncome": "-388364", "interestIncome": "None", "interestExpense": "292004", "nonInterestIncome": "None", "otherNonOperatingIncome": "None", "depreciation": "None", "depreciationAndAmortization": "131045", "incomeBeforeTax": "-4110017", "incomeTaxExpense": "None", "interestAndDebtExpense": "None", "netIncomeFromContinuingOperations": "-5781324", "comprehensiveIncomeNetOfTax": "None", "ebit": "-3818013", "ebitda": "-3686968", "netIncome": "-4112054"}, {"fiscalDateEnding": "2025-04-30", "reportedCurrency": "USD", "grossProfit": "518667", "totalRevenue": "925635", "costOfRevenue": "406968", "costofGoodsAndServicesSold": "406968", "operatingIncome": "-2422258", "sellingGeneralAndAdministrative": "1802263", "researchAndDevelopment": "None", "operatingExpenses": "2940925", "investmentIncomeNet": "None", "netInterestIncome": "-292004", "interestIncome": "None", "interestExpense": "205247", "nonInterestIncome": "None", "otherNonOperatingIncome": "None", "depreciation": "None", "depreciationAndAmortization": "179149", "incomeBeforeTax": "-2850351", "incomeTaxExpense": "-409", "interestAndDebtExpense": "None", "netIncomeFromContinuingOperations": "-4110017", "comprehensiveIncomeNetOfTax": "None", "ebit": "-2645104", "ebitda": "-2465955", "netIncome": "-2849942"}, {"fiscalDateEnding": "2025-01-31", "reportedCurrency": "USD", "grossProfit": "364017", "totalRevenue": "526414", "costOfRevenue": "162397", "costofGoodsAndServicesSold": "162397", "operatingIncome": "-2778539", "sellingGeneralAndAdministrative": "2069804", "researchAndDevelopment": "None", "operatingExpenses": "3142556", "investmentIncomeNet": "None", "netInterestIncome": "-205247", "interestIncome": "None", "interestExpense": "203152", "nonInterestIncome": "None", "otherNonOperatingIncome": "None", "depreciation": "None", "depreciationAndAmortization": "162469", "incomeBeforeTax": "-2741043", "incomeTaxExpense": "-54260", "interestAndDebtExpense": "None", "netIncomeFromContinuingOperations": "-2850351", "comprehensiveIncomeNetOfTax": "None", "ebit": "-2537891", "ebitda": "-2375422", "netIncome": "-21027171"}, {"fiscalDateEnding": "2024-10-31", "reportedCurrency": "USD", "grossProfit": "225866", "totalRevenue": "339227", "costOfRevenue": "113361", "costofGoodsAndServicesSold": "113361", "operatingIncome": "-1689620", "sellingGeneralAndAdministrative": "1221130", "researchAndDevelopment": "None", "operatingExpenses": "1915486", "investmentIncomeNet": "None", "netInterestIncome": "-203152", "interestIncome": "None", "interestExpense": "119485", "nonInterestIncome": "None", "otherNonOperatingIncome": "None", "depreciation": "None", "depreciationAndAmortization": "163439", "incomeBeforeTax": "-2098574", "incomeTaxExpense": "None", "interestAndDebtExpense": "None", "netIncomeFromContinuingOperations": "-2686783", "comprehensiveIncomeNetOfTax": "None", "ebit": "-1979089", "ebitda": "-1815650", "netIncome": "-2098548"}, {"fiscalDateEnding": "2024-07-31", "reportedCurrency": "USD", "grossProfit": "225866", "totalRevenue": "339227", "costOfRevenue": "113361", "costofGoodsAndServicesSold": "113361", "operatingIncome": "-1689620", "sellingGeneralAndAdministrative": "1221130", "researchAndDevelopment": "None", "operatingExpenses": "1915486", "investmentIncomeNet": "None", "netInterestIncome": "-119485", "interestIncome": "None", "interestExpense": "119485", "nonInterestIncome": "None", "otherNonOperatingIncome": "None", "depreciation": "None", "depreciationAndAmortization": "163438", "incomeBeforeTax": "-2098574", "incomeTaxExpense": "None", "interestAndDebtExpense": "None", "netIncomeFromContinuingOperations": "-2098574", "comprehensiveIncomeNetOfTax": "None", "ebit": "-1979088", "ebitda": "-1815650", "netIncome": "-2098548"}, {"fiscalDateEnding": "2024-04-30", "reportedCurrency": "USD", "grossProfit": "-501407", "totalRevenue": "62353", "costOfRevenue": "563760", "costofGoodsAndServicesSold": "563760", "operatingIncome": "-1210266", "sellingGeneralAndAdministrative": "787971", "researchAndDevelopment": "None", "operatingExpenses": "708859", "investmentIncomeNet": "None", "netInterestIncome": "-678", "interestIncome": "363", "interestExpense": "1041", "nonInterestIncome": "None", "otherNonOperatingIncome": "None", "depreciation": "None", "depreciationAndAmortization": "69331", "incomeBeforeTax": "-1478312", "incomeTaxExpense": "16", "interestAndDebtExpense": "None", "netIncomeFromContinuingOperations": "-1478312", "comprehensiveIncomeNetOfTax": "None", "ebit": "-1477271", "ebitda": "-1407940", "netIncome": "-1478329"}, {"fiscalDateEnding": "2024-01-31", "reportedCurrency": "USD", "grossProfit": "2177", "totalRevenue": "20426", "costOfRevenue": "18249", "costofGoodsAndServicesSold": "18249", "operatingIncome": "-1307498", "sellingGeneralAndAdministrative": "887627", "researchAndDevelopment": "None", "operatingExpenses": "1309675", "investmentIncomeNet": "None", "netInterestIncome": "-10445", "interestIncome": "357", "interestExpense": "10802", "nonInterestIncome": "None", "otherNonOperatingIncome": "None", "depreciation": "None", "depreciationAndAmortization": "71453", "incomeBeforeTax": "-1419045", "incomeTaxExpense": "-90365", "interestAndDebtExpense": "None", "netIncomeFromContinuingOperations": "-1419045", "comprehensiveIncomeNetOfTax": "None", "ebit": "-1408243", "ebitda": "-1336790", "netIncome": "-1418980"}, {"fiscalDateEnding": "2023-10-31", "reportedCurrency": "USD", "grossProfit": "3099", "totalRevenue": "33459", "costOfRevenue": "30360", "costofGoodsAndServicesSold": "30360", "operatingIncome": "-4190308", "sellingGeneralAndAdministrative": "3945587", "researchAndDevelopment": "None", "operatingExpenses": "4193407", "investmentIncomeNet": "None", "netInterestIncome": "-21798", "interestIncome": "277", "interestExpense": "22075", "nonInterestIncome": "None", "otherNonOperatingIncome": "None", "depreciation": "None", "depreciationAndAmortization": "7864", "incomeBeforeTax": "-4252866", "incomeTaxExpense": "-18672", "interestAndDebtExpense": "None", "netIncomeFromContinuingOperations": "-4252866", "comprehensiveIncomeNetOfTax": "None", "ebit": "-4230791", "ebitda": "-4222927", "netIncome": "-4252879"}, {"fiscalDateEnding": "2023-07-31", "reportedCurrency": "USD", "grossProfit": "26082", "totalRevenue": "67721", "costOfRevenue": "41639", "costofGoodsAndServicesSold": "41639", "operatingIncome": "-580795", "sellingGeneralAndAdministrative": "450426", "researchAndDevelopment": "None", "operatingExpenses": "606877", "investmentIncomeNet": "None", "netInterestIncome": "-45513", "interestIncome": "0", "interestExpense": "45513", "nonInterestIncome": "None", "otherNonOperatingIncome": "None", "depreciation": "None", "depreciationAndAmortization": "21312", "incomeBeforeTax": "4843145", "incomeTaxExpense": "12329", "interestAndDebtExpense": "None", "netIncomeFromContinuingOperations": "4843145", "comprehensiveIncomeNetOfTax": "None", "ebit": "4888658", "ebitda": "4909970", "netIncome": "4843008"}, {"fiscalDateEnding": "2023-04-30", "reportedCurrency": "USD", "grossProfit": "163708", "totalRevenue": "322552", "costOfRevenue": "158844", "costofGoodsAndServicesSold": "158844", "operatingIncome": "-2259242", "sellingGeneralAndAdministrative": "1555950", "researchAndDevelopment": "None", "operatingExpenses": "2067039", "investmentIncomeNet": "None", "netInterestIncome": "-43808", "interestIncome": "None", "interestExpense": "43808", "nonInterestIncome": "None", "otherNonOperatingIncome": "None", "depreciation": "None", "depreciationAndAmortization": "48003", "incomeBeforeTax": "-2303050", "incomeTaxExpense": "-311377", "interestAndDebtExpense": "None", "netIncomeFromContinuingOperations": "-2303050", "comprehensiveIncomeNetOfTax": "None", "ebit": "-2256785", "ebitda": "-2208782", "netIncome": "-2303776"}, {"fiscalDateEnding": "2023-01-31", "reportedCurrency": "USD", "grossProfit": "-2578", "totalRevenue": "37070", "costOfRevenue": "39648", "costofGoodsAndServicesSold": "39648", "operatingIncome": "-1492686", "sellingGeneralAndAdministrative": "133974", "researchAndDevelopment": "None", "operatingExpenses": "1490108", "investmentIncomeNet": "None", "netInterestIncome": "-41500", "interestIncome": "None", "interestExpense": "41500", "nonInterestIncome": "None", "otherNonOperatingIncome": "None", "depreciation": "None", "depreciationAndAmortization": "33604", "incomeBeforeTax": "-1534186", "incomeTaxExpense": "8739", "interestAndDebtExpense": "None", "netIncomeFromContinuingOperations": "-1534186", "comprehensiveIncomeNetOfTax": "None", "ebit": "-1490470", "ebitda": "-1456866", "netIncome": "-1534186"}, {"fiscalDateEnding": "2022-10-31", "reportedCurrency": "USD", "grossProfit": "26853", "totalRevenue": "110624", "costOfRevenue": "83771", "costofGoodsAndServicesSold": "83771", "operatingIncome": "-1487848", "sellingGeneralAndAdministrative": "783633", "researchAndDevelopment": "None", "operatingExpenses": "1514701", "investmentIncomeNet": "None", "netInterestIncome": "-40608", "interestIncome": "93", "interestExpense": "40701", "nonInterestIncome": "None", "otherNonOperatingIncome": "None", "depreciation": "None", "depreciationAndAmortization": "36737", "incomeBeforeTax": "-1557841", "incomeTaxExpense": "11362", "interestAndDebtExpense": "None", "netIncomeFromContinuingOperations": "-1557841", "comprehensiveIncomeNetOfTax": "None", "ebit": "-1517140", "ebitda": "-1480403", "netIncome": "-1557887"}, {"fiscalDateEnding": "2022-07-31", "reportedCurrency": "USD", "grossProfit": "21230", "totalRevenue": "88873", "costOfRevenue": "67643", "costofGoodsAndServicesSold": "67643", "operatingIncome": "-1015733", "sellingGeneralAndAdministrative": "719850", "researchAndDevelopment": "None", "operatingExpenses": "1036963", "investmentIncomeNet": "None", "netInterestIncome": "-43702", "interestIncome": "64", "interestExpense": "43766", "nonInterestIncome": "None", "otherNonOperatingIncome": "None", "depreciation": "None", "depreciationAndAmortization": "37001", "incomeBeforeTax": "-967997", "incomeTaxExpense": "136004", "interestAndDebtExpense": "None", "netIncomeFromContinuingOperations": "-967997", "comprehensiveIncomeNetOfTax": "None", "ebit": "-924230", "ebitda": "-887229", "netIncome": "-968796"}, {"fiscalDateEnding": "2022-04-30", "reportedCurrency": "USD", "grossProfit": "-30612", "totalRevenue": "60901", "costOfRevenue": "91513", "costofGoodsAndServicesSold": "91513", "operatingIncome": "-1092074", "sellingGeneralAndAdministrative": "439233", "researchAndDevelopment": "None", "operatingExpenses": "1061462", "investmentIncomeNet": "None", "netInterestIncome": "None", "interestIncome": "None", "interestExpense": "77637", "nonInterestIncome": "None", "otherNonOperatingIncome": "None", "depreciation": "None", "depreciationAndAmortization": "99870", "incomeBeforeTax": "-1169711", "incomeTaxExpense": "-5222", "interestAndDebtExpense": "None", "netIncomeFromContinuingOperations": "None", "comprehensiveIncomeNetOfTax": "None", "ebit": "-1092074", "ebitda": "-992204", "netIncome": "-1164489"}, {"fiscalDateEnding": "2022-01-31", "reportedCurrency": "USD", "grossProfit": "3657", "totalRevenue": "95000", "costOfRevenue": "91343", "costofGoodsAndServicesSold": "91343", "operatingIncome": "-1390292", "sellingGeneralAndAdministrative": "69481", "researchAndDevelopment": "None", "operatingExpenses": "1393949", "investmentIncomeNet": "None", "netInterestIncome": "None", "interestIncome": "None", "interestExpense": "42785", "nonInterestIncome": "None", "otherNonOperatingIncome": "None", "depreciation": "None", "depreciationAndAmortization": "3810", "incomeBeforeTax": "-1433077", "incomeTaxExpense": "-2211", "interestAndDebtExpense": "None", "netIncomeFromContinuingOperations": "None", "comprehensiveIncomeNetOfTax": "None", "ebit": "-1390292", "ebitda": "-1386482", "netIncome": "-1430866"}]}