{"symbol": "ADSK", "annualReports": [{"fiscalDateEnding": "2025-01-31", "reportedCurrency": "USD", "grossProfit": "5553000000", "totalRevenue": "6131000000", "costOfRevenue": "578000000", "costofGoodsAndServicesSold": "578000000", "operatingIncome": "1354000000", "sellingGeneralAndAdministrative": "650000000", "researchAndDevelopment": "1485000000", "operatingExpenses": "4199000000", "investmentIncomeNet": "None", "netInterestIncome": "34000000", "interestIncome": "34000000", "interestExpense": "None", "nonInterestIncome": "None", "otherNonOperatingIncome": "None", "depreciation": "None", "depreciationAndAmortization": "180000000", "incomeBeforeTax": "1384000000", "incomeTaxExpense": "272000000", "interestAndDebtExpense": "None", "netIncomeFromContinuingOperations": "1112000000", "comprehensiveIncomeNetOfTax": "None", "ebit": "1369000000", "ebitda": "1549000000", "netIncome": "1112000000"}, {"fiscalDateEnding": "2024-01-31", "reportedCurrency": "USD", "grossProfit": "4887000000", "totalRevenue": "5440000000", "costOfRevenue": "553000000", "costofGoodsAndServicesSold": "553000000", "operatingIncome": "1113000000", "sellingGeneralAndAdministrative": "620000000", "researchAndDevelopment": "1372000000", "operatingExpenses": "3774000000", "investmentIncomeNet": "None", "netInterestIncome": "26000000", "interestIncome": "26000000", "interestExpense": "8000000", "nonInterestIncome": "None", "otherNonOperatingIncome": "None", "depreciation": "None", "depreciationAndAmortization": "137000000", "incomeBeforeTax": "1136000000", "incomeTaxExpense": "230000000", "interestAndDebtExpense": "None", "netIncomeFromContinuingOperations": "906000000", "comprehensiveIncomeNetOfTax": "None", "ebit": "1136000000", "ebitda": "1273000000", "netIncome": "906000000"}, {"fiscalDateEnding": "2023-01-31", "reportedCurrency": "USD", "grossProfit": "4428000000", "totalRevenue": "4945000000", "costOfRevenue": "517000000", "costofGoodsAndServicesSold": "517000000", "operatingIncome": "992000000", "sellingGeneralAndAdministrative": "532000000", "researchAndDevelopment": "1214000000", "operatingExpenses": "3436000000", "investmentIncomeNet": "None", "netInterestIncome": "-43000000", "interestIncome": "None", "interestExpense": "71000000", "nonInterestIncome": "None", "otherNonOperatingIncome": "None", "depreciation": "None", "depreciationAndAmortization": "148000000", "incomeBeforeTax": "946000000", "incomeTaxExpense": "123000000", "interestAndDebtExpense": "None", "netIncomeFromContinuingOperations": "823000000", "comprehensiveIncomeNetOfTax": "None", "ebit": "1017000000", "ebitda": "1165000000", "netIncome": "823000000"}, {"fiscalDateEnding": "2022-01-31", "reportedCurrency": "USD", "grossProfit": "3940300000", "totalRevenue": "4398300000", "costOfRevenue": "458000000", "costofGoodsAndServicesSold": "458000000", "operatingIncome": "660800000", "sellingGeneralAndAdministrative": "571700000", "researchAndDevelopment": "1113600000", "operatingExpenses": "3279500000", "investmentIncomeNet": "None", "netInterestIncome": "-52900000", "interestIncome": "None", "interestExpense": "76200000", "nonInterestIncome": "None", "otherNonOperatingIncome": "None", "depreciation": "None", "depreciationAndAmortization": "148100000", "incomeBeforeTax": "564700000", "incomeTaxExpense": "67700000", "interestAndDebtExpense": "None", "netIncomeFromContinuingOperations": "497000000", "comprehensiveIncomeNetOfTax": "None", "ebit": "640900000", "ebitda": "789000000", "netIncome": "497000000"}, {"fiscalDateEnding": "2021-01-31", "reportedCurrency": "USD", "grossProfit": "3416200000", "totalRevenue": "3790700000", "costOfRevenue": "374500000", "costofGoodsAndServicesSold": "374500000", "operatingIncome": "639300000", "sellingGeneralAndAdministrative": "413900000", "researchAndDevelopment": "933000000", "operatingExpenses": "2776900000", "investmentIncomeNet": "None", "netInterestIncome": "-82400000", "interestIncome": "None", "interestExpense": "50300000", "nonInterestIncome": "None", "otherNonOperatingIncome": "None", "depreciation": "None", "depreciationAndAmortization": "123800000", "incomeBeforeTax": "546700000", "incomeTaxExpense": "-661500000", "interestAndDebtExpense": "None", "netIncomeFromContinuingOperations": "1208200000", "comprehensiveIncomeNetOfTax": "None", "ebit": "597000000", "ebitda": "720800000", "netIncome": "1208000000"}, {"fiscalDateEnding": "2020-01-31", "reportedCurrency": "USD", "grossProfit": "2894300000", "totalRevenue": "3256700000", "costOfRevenue": "362400000", "costofGoodsAndServicesSold": "362400000", "operatingIncome": "357200000", "sellingGeneralAndAdministrative": "405600000", "researchAndDevelopment": "847800000", "operatingExpenses": "2537100000", "investmentIncomeNet": "None", "netInterestIncome": "-54000000", "interestIncome": "53400000", "interestExpense": "60000000", "nonInterestIncome": "None", "otherNonOperatingIncome": "None", "depreciation": "None", "depreciationAndAmortization": "127300000", "incomeBeforeTax": "294800000", "incomeTaxExpense": "80300000", "interestAndDebtExpense": "None", "netIncomeFromContinuingOperations": "214500000", "comprehensiveIncomeNetOfTax": "None", "ebit": "354800000", "ebitda": "482100000", "netIncome": "214500000"}, {"fiscalDateEnding": "2019-01-31", "reportedCurrency": "USD", "grossProfit": "2274400000", "totalRevenue": "2578300000", "costOfRevenue": "303900000", "costofGoodsAndServicesSold": "303900000", "operatingIncome": "29000000", "sellingGeneralAndAdministrative": "340100000", "researchAndDevelopment": "725000000", "operatingExpenses": "2245400000", "investmentIncomeNet": "None", "netInterestIncome": "-52100000", "interestIncome": "34500000", "interestExpense": "52300000", "nonInterestIncome": "None", "otherNonOperatingIncome": "None", "depreciation": "None", "depreciationAndAmortization": "95200000", "incomeBeforeTax": "-42700000", "incomeTaxExpense": "38100000", "interestAndDebtExpense": "None", "netIncomeFromContinuingOperations": "-80800000", "comprehensiveIncomeNetOfTax": "None", "ebit": "9600000", "ebitda": "104800000", "netIncome": "-80800000"}, {"fiscalDateEnding": "2018-01-31", "reportedCurrency": "USD", "grossProfit": "1725000000", "totalRevenue": "2048600000", "costOfRevenue": "323600000", "costofGoodsAndServicesSold": "323600000", "operatingIncome": "-424900000", "sellingGeneralAndAdministrative": "305200000", "researchAndDevelopment": "755500000", "operatingExpenses": "2149900000", "investmentIncomeNet": "None", "netInterestIncome": "-34500000", "interestIncome": "54200000", "interestExpense": "34500000", "nonInterestIncome": "None", "otherNonOperatingIncome": "None", "depreciation": "None", "depreciationAndAmortization": "108400000", "incomeBeforeTax": "-557300000", "incomeTaxExpense": "9600000", "interestAndDebtExpense": "None", "netIncomeFromContinuingOperations": "-566900000", "comprehensiveIncomeNetOfTax": "None", "ebit": "-522800000", "ebitda": "-414400000", "netIncome": "-566900000"}, {"fiscalDateEnding": "2017-01-31", "reportedCurrency": "USD", "grossProfit": "1648100000", "totalRevenue": "2021800000", "costOfRevenue": "373700000", "costofGoodsAndServicesSold": "373700000", "operatingIncome": "-426500000", "sellingGeneralAndAdministrative": "287800000", "researchAndDevelopment": "766100000", "operatingExpenses": "2074600000", "investmentIncomeNet": "None", "netInterestIncome": "-29700000", "interestIncome": "32700000", "interestExpense": "29700000", "nonInterestIncome": "None", "otherNonOperatingIncome": "None", "depreciation": "None", "depreciationAndAmortization": "145300000", "incomeBeforeTax": "-523800000", "incomeTaxExpense": "55400000", "interestAndDebtExpense": "None", "netIncomeFromContinuingOperations": "-582100000", "comprehensiveIncomeNetOfTax": "None", "ebit": "-494100000", "ebitda": "-348800000", "netIncome": "-579200000"}, {"fiscalDateEnding": "2016-01-31", "reportedCurrency": "USD", "grossProfit": "2060400000", "totalRevenue": "2464300000", "costOfRevenue": "403900000", "costofGoodsAndServicesSold": "403900000", "operatingIncome": "-28000000", "sellingGeneralAndAdministrative": "293400000", "researchAndDevelopment": "790000000", "operatingExpenses": "2088400000", "investmentIncomeNet": "None", "netInterestIncome": "None", "interestIncome": "30100000", "interestExpense": "33900000", "nonInterestIncome": "None", "otherNonOperatingIncome": "None", "depreciation": "None", "depreciationAndAmortization": "145800000", "incomeBeforeTax": "-20300000", "incomeTaxExpense": "305700000", "interestAndDebtExpense": "None", "netIncomeFromContinuingOperations": "-330500000", "comprehensiveIncomeNetOfTax": "None", "ebit": "13600000", "ebitda": "159400000", "netIncome": "-326000000"}, {"fiscalDateEnding": "2015-01-31", "reportedCurrency": "USD", "grossProfit": "2119800000", "totalRevenue": "2501700000", "costOfRevenue": "381900000", "costofGoodsAndServicesSold": "381900000", "operatingIncome": "116800000", "sellingGeneralAndAdministrative": "283300000", "researchAndDevelopment": "725200000", "operatingExpenses": "2003000000", "investmentIncomeNet": "None", "netInterestIncome": "None", "interestIncome": "None", "interestExpense": "13200000", "nonInterestIncome": "None", "otherNonOperatingIncome": "None", "depreciation": "None", "depreciationAndAmortization": "145900000", "incomeBeforeTax": "83000000", "incomeTaxExpense": "1200000", "interestAndDebtExpense": "None", "netIncomeFromContinuingOperations": "81800000", "comprehensiveIncomeNetOfTax": "None", "ebit": "96200000", "ebitda": "242100000", "netIncome": "81800000"}, {"fiscalDateEnding": "2014-01-31", "reportedCurrency": "USD", "grossProfit": "1986500000", "totalRevenue": "2260800000", "costOfRevenue": "274300000", "costofGoodsAndServicesSold": "274300000", "operatingIncome": "286100000", "sellingGeneralAndAdministrative": "248300000", "researchAndDevelopment": "611100000", "operatingExpenses": "1700400000", "investmentIncomeNet": "None", "netInterestIncome": "None", "interestIncome": "None", "interestExpense": "9800000", "nonInterestIncome": "None", "otherNonOperatingIncome": "None", "depreciation": "None", "depreciationAndAmortization": "128900000", "incomeBeforeTax": "279900000", "incomeTaxExpense": "51100000", "interestAndDebtExpense": "None", "netIncomeFromContinuingOperations": "228800000", "comprehensiveIncomeNetOfTax": "None", "ebit": "289700000", "ebitda": "418600000", "netIncome": "228800000"}, {"fiscalDateEnding": "2013-01-31", "reportedCurrency": "USD", "grossProfit": "2057699999", "totalRevenue": "2296200000", "costOfRevenue": "238500000", "costofGoodsAndServicesSold": "238500000", "operatingIncome": "338400000", "sellingGeneralAndAdministrative": "248400000", "researchAndDevelopment": "600000000", "operatingExpenses": "1719300000", "investmentIncomeNet": "None", "netInterestIncome": "None", "interestIncome": "None", "interestExpense": "4900000", "nonInterestIncome": "None", "otherNonOperatingIncome": "None", "depreciation": "None", "depreciationAndAmortization": "127800000", "incomeBeforeTax": "310000000", "incomeTaxExpense": "62600000", "interestAndDebtExpense": "None", "netIncomeFromContinuingOperations": "247400000", "comprehensiveIncomeNetOfTax": "None", "ebit": "310000000", "ebitda": "437800000", "netIncome": "247400000"}, {"fiscalDateEnding": "2012-01-31", "reportedCurrency": "USD", "grossProfit": "1988400000", "totalRevenue": "2217500000", "costOfRevenue": "229100000", "costofGoodsAndServicesSold": "229100000", "operatingIncome": "351600000", "sellingGeneralAndAdministrative": "223100000", "researchAndDevelopment": "566500000", "operatingExpenses": "1636800000", "investmentIncomeNet": "None", "netInterestIncome": "None", "interestIncome": "None", "interestExpense": "1900000", "nonInterestIncome": "None", "otherNonOperatingIncome": "None", "depreciation": "None", "depreciationAndAmortization": "115500000", "incomeBeforeTax": "362900000", "incomeTaxExpense": "77600000", "interestAndDebtExpense": "None", "netIncomeFromContinuingOperations": "285300000", "comprehensiveIncomeNetOfTax": "None", "ebit": "362900000", "ebitda": "478400000", "netIncome": "285300000"}, {"fiscalDateEnding": "2011-01-31", "reportedCurrency": "USD", "grossProfit": "1742200000", "totalRevenue": "1938800000", "costOfRevenue": "196600000", "costofGoodsAndServicesSold": "196600000", "operatingIncome": "267100000", "sellingGeneralAndAdministrative": "200800000", "researchAndDevelopment": "496200000", "operatingExpenses": "1475100000", "investmentIncomeNet": "None", "netInterestIncome": "None", "interestIncome": "None", "interestExpense": "0", "nonInterestIncome": "None", "otherNonOperatingIncome": "None", "depreciation": "None", "depreciationAndAmortization": "105400000", "incomeBeforeTax": "272000000", "incomeTaxExpense": "60000000", "interestAndDebtExpense": "None", "netIncomeFromContinuingOperations": "212000000", "comprehensiveIncomeNetOfTax": "None", "ebit": "272000000", "ebitda": "377400000", "netIncome": "212000000"}, {"fiscalDateEnding": "2010-01-31", "reportedCurrency": "USD", "grossProfit": "1532800000", "totalRevenue": "1724600000", "costOfRevenue": "191800000", "costofGoodsAndServicesSold": "191800000", "operatingIncome": "141100000", "sellingGeneralAndAdministrative": "197700000", "researchAndDevelopment": "457500000", "operatingExpenses": "1391700000", "investmentIncomeNet": "None", "netInterestIncome": "None", "interestIncome": "None", "interestExpense": "19100000", "nonInterestIncome": "None", "otherNonOperatingIncome": "None", "depreciation": "None", "depreciationAndAmortization": "111500000", "incomeBeforeTax": "84700000", "incomeTaxExpense": "26700000", "interestAndDebtExpense": "None", "netIncomeFromContinuingOperations": "58000000", "comprehensiveIncomeNetOfTax": "None", "ebit": "84700000", "ebitda": "196200000", "netIncome": "58000000"}, {"fiscalDateEnding": "2009-01-31", "reportedCurrency": "USD", "grossProfit": "2096100000", "totalRevenue": "2315200000", "costOfRevenue": "219100000", "costofGoodsAndServicesSold": "219100000", "operatingIncome": "413600000", "sellingGeneralAndAdministrative": "1106400000", "researchAndDevelopment": "576100000", "operatingExpenses": "1682500000", "investmentIncomeNet": "None", "netInterestIncome": "None", "interestIncome": "None", "interestExpense": "0", "nonInterestIncome": "None", "otherNonOperatingIncome": "None", "depreciation": "None", "depreciationAndAmortization": "91800000", "incomeBeforeTax": "252500000", "incomeTaxExpense": "68900000", "interestAndDebtExpense": "None", "netIncomeFromContinuingOperations": "None", "comprehensiveIncomeNetOfTax": "None", "ebit": "252500000", "ebitda": "344300000", "netIncome": "183600000"}, {"fiscalDateEnding": "2008-01-31", "reportedCurrency": "USD", "grossProfit": "1964800000", "totalRevenue": "2171700000", "costOfRevenue": "206900000", "costofGoodsAndServicesSold": "206900000", "operatingIncome": "445400000", "sellingGeneralAndAdministrative": "1034100000", "researchAndDevelopment": "485300000", "operatingExpenses": "1519400000", "investmentIncomeNet": "None", "netInterestIncome": "None", "interestIncome": "None", "interestExpense": "0", "nonInterestIncome": "None", "otherNonOperatingIncome": "None", "depreciation": "None", "depreciationAndAmortization": "61300000", "incomeBeforeTax": "470000000", "incomeTaxExpense": "113800000", "interestAndDebtExpense": "None", "netIncomeFromContinuingOperations": "None", "comprehensiveIncomeNetOfTax": "None", "ebit": "470000000", "ebitda": "531300000", "netIncome": "356200000"}, {"fiscalDateEnding": "2007-01-31", "reportedCurrency": "USD", "grossProfit": "1623000000", "totalRevenue": "1839600000", "costOfRevenue": "216600000", "costofGoodsAndServicesSold": "216600000", "operatingIncome": "354500000", "sellingGeneralAndAdministrative": "867200000", "researchAndDevelopment": "406300000", "operatingExpenses": "1268500000", "investmentIncomeNet": "None", "netInterestIncome": "None", "interestIncome": "None", "interestExpense": "0", "nonInterestIncome": "None", "otherNonOperatingIncome": "None", "depreciation": "None", "depreciationAndAmortization": "53500000", "incomeBeforeTax": "366500000", "incomeTaxExpense": "76800000", "interestAndDebtExpense": "None", "netIncomeFromContinuingOperations": "None", "comprehensiveIncomeNetOfTax": "None", "ebit": "366500000", "ebitda": "420000000", "netIncome": "289700000"}, {"fiscalDateEnding": "2006-01-31", "reportedCurrency": "USD", "grossProfit": "1366100000", "totalRevenue": "1537200000", "costOfRevenue": "171100000", "costofGoodsAndServicesSold": "171100000", "operatingIncome": "390500000", "sellingGeneralAndAdministrative": "680900000", "researchAndDevelopment": "294100000", "operatingExpenses": "975600000", "investmentIncomeNet": "None", "netInterestIncome": "None", "interestIncome": "None", "interestExpense": "0", "nonInterestIncome": "None", "otherNonOperatingIncome": "None", "depreciation": "None", "depreciationAndAmortization": "43700000", "incomeBeforeTax": "383000000", "incomeTaxExpense": "54100000", "interestAndDebtExpense": "None", "netIncomeFromContinuingOperations": "None", "comprehensiveIncomeNetOfTax": "None", "ebit": "391700000", "ebitda": "435400000", "netIncome": "328900000"}], "quarterlyReports": [{"fiscalDateEnding": "2025-10-31", "reportedCurrency": "USD", "grossProfit": "1713000000", "totalRevenue": "1853000000", "costOfRevenue": "140000000", "costofGoodsAndServicesSold": "140000000", "operatingIncome": "475000000", "sellingGeneralAndAdministrative": "172000000", "researchAndDevelopment": "416000000", "operatingExpenses": "1238000000", "investmentIncomeNet": "None", "netInterestIncome": "11000000", "interestIncome": "9000000", "interestExpense": "2000000", "nonInterestIncome": "None", "otherNonOperatingIncome": "None", "depreciation": "None", "depreciationAndAmortization": "None", "incomeBeforeTax": "468000000", "incomeTaxExpense": "125000000", "interestAndDebtExpense": "None", "netIncomeFromContinuingOperations": "343000000", "comprehensiveIncomeNetOfTax": "None", "ebit": "None", "ebitda": "470000000", "netIncome": "343000000"}, {"fiscalDateEnding": "2025-07-31", "reportedCurrency": "USD", "grossProfit": "1627000000", "totalRevenue": "1763000000", "costOfRevenue": "136000000", "costofGoodsAndServicesSold": "136000000", "operatingIncome": "444000000", "sellingGeneralAndAdministrative": "168000000", "researchAndDevelopment": "413000000", "operatingExpenses": "1177000000", "investmentIncomeNet": "None", "netInterestIncome": "11000000", "interestIncome": "11000000", "interestExpense": "None", "nonInterestIncome": "None", "otherNonOperatingIncome": "None", "depreciation": "None", "depreciationAndAmortization": "47000000", "incomeBeforeTax": "456000000", "incomeTaxExpense": "143000000", "interestAndDebtExpense": "None", "netIncomeFromContinuingOperations": "313000000", "comprehensiveIncomeNetOfTax": "None", "ebit": "450000000", "ebitda": "497000000", "netIncome": "313000000"}, {"fiscalDateEnding": "2025-04-30", "reportedCurrency": "USD", "grossProfit": "1473000000", "totalRevenue": "1633000000", "costOfRevenue": "160000000", "costofGoodsAndServicesSold": "160000000", "operatingIncome": "233000000", "sellingGeneralAndAdministrative": "162000000", "researchAndDevelopment": "394000000", "operatingExpenses": "1240000000", "investmentIncomeNet": "None", "netInterestIncome": "-2000000", "interestIncome": "None", "interestExpense": "2000000", "nonInterestIncome": "None", "otherNonOperatingIncome": "None", "depreciation": "None", "depreciationAndAmortization": "48000000", "incomeBeforeTax": "234000000", "incomeTaxExpense": "82000000", "interestAndDebtExpense": "None", "netIncomeFromContinuingOperations": "152000000", "comprehensiveIncomeNetOfTax": "None", "ebit": "236000000", "ebitda": "284000000", "netIncome": "152000000"}, {"fiscalDateEnding": "2025-01-31", "reportedCurrency": "USD", "grossProfit": "1467000000", "totalRevenue": "1633000000", "costOfRevenue": "166000000", "costofGoodsAndServicesSold": "166000000", "operatingIncome": "383000000", "sellingGeneralAndAdministrative": "173000000", "researchAndDevelopment": "393000000", "operatingExpenses": "1084000000", "investmentIncomeNet": "None", "netInterestIncome": "4000000", "interestIncome": "None", "interestExpense": "5000000", "nonInterestIncome": "None", "otherNonOperatingIncome": "None", "depreciation": "None", "depreciationAndAmortization": "46000000", "incomeBeforeTax": "372000000", "incomeTaxExpense": "69000000", "interestAndDebtExpense": "None", "netIncomeFromContinuingOperations": "303000000", "comprehensiveIncomeNetOfTax": "None", "ebit": "372000000", "ebitda": "418000000", "netIncome": "303000000"}, {"fiscalDateEnding": "2024-10-31", "reportedCurrency": "USD", "grossProfit": "1407000000", "totalRevenue": "1567000000", "costOfRevenue": "160000000", "costofGoodsAndServicesSold": "160000000", "operatingIncome": "351000000", "sellingGeneralAndAdministrative": "161000000", "researchAndDevelopment": "379000000", "operatingExpenses": "1056000000", "investmentIncomeNet": "None", "netInterestIncome": "8000000", "interestIncome": "6000000", "interestExpense": "5000000", "nonInterestIncome": "None", "otherNonOperatingIncome": "None", "depreciation": "None", "depreciationAndAmortization": "48000000", "incomeBeforeTax": "351000000", "incomeTaxExpense": "76000000", "interestAndDebtExpense": "None", "netIncomeFromContinuingOperations": "275000000", "comprehensiveIncomeNetOfTax": "None", "ebit": "351000000", "ebitda": "399000000", "netIncome": "275000000"}, {"fiscalDateEnding": "2024-07-31", "reportedCurrency": "USD", "grossProfit": "1347000000", "totalRevenue": "1500000000", "costOfRevenue": "153000000", "costofGoodsAndServicesSold": "153000000", "operatingIncome": "353000000", "sellingGeneralAndAdministrative": "161000000", "researchAndDevelopment": "367000000", "operatingExpenses": "994000000", "investmentIncomeNet": "None", "netInterestIncome": "11000000", "interestIncome": "11000000", "interestExpense": "9000000", "nonInterestIncome": "None", "otherNonOperatingIncome": "None", "depreciation": "None", "depreciationAndAmortization": "46000000", "incomeBeforeTax": "352000000", "incomeTaxExpense": "70000000", "interestAndDebtExpense": "None", "netIncomeFromContinuingOperations": "282000000", "comprehensiveIncomeNetOfTax": "None", "ebit": "352000000", "ebitda": "398000000", "netIncome": "282000000"}, {"fiscalDateEnding": "2024-04-30", "reportedCurrency": "USD", "grossProfit": "1264000000", "totalRevenue": "1412000000", "costOfRevenue": "148000000", "costofGoodsAndServicesSold": "148000000", "operatingIncome": "307000000", "sellingGeneralAndAdministrative": "155000000", "researchAndDevelopment": "346000000", "operatingExpenses": "957000000", "investmentIncomeNet": "None", "netInterestIncome": "8000000", "interestIncome": "8000000", "interestExpense": "22000000", "nonInterestIncome": "None", "otherNonOperatingIncome": "None", "depreciation": "None", "depreciationAndAmortization": "40000000", "incomeBeforeTax": "309000000", "incomeTaxExpense": "57000000", "interestAndDebtExpense": "None", "netIncomeFromContinuingOperations": "252000000", "comprehensiveIncomeNetOfTax": "None", "ebit": "309000000", "ebitda": "349000000", "netIncome": "252000000"}, {"fiscalDateEnding": "2024-01-31", "reportedCurrency": "USD", "grossProfit": "1353000000", "totalRevenue": "1469000000", "costOfRevenue": "116000000", "costofGoodsAndServicesSold": "116000000", "operatingIncome": "315000000", "sellingGeneralAndAdministrative": "182000000", "researchAndDevelopment": "352000000", "operatingExpenses": "1038000000", "investmentIncomeNet": "None", "netInterestIncome": "16000000", "interestIncome": "None", "interestExpense": "22000000", "nonInterestIncome": "None", "otherNonOperatingIncome": "None", "depreciation": "None", "depreciationAndAmortization": "51000000", "incomeBeforeTax": "337000000", "incomeTaxExpense": "55000000", "interestAndDebtExpense": "None", "netIncomeFromContinuingOperations": "282000000", "comprehensiveIncomeNetOfTax": "None", "ebit": "301000000", "ebitda": "352000000", "netIncome": "282000000"}, {"fiscalDateEnding": "2023-10-31", "reportedCurrency": "USD", "grossProfit": "1263000000", "totalRevenue": "1400000000", "costOfRevenue": "137000000", "costofGoodsAndServicesSold": "137000000", "operatingIncome": "329000000", "sellingGeneralAndAdministrative": "165000000", "researchAndDevelopment": "339000000", "operatingExpenses": "934000000", "investmentIncomeNet": "None", "netInterestIncome": "-14000000", "interestIncome": "None", "interestExpense": "1000000", "nonInterestIncome": "None", "otherNonOperatingIncome": "None", "depreciation": "None", "depreciationAndAmortization": "36000000", "incomeBeforeTax": "320000000", "incomeTaxExpense": "79000000", "interestAndDebtExpense": "None", "netIncomeFromContinuingOperations": "241000000", "comprehensiveIncomeNetOfTax": "None", "ebit": "321000000", "ebitda": "357000000", "netIncome": "241000000"}, {"fiscalDateEnding": "2023-07-31", "reportedCurrency": "USD", "grossProfit": "1190000000", "totalRevenue": "1328000000", "costOfRevenue": "138000000", "costofGoodsAndServicesSold": "138000000", "operatingIncome": "248000000", "sellingGeneralAndAdministrative": "141000000", "researchAndDevelopment": "355000000", "operatingExpenses": "942000000", "investmentIncomeNet": "None", "netInterestIncome": "-4000000", "interestIncome": "9000000", "interestExpense": "4000000", "nonInterestIncome": "None", "otherNonOperatingIncome": "None", "depreciation": "None", "depreciationAndAmortization": "33000000", "incomeBeforeTax": "258000000", "incomeTaxExpense": "36000000", "interestAndDebtExpense": "None", "netIncomeFromContinuingOperations": "222000000", "comprehensiveIncomeNetOfTax": "None", "ebit": "258000000", "ebitda": "291000000", "netIncome": "222000000"}, {"fiscalDateEnding": "2023-04-30", "reportedCurrency": "USD", "grossProfit": "1112000000", "totalRevenue": "1249000000", "costOfRevenue": "137000000", "costofGoodsAndServicesSold": "137000000", "operatingIncome": "198000000", "sellingGeneralAndAdministrative": "132000000", "researchAndDevelopment": "327000000", "operatingExpenses": "914000000", "investmentIncomeNet": "None", "netInterestIncome": "4000000", "interestIncome": "2000000", "interestExpense": "4000000", "nonInterestIncome": "None", "otherNonOperatingIncome": "None", "depreciation": "None", "depreciationAndAmortization": "33000000", "incomeBeforeTax": "221000000", "incomeTaxExpense": "60000000", "interestAndDebtExpense": "None", "netIncomeFromContinuingOperations": "161000000", "comprehensiveIncomeNetOfTax": "None", "ebit": "221000000", "ebitda": "254000000", "netIncome": "161000000"}, {"fiscalDateEnding": "2023-01-31", "reportedCurrency": "USD", "grossProfit": "1160000000", "totalRevenue": "1294000000", "costOfRevenue": "134000000", "costofGoodsAndServicesSold": "134000000", "operatingIncome": "271000000", "sellingGeneralAndAdministrative": "155000000", "researchAndDevelopment": "312000000", "operatingExpenses": "889000000", "investmentIncomeNet": "None", "netInterestIncome": "-2000000", "interestIncome": "None", "interestExpense": "2000000", "nonInterestIncome": "None", "otherNonOperatingIncome": "None", "depreciation": "None", "depreciationAndAmortization": "37000000", "incomeBeforeTax": "277000000", "incomeTaxExpense": "-16000000", "interestAndDebtExpense": "None", "netIncomeFromContinuingOperations": "293000000", "comprehensiveIncomeNetOfTax": "None", "ebit": "279000000", "ebitda": "316000000", "netIncome": "293000000"}, {"fiscalDateEnding": "2022-10-31", "reportedCurrency": "USD", "grossProfit": "1132000000", "totalRevenue": "1261000000", "costOfRevenue": "129000000", "costofGoodsAndServicesSold": "129000000", "operatingIncome": "261000000", "sellingGeneralAndAdministrative": "129000000", "researchAndDevelopment": "309000000", "operatingExpenses": "871000000", "investmentIncomeNet": "None", "netInterestIncome": "-14000000", "interestIncome": "None", "interestExpense": "24000000", "nonInterestIncome": "None", "otherNonOperatingIncome": "None", "depreciation": "None", "depreciationAndAmortization": "37000000", "incomeBeforeTax": "242000000", "incomeTaxExpense": "44000000", "interestAndDebtExpense": "None", "netIncomeFromContinuingOperations": "198000000", "comprehensiveIncomeNetOfTax": "None", "ebit": "266000000", "ebitda": "303000000", "netIncome": "198000000"}, {"fiscalDateEnding": "2022-07-31", "reportedCurrency": "USD", "grossProfit": "1099000000", "totalRevenue": "1226000000", "costOfRevenue": "127000000", "costofGoodsAndServicesSold": "127000000", "operatingIncome": "242000000", "sellingGeneralAndAdministrative": "128000000", "researchAndDevelopment": "304000000", "operatingExpenses": "857000000", "investmentIncomeNet": "None", "netInterestIncome": "-10000000", "interestIncome": "4000000", "interestExpense": "26000000", "nonInterestIncome": "None", "otherNonOperatingIncome": "None", "depreciation": "None", "depreciationAndAmortization": "38000000", "incomeBeforeTax": "232000000", "incomeTaxExpense": "46000000", "interestAndDebtExpense": "None", "netIncomeFromContinuingOperations": "186000000", "comprehensiveIncomeNetOfTax": "None", "ebit": "258000000", "ebitda": "296000000", "netIncome": "186000000"}, {"fiscalDateEnding": "2022-04-30", "reportedCurrency": "USD", "grossProfit": "1037000000", "totalRevenue": "1164000000", "costOfRevenue": "127000000", "costofGoodsAndServicesSold": "127000000", "operatingIncome": "215000000", "sellingGeneralAndAdministrative": "120000000", "researchAndDevelopment": "289000000", "operatingExpenses": "822000000", "investmentIncomeNet": "None", "netInterestIncome": "-29000000", "interestIncome": "None", "interestExpense": "53000000", "nonInterestIncome": "None", "otherNonOperatingIncome": "None", "depreciation": "None", "depreciationAndAmortization": "38000000", "incomeBeforeTax": "195000000", "incomeTaxExpense": "49000000", "interestAndDebtExpense": "None", "netIncomeFromContinuingOperations": "146000000", "comprehensiveIncomeNetOfTax": "None", "ebit": "248000000", "ebitda": "286000000", "netIncome": "146000000"}, {"fiscalDateEnding": "2022-01-31", "reportedCurrency": "USD", "grossProfit": "1087000000", "totalRevenue": "1209900000", "costOfRevenue": "122900000", "costofGoodsAndServicesSold": "122900000", "operatingIncome": "150500000", "sellingGeneralAndAdministrative": "227600000", "researchAndDevelopment": "289600000", "operatingExpenses": "936500000", "investmentIncomeNet": "None", "netInterestIncome": "-35300000", "interestIncome": "None", "interestExpense": "25900000", "nonInterestIncome": "None", "otherNonOperatingIncome": "None", "depreciation": "None", "depreciationAndAmortization": "34200000", "incomeBeforeTax": "107100000", "incomeTaxExpense": "18000000", "interestAndDebtExpense": "None", "netIncomeFromContinuingOperations": "89100000", "comprehensiveIncomeNetOfTax": "None", "ebit": "133000000", "ebitda": "167200000", "netIncome": "89100000"}, {"fiscalDateEnding": "2021-10-31", "reportedCurrency": "USD", "grossProfit": "1010500000", "totalRevenue": "1128800000", "costOfRevenue": "118300000", "costofGoodsAndServicesSold": "118300000", "operatingIncome": "201500000", "sellingGeneralAndAdministrative": "112800000", "researchAndDevelopment": "281800000", "operatingExpenses": "809000000", "investmentIncomeNet": "None", "netInterestIncome": "-5900000", "interestIncome": "None", "interestExpense": "21700000", "nonInterestIncome": "None", "otherNonOperatingIncome": "None", "depreciation": "None", "depreciationAndAmortization": "41500000", "incomeBeforeTax": "187400000", "incomeTaxExpense": "50700000", "interestAndDebtExpense": "None", "netIncomeFromContinuingOperations": "136700000", "comprehensiveIncomeNetOfTax": "None", "ebit": "209100000", "ebitda": "250600000", "netIncome": "136700000"}, {"fiscalDateEnding": "2021-07-31", "reportedCurrency": "USD", "grossProfit": "948500000", "totalRevenue": "1064800000", "costOfRevenue": "116300000", "costofGoodsAndServicesSold": "116300000", "operatingIncome": "158500000", "sellingGeneralAndAdministrative": "119400000", "researchAndDevelopment": "276700000", "operatingExpenses": "790000000", "investmentIncomeNet": "None", "netInterestIncome": "-9300000", "interestIncome": "None", "interestExpense": "11100000", "nonInterestIncome": "None", "otherNonOperatingIncome": "None", "depreciation": "None", "depreciationAndAmortization": "39400000", "incomeBeforeTax": "138800000", "incomeTaxExpense": "23200000", "interestAndDebtExpense": "None", "netIncomeFromContinuingOperations": "115600000", "comprehensiveIncomeNetOfTax": "None", "ebit": "149900000", "ebitda": "189300000", "netIncome": "115600000"}, {"fiscalDateEnding": "2021-04-30", "reportedCurrency": "USD", "grossProfit": "893700000", "totalRevenue": "994800000", "costOfRevenue": "101100000", "costofGoodsAndServicesSold": "101100000", "operatingIncome": "152300000", "sellingGeneralAndAdministrative": "111900000", "researchAndDevelopment": "265500000", "operatingExpenses": "741400000", "investmentIncomeNet": "None", "netInterestIncome": "-2400000", "interestIncome": "None", "interestExpense": "10600000", "nonInterestIncome": "None", "otherNonOperatingIncome": "None", "depreciation": "None", "depreciationAndAmortization": "33000000", "incomeBeforeTax": "131400000", "incomeTaxExpense": "-24200000", "interestAndDebtExpense": "None", "netIncomeFromContinuingOperations": "155600000", "comprehensiveIncomeNetOfTax": "None", "ebit": "142000000", "ebitda": "175000000", "netIncome": "155600000"}, {"fiscalDateEnding": "2021-01-31", "reportedCurrency": "USD", "grossProfit": "944000000", "totalRevenue": "1043599999", "costOfRevenue": "99600000", "costofGoodsAndServicesSold": "99600000", "operatingIncome": "189500000", "sellingGeneralAndAdministrative": "117100000", "researchAndDevelopment": "249900000", "operatingExpenses": "754500000", "investmentIncomeNet": "None", "netInterestIncome": "-13300000", "interestIncome": "None", "interestExpense": "11600000", "nonInterestIncome": "None", "otherNonOperatingIncome": "None", "depreciation": "None", "depreciationAndAmortization": "31600000", "incomeBeforeTax": "171100000", "incomeTaxExpense": "-740200000", "interestAndDebtExpense": "None", "netIncomeFromContinuingOperations": "911300000", "comprehensiveIncomeNetOfTax": "None", "ebit": "182700000", "ebitda": "214300000", "netIncome": "911300000"}, {"fiscalDateEnding": "2020-10-31", "reportedCurrency": "USD", "grossProfit": "859100000", "totalRevenue": "952600000", "costOfRevenue": "93500000", "costofGoodsAndServicesSold": "93500000", "operatingIncome": "170300000", "sellingGeneralAndAdministrative": "98800000", "researchAndDevelopment": "232700000", "operatingExpenses": "688800000", "investmentIncomeNet": "None", "netInterestIncome": "-14600000", "interestIncome": "None", "interestExpense": "13800000", "nonInterestIncome": "None", "otherNonOperatingIncome": "None", "depreciation": "None", "depreciationAndAmortization": "32200000", "incomeBeforeTax": "156100000", "incomeTaxExpense": "23900000", "interestAndDebtExpense": "None", "netIncomeFromContinuingOperations": "132200000", "comprehensiveIncomeNetOfTax": "None", "ebit": "169900000", "ebitda": "202100000", "netIncome": "132200000"}, {"fiscalDateEnding": "2020-07-31", "reportedCurrency": "USD", "grossProfit": "821300000", "totalRevenue": "911500000", "costOfRevenue": "90200000", "costofGoodsAndServicesSold": "90200000", "operatingIncome": "148800000", "sellingGeneralAndAdministrative": "93200000", "researchAndDevelopment": "232500000", "operatingExpenses": "672500000", "investmentIncomeNet": "None", "netInterestIncome": "-8000000", "interestIncome": "None", "interestExpense": "3600000", "nonInterestIncome": "None", "otherNonOperatingIncome": "None", "depreciation": "None", "depreciationAndAmortization": "30000000", "incomeBeforeTax": "129000000", "incomeTaxExpense": "30800000", "interestAndDebtExpense": "None", "netIncomeFromContinuingOperations": "98200000", "comprehensiveIncomeNetOfTax": "None", "ebit": "132600000", "ebitda": "162600000", "netIncome": "98200000"}, {"fiscalDateEnding": "2020-04-30", "reportedCurrency": "USD", "grossProfit": "791800000", "totalRevenue": "883000000", "costOfRevenue": "91200000", "costofGoodsAndServicesSold": "91200000", "operatingIncome": "131300000", "sellingGeneralAndAdministrative": "104800000", "researchAndDevelopment": "217300000", "operatingExpenses": "660500000", "investmentIncomeNet": "None", "netInterestIncome": "-22300000", "interestIncome": "40700000", "interestExpense": "21300000", "nonInterestIncome": "None", "otherNonOperatingIncome": "None", "depreciation": "None", "depreciationAndAmortization": "30000000", "incomeBeforeTax": "90500000", "incomeTaxExpense": "24000000", "interestAndDebtExpense": "None", "netIncomeFromContinuingOperations": "66500000", "comprehensiveIncomeNetOfTax": "None", "ebit": "111800000", "ebitda": "141800000", "netIncome": "66500000"}, {"fiscalDateEnding": "2020-01-31", "reportedCurrency": "USD", "grossProfit": "802600000", "totalRevenue": "895100000", "costOfRevenue": "92500000", "costofGoodsAndServicesSold": "92500000", "operatingIncome": "137300000", "sellingGeneralAndAdministrative": "106000000", "researchAndDevelopment": "216000000", "operatingExpenses": "665300000", "investmentIncomeNet": "None", "netInterestIncome": "-11700000", "interestIncome": "10300000", "interestExpense": "11700000", "nonInterestIncome": "None", "otherNonOperatingIncome": "None", "depreciation": "None", "depreciationAndAmortization": "30900000", "incomeBeforeTax": "123300000", "incomeTaxExpense": "-8500000", "interestAndDebtExpense": "None", "netIncomeFromContinuingOperations": "131800000", "comprehensiveIncomeNetOfTax": "None", "ebit": "135000000", "ebitda": "165900000", "netIncome": "131800000"}, {"fiscalDateEnding": "2019-10-31", "reportedCurrency": "USD", "grossProfit": "749000000", "totalRevenue": "837800000", "costOfRevenue": "88800000", "costofGoodsAndServicesSold": "88800000", "operatingIncome": "107800000", "sellingGeneralAndAdministrative": "99100000", "researchAndDevelopment": "212900000", "operatingExpenses": "641200000", "investmentIncomeNet": "None", "netInterestIncome": "-13900000", "interestIncome": "14900000", "interestExpense": "16900000", "nonInterestIncome": "None", "otherNonOperatingIncome": "None", "depreciation": "None", "depreciationAndAmortization": "31600000", "incomeBeforeTax": "96400000", "incomeTaxExpense": "29700000", "interestAndDebtExpense": "None", "netIncomeFromContinuingOperations": "66700000", "comprehensiveIncomeNetOfTax": "None", "ebit": "113300000", "ebitda": "144900000", "netIncome": "66700000"}, {"fiscalDateEnding": "2019-07-31", "reportedCurrency": "USD", "grossProfit": "702800000", "totalRevenue": "791800000", "costOfRevenue": "89000000", "costofGoodsAndServicesSold": "89000000", "operatingIncome": "70600000", "sellingGeneralAndAdministrative": "101400000", "researchAndDevelopment": "215200000", "operatingExpenses": "632200000", "investmentIncomeNet": "None", "netInterestIncome": "-15400000", "interestIncome": "10900000", "interestExpense": "10500000", "nonInterestIncome": "None", "otherNonOperatingIncome": "None", "depreciation": "None", "depreciationAndAmortization": "32100000", "incomeBeforeTax": "66500000", "incomeTaxExpense": "26300000", "interestAndDebtExpense": "None", "netIncomeFromContinuingOperations": "40200000", "comprehensiveIncomeNetOfTax": "None", "ebit": "77000000", "ebitda": "109100000", "netIncome": "40200000"}, {"fiscalDateEnding": "2019-04-30", "reportedCurrency": "USD", "grossProfit": "639600000", "totalRevenue": "732000000", "costOfRevenue": "92400000", "costofGoodsAndServicesSold": "92400000", "operatingIncome": "24300000", "sellingGeneralAndAdministrative": "99100000", "researchAndDevelopment": "205300000", "operatingExpenses": "615300000", "investmentIncomeNet": "None", "netInterestIncome": "-13000000", "interestIncome": "17300000", "interestExpense": "20900000", "nonInterestIncome": "None", "otherNonOperatingIncome": "None", "depreciation": "None", "depreciationAndAmortization": "32700000", "incomeBeforeTax": "8600000", "incomeTaxExpense": "32800000", "interestAndDebtExpense": "None", "netIncomeFromContinuingOperations": "-24200000", "comprehensiveIncomeNetOfTax": "None", "ebit": "29500000", "ebitda": "62200000", "netIncome": "-24200000"}, {"fiscalDateEnding": "2019-01-31", "reportedCurrency": "USD", "grossProfit": "654100000", "totalRevenue": "737300000", "costOfRevenue": "83200000", "costofGoodsAndServicesSold": "83200000", "operatingIncome": "45300000", "sellingGeneralAndAdministrative": "100700000", "researchAndDevelopment": "190400000", "operatingExpenses": "608800000", "investmentIncomeNet": "None", "netInterestIncome": "None", "interestIncome": "None", "interestExpense": "14300000", "nonInterestIncome": "None", "otherNonOperatingIncome": "None", "depreciation": "None", "depreciationAndAmortization": "25400000", "incomeBeforeTax": "33000000", "incomeTaxExpense": "-31700000", "interestAndDebtExpense": "None", "netIncomeFromContinuingOperations": "64700000", "comprehensiveIncomeNetOfTax": "None", "ebit": "47300000", "ebitda": "72700000", "netIncome": "64700000"}, {"fiscalDateEnding": "2018-10-31", "reportedCurrency": "USD", "grossProfit": "586900000", "totalRevenue": "663400000", "costOfRevenue": "76500000", "costofGoodsAndServicesSold": "76500000", "operatingIncome": "23100000", "sellingGeneralAndAdministrative": "87400000", "researchAndDevelopment": "181000000", "operatingExpenses": "563800000", "investmentIncomeNet": "None", "netInterestIncome": "None", "interestIncome": "None", "interestExpense": "15600000", "nonInterestIncome": "None", "otherNonOperatingIncome": "None", "depreciation": "None", "depreciationAndAmortization": "23500000", "incomeBeforeTax": "11500000", "incomeTaxExpense": "35200000", "interestAndDebtExpense": "None", "netIncomeFromContinuingOperations": "-23700000", "comprehensiveIncomeNetOfTax": "None", "ebit": "27100000", "ebitda": "50600000", "netIncome": "-23700000"}, {"fiscalDateEnding": "2018-07-31", "reportedCurrency": "USD", "grossProfit": "541600000", "totalRevenue": "615200000", "costOfRevenue": "73600000", "costofGoodsAndServicesSold": "73600000", "operatingIncome": "-5800000", "sellingGeneralAndAdministrative": "79100000", "researchAndDevelopment": "180800000", "operatingExpenses": "547400000", "investmentIncomeNet": "None", "netInterestIncome": "None", "interestIncome": "None", "interestExpense": "8700000", "nonInterestIncome": "None", "otherNonOperatingIncome": "None", "depreciation": "None", "depreciationAndAmortization": "22200000", "incomeBeforeTax": "-23400000", "incomeTaxExpense": "16000000", "interestAndDebtExpense": "None", "netIncomeFromContinuingOperations": "-39400000", "comprehensiveIncomeNetOfTax": "None", "ebit": "-14700000", "ebitda": "7500000", "netIncome": "-39400000"}, {"fiscalDateEnding": "2018-04-30", "reportedCurrency": "USD", "grossProfit": "491800000", "totalRevenue": "562400000", "costOfRevenue": "70600000", "costofGoodsAndServicesSold": "70600000", "operatingIncome": "-33600000", "sellingGeneralAndAdministrative": "72900000", "researchAndDevelopment": "172800000", "operatingExpenses": "525400000", "investmentIncomeNet": "None", "netInterestIncome": "None", "interestIncome": "None", "interestExpense": "13000000", "nonInterestIncome": "None", "otherNonOperatingIncome": "None", "depreciation": "None", "depreciationAndAmortization": "24100000", "incomeBeforeTax": "-63800000", "incomeTaxExpense": "18600000", "interestAndDebtExpense": "None", "netIncomeFromContinuingOperations": "-82400000", "comprehensiveIncomeNetOfTax": "None", "ebit": "-50800000", "ebitda": "-26700000", "netIncome": "-82400000"}, {"fiscalDateEnding": "2018-01-31", "reportedCurrency": "USD", "grossProfit": "475000000", "totalRevenue": "553000000", "costOfRevenue": "78000000", "costofGoodsAndServicesSold": "78000000", "operatingIncome": "-91000000", "sellingGeneralAndAdministrative": "80100000", "researchAndDevelopment": "182200000", "operatingExpenses": "566000000", "investmentIncomeNet": "None", "netInterestIncome": "None", "interestIncome": "None", "interestExpense": "8400000", "nonInterestIncome": "None", "otherNonOperatingIncome": "None", "depreciation": "None", "depreciationAndAmortization": "26900000", "incomeBeforeTax": "-198300000", "incomeTaxExpense": "-24800000", "interestAndDebtExpense": "None", "netIncomeFromContinuingOperations": "-173500000", "comprehensiveIncomeNetOfTax": "None", "ebit": "-189900000", "ebitda": "-163000000", "netIncome": "-173500000"}, {"fiscalDateEnding": "2017-10-31", "reportedCurrency": "USD", "grossProfit": "430700000", "totalRevenue": "512900000", "costOfRevenue": "82200000", "costofGoodsAndServicesSold": "82200000", "operatingIncome": "-105300000", "sellingGeneralAndAdministrative": "68800000", "researchAndDevelopment": "191800000", "operatingExpenses": "536000000", "investmentIncomeNet": "None", "netInterestIncome": "None", "interestIncome": "None", "interestExpense": "9200000", "nonInterestIncome": "None", "otherNonOperatingIncome": "None", "depreciation": "None", "depreciationAndAmortization": "24700000", "incomeBeforeTax": "-111200000", "incomeTaxExpense": "8600000", "interestAndDebtExpense": "None", "netIncomeFromContinuingOperations": "-119800000", "comprehensiveIncomeNetOfTax": "None", "ebit": "-102000000", "ebitda": "-77300000", "netIncome": "-119800000"}, {"fiscalDateEnding": "2017-07-31", "reportedCurrency": "USD", "grossProfit": "419500000", "totalRevenue": "499000000", "costOfRevenue": "79500000", "costofGoodsAndServicesSold": "79500000", "operatingIncome": "-109400000", "sellingGeneralAndAdministrative": "78000000", "researchAndDevelopment": "193800000", "operatingExpenses": "528900000", "investmentIncomeNet": "None", "netInterestIncome": "None", "interestIncome": "None", "interestExpense": "3600000", "nonInterestIncome": "None", "otherNonOperatingIncome": "None", "depreciation": "None", "depreciationAndAmortization": "28400000", "incomeBeforeTax": "-126400000", "incomeTaxExpense": "17600000", "interestAndDebtExpense": "None", "netIncomeFromContinuingOperations": "-144000000", "comprehensiveIncomeNetOfTax": "None", "ebit": "-122800000", "ebitda": "-94400000", "netIncome": "-144000000"}, {"fiscalDateEnding": "2017-04-30", "reportedCurrency": "USD", "grossProfit": "399800000", "totalRevenue": "483700000", "costOfRevenue": "83900000", "costofGoodsAndServicesSold": "83900000", "operatingIncome": "-119200000", "sellingGeneralAndAdministrative": "78300000", "researchAndDevelopment": "187700000", "operatingExpenses": "519000000", "investmentIncomeNet": "None", "netInterestIncome": "None", "interestIncome": "None", "interestExpense": "4900000", "nonInterestIncome": "None", "otherNonOperatingIncome": "None", "depreciation": "None", "depreciationAndAmortization": "28400000", "incomeBeforeTax": "-121400000", "incomeTaxExpense": "8200000", "interestAndDebtExpense": "None", "netIncomeFromContinuingOperations": "-129600000", "comprehensiveIncomeNetOfTax": "None", "ebit": "-116500000", "ebitda": "-88100000", "netIncome": "-129600000"}, {"fiscalDateEnding": "2017-01-31", "reportedCurrency": "USD", "grossProfit": "385800000", "totalRevenue": "478000000", "costOfRevenue": "92200000", "costofGoodsAndServicesSold": "92200000", "operatingIncome": "-156900000", "sellingGeneralAndAdministrative": "74100000", "researchAndDevelopment": "187000000", "operatingExpenses": "542700000", "investmentIncomeNet": "None", "netInterestIncome": "None", "interestIncome": "None", "interestExpense": "7200000", "nonInterestIncome": "None", "otherNonOperatingIncome": "None", "depreciation": "None", "depreciationAndAmortization": "40800000", "incomeBeforeTax": "-168200000", "incomeTaxExpense": "2300000", "interestAndDebtExpense": "None", "netIncomeFromContinuingOperations": "-168100000", "comprehensiveIncomeNetOfTax": "None", "ebit": "-161000000", "ebitda": "-120200000", "netIncome": "-170500000"}, {"fiscalDateEnding": "2016-10-31", "reportedCurrency": "USD", "grossProfit": "400300000", "totalRevenue": "488600000", "costOfRevenue": "88300000", "costofGoodsAndServicesSold": "88300000", "operatingIncome": "-119200000", "sellingGeneralAndAdministrative": "70400000", "researchAndDevelopment": "192600000", "operatingExpenses": "519500000", "investmentIncomeNet": "None", "netInterestIncome": "None", "interestIncome": "None", "interestExpense": "9700000", "nonInterestIncome": "None", "otherNonOperatingIncome": "None", "depreciation": "None", "depreciationAndAmortization": "34100000", "incomeBeforeTax": "-129300000", "incomeTaxExpense": "13500000", "interestAndDebtExpense": "None", "netIncomeFromContinuingOperations": "-142800000", "comprehensiveIncomeNetOfTax": "None", "ebit": "-119600000", "ebitda": "-85500000", "netIncome": "-142800000"}, {"fiscalDateEnding": "2016-07-31", "reportedCurrency": "USD", "grossProfit": "455300000", "totalRevenue": "548200000", "costOfRevenue": "92900000", "costofGoodsAndServicesSold": "92900000", "operatingIncome": "-49900000", "sellingGeneralAndAdministrative": "68600000", "researchAndDevelopment": "193000000", "operatingExpenses": "505200000", "investmentIncomeNet": "None", "netInterestIncome": "None", "interestIncome": "None", "interestExpense": "6200000", "nonInterestIncome": "None", "otherNonOperatingIncome": "None", "depreciation": "None", "depreciationAndAmortization": "33000000", "incomeBeforeTax": "-73000000", "incomeTaxExpense": "25200000", "interestAndDebtExpense": "None", "netIncomeFromContinuingOperations": "-98200000", "comprehensiveIncomeNetOfTax": "None", "ebit": "-49900000", "ebitda": "-16900000", "netIncome": "-98200000"}, {"fiscalDateEnding": "2016-04-30", "reportedCurrency": "USD", "grossProfit": "419400000", "totalRevenue": "511900000", "costOfRevenue": "92500000", "costofGoodsAndServicesSold": "92500000", "operatingIncome": "-155000000", "sellingGeneralAndAdministrative": "75800000", "researchAndDevelopment": "195500000", "operatingExpenses": "522100000", "investmentIncomeNet": "None", "netInterestIncome": "None", "interestIncome": "None", "interestExpense": "6500000", "nonInterestIncome": "None", "otherNonOperatingIncome": "None", "depreciation": "None", "depreciationAndAmortization": "37400000", "incomeBeforeTax": "-158600000", "incomeTaxExpense": "14400000", "interestAndDebtExpense": "None", "netIncomeFromContinuingOperations": "-173000000", "comprehensiveIncomeNetOfTax": "None", "ebit": "-146800000", "ebitda": "-109400000", "netIncome": "-173000000"}, {"fiscalDateEnding": "2016-01-31", "reportedCurrency": "USD", "grossProfit": "553400000", "totalRevenue": "648300000", "costOfRevenue": "94900000", "costofGoodsAndServicesSold": "94900000", "operatingIncome": "-9700000", "sellingGeneralAndAdministrative": "73200000", "researchAndDevelopment": "204500000", "operatingExpenses": "563100000", "investmentIncomeNet": "None", "netInterestIncome": "None", "interestIncome": "None", "interestExpense": "12900000", "nonInterestIncome": "None", "otherNonOperatingIncome": "None", "depreciation": "None", "depreciationAndAmortization": "36100000", "incomeBeforeTax": "-20500000", "incomeTaxExpense": "12200000", "interestAndDebtExpense": "None", "netIncomeFromContinuingOperations": "-70300000", "comprehensiveIncomeNetOfTax": "None", "ebit": "-7600000", "ebitda": "28500000", "netIncome": "-32700000"}, {"fiscalDateEnding": "2015-10-31", "reportedCurrency": "USD", "grossProfit": "508800000", "totalRevenue": "599800000", "costOfRevenue": "91000000", "costofGoodsAndServicesSold": "91000000", "operatingIncome": "-14800000", "sellingGeneralAndAdministrative": "74200000", "researchAndDevelopment": "197900000", "operatingExpenses": "523600000", "investmentIncomeNet": "None", "netInterestIncome": "None", "interestIncome": "None", "interestExpense": "11000000", "nonInterestIncome": "None", "otherNonOperatingIncome": "None", "depreciation": "None", "depreciationAndAmortization": "35700000", "incomeBeforeTax": "-22500000", "incomeTaxExpense": "21300000", "interestAndDebtExpense": "None", "netIncomeFromContinuingOperations": "-43800000", "comprehensiveIncomeNetOfTax": "None", "ebit": "-11500000", "ebitda": "24200000", "netIncome": "-43800000"}, {"fiscalDateEnding": "2015-07-31", "reportedCurrency": "USD", "grossProfit": "516500000", "totalRevenue": "609500000", "costOfRevenue": "93000000", "costofGoodsAndServicesSold": "93000000", "operatingIncome": "4300000", "sellingGeneralAndAdministrative": "70100000", "researchAndDevelopment": "193100000", "operatingExpenses": "512200000", "investmentIncomeNet": "None", "netInterestIncome": "None", "interestIncome": "None", "interestExpense": "8000000", "nonInterestIncome": "None", "otherNonOperatingIncome": "None", "depreciation": "None", "depreciationAndAmortization": "36200000", "incomeBeforeTax": "900000", "incomeTaxExpense": "236400000", "interestAndDebtExpense": "None", "netIncomeFromContinuingOperations": "-235500000", "comprehensiveIncomeNetOfTax": "None", "ebit": "4300000", "ebitda": "40500000", "netIncome": "-235500000"}, {"fiscalDateEnding": "2015-04-30", "reportedCurrency": "USD", "grossProfit": "554700000", "totalRevenue": "646500000", "costOfRevenue": "91800000", "costofGoodsAndServicesSold": "91800000", "operatingIncome": "21500000", "sellingGeneralAndAdministrative": "75900000", "researchAndDevelopment": "194500000", "operatingExpenses": "533200000", "investmentIncomeNet": "None", "netInterestIncome": "None", "interestIncome": "None", "interestExpense": "2000000", "nonInterestIncome": "None", "otherNonOperatingIncome": "None", "depreciation": "None", "depreciationAndAmortization": "37800000", "incomeBeforeTax": "21800000", "incomeTaxExpense": "2700000", "interestAndDebtExpense": "None", "netIncomeFromContinuingOperations": "19100000", "comprehensiveIncomeNetOfTax": "None", "ebit": "21500000", "ebitda": "59300000", "netIncome": "19100000"}, {"fiscalDateEnding": "2015-01-31", "reportedCurrency": "USD", "grossProfit": "575100000", "totalRevenue": "664600000", "costOfRevenue": "89500000", "costofGoodsAndServicesSold": "89500000", "operatingIncome": "14000000", "sellingGeneralAndAdministrative": "70400000", "researchAndDevelopment": "191500000", "operatingExpenses": "561100000", "investmentIncomeNet": "None", "netInterestIncome": "None", "interestIncome": "None", "interestExpense": "4700000", "nonInterestIncome": "None", "otherNonOperatingIncome": "None", "depreciation": "None", "depreciationAndAmortization": "36000000", "incomeBeforeTax": "-7100000", "incomeTaxExpense": "-18600000", "interestAndDebtExpense": "None", "netIncomeFromContinuingOperations": "11500000", "comprehensiveIncomeNetOfTax": "None", "ebit": "14000000", "ebitda": "50000000", "netIncome": "11500000"}, {"fiscalDateEnding": "2014-10-31", "reportedCurrency": "USD", "grossProfit": "532000000", "totalRevenue": "618000000", "costOfRevenue": "86000000", "costofGoodsAndServicesSold": "86000000", "operatingIncome": "14600000", "sellingGeneralAndAdministrative": "78900000", "researchAndDevelopment": "183900000", "operatingExpenses": "517400000", "investmentIncomeNet": "None", "netInterestIncome": "None", "interestIncome": "None", "interestExpense": "2800000", "nonInterestIncome": "None", "otherNonOperatingIncome": "None", "depreciation": "None", "depreciationAndAmortization": "36600000", "incomeBeforeTax": "11600000", "incomeTaxExpense": "900000", "interestAndDebtExpense": "None", "netIncomeFromContinuingOperations": "10700000", "comprehensiveIncomeNetOfTax": "None", "ebit": "14600000", "ebitda": "51200000", "netIncome": "10700000"}, {"fiscalDateEnding": "2014-07-31", "reportedCurrency": "USD", "grossProfit": "549200000", "totalRevenue": "637100000", "costOfRevenue": "87900000", "costofGoodsAndServicesSold": "87900000", "operatingIncome": "49900000", "sellingGeneralAndAdministrative": "71500000", "researchAndDevelopment": "179300000", "operatingExpenses": "498500000", "investmentIncomeNet": "None", "netInterestIncome": "None", "interestIncome": "None", "interestExpense": "3300000", "nonInterestIncome": "None", "otherNonOperatingIncome": "None", "depreciation": "None", "depreciationAndAmortization": "37200000", "incomeBeforeTax": "42900000", "incomeTaxExpense": "11600000", "interestAndDebtExpense": "None", "netIncomeFromContinuingOperations": "31300000", "comprehensiveIncomeNetOfTax": "None", "ebit": "50700000", "ebitda": "87900000", "netIncome": "31300000"}, {"fiscalDateEnding": "2014-04-30", "reportedCurrency": "USD", "grossProfit": "513800000", "totalRevenue": "592500000", "costOfRevenue": "78700000", "costofGoodsAndServicesSold": "78700000", "operatingIncome": "42200000", "sellingGeneralAndAdministrative": "73400000", "researchAndDevelopment": "170500000", "operatingExpenses": "469300000", "investmentIncomeNet": "None", "netInterestIncome": "None", "interestIncome": "None", "interestExpense": "2400000", "nonInterestIncome": "None", "otherNonOperatingIncome": "None", "depreciation": "None", "depreciationAndAmortization": "36100000", "incomeBeforeTax": "35600000", "incomeTaxExpense": "7300000", "interestAndDebtExpense": "None", "netIncomeFromContinuingOperations": "28300000", "comprehensiveIncomeNetOfTax": "None", "ebit": "44500000", "ebitda": "80600000", "netIncome": "28300000"}, {"fiscalDateEnding": "2014-01-31", "reportedCurrency": "USD", "grossProfit": "514700000", "totalRevenue": "586600000", "costOfRevenue": "71900000", "costofGoodsAndServicesSold": "71900000", "operatingIncome": "51700000", "sellingGeneralAndAdministrative": "62000000", "researchAndDevelopment": "162400000", "operatingExpenses": "456700000", "investmentIncomeNet": "None", "netInterestIncome": "None", "interestIncome": "None", "interestExpense": "3000000", "nonInterestIncome": "None", "otherNonOperatingIncome": "None", "depreciation": "None", "depreciationAndAmortization": "33200000", "incomeBeforeTax": "56300000", "incomeTaxExpense": "2400000", "interestAndDebtExpense": "None", "netIncomeFromContinuingOperations": "53900000", "comprehensiveIncomeNetOfTax": "None", "ebit": "58000000", "ebitda": "91200000", "netIncome": "53900000"}, {"fiscalDateEnding": "2013-10-31", "reportedCurrency": "USD", "grossProfit": "488100000", "totalRevenue": "555200000", "costOfRevenue": "67100000", "costofGoodsAndServicesSold": "67100000", "operatingIncome": "68100000", "sellingGeneralAndAdministrative": "63200000", "researchAndDevelopment": "149000000", "operatingExpenses": "415600000", "investmentIncomeNet": "None", "netInterestIncome": "None", "interestIncome": "None", "interestExpense": "1800000", "nonInterestIncome": "None", "otherNonOperatingIncome": "None", "depreciation": "None", "depreciationAndAmortization": "30600000", "incomeBeforeTax": "69200000", "incomeTaxExpense": "11600000", "interestAndDebtExpense": "None", "netIncomeFromContinuingOperations": "57600000", "comprehensiveIncomeNetOfTax": "None", "ebit": "80200000", "ebitda": "110800000", "netIncome": "57600000"}, {"fiscalDateEnding": "2013-07-31", "reportedCurrency": "USD", "grossProfit": "493900000", "totalRevenue": "561700000", "costOfRevenue": "67800000", "costofGoodsAndServicesSold": "67800000", "operatingIncome": "83600000", "sellingGeneralAndAdministrative": "61600000", "researchAndDevelopment": "148900000", "operatingExpenses": "408600000", "investmentIncomeNet": "None", "netInterestIncome": "None", "interestIncome": "None", "interestExpense": "1900000", "nonInterestIncome": "None", "otherNonOperatingIncome": "None", "depreciation": "None", "depreciationAndAmortization": "32000000", "incomeBeforeTax": "81800000", "incomeTaxExpense": "20100000", "interestAndDebtExpense": "None", "netIncomeFromContinuingOperations": "61700000", "comprehensiveIncomeNetOfTax": "None", "ebit": "83700000", "ebitda": "115700000", "netIncome": "61700000"}, {"fiscalDateEnding": "2013-04-30", "reportedCurrency": "USD", "grossProfit": "502900000", "totalRevenue": "570400000", "costOfRevenue": "67500000", "costofGoodsAndServicesSold": "67500000", "operatingIncome": "-81400000", "sellingGeneralAndAdministrative": "61500000", "researchAndDevelopment": "150800000", "operatingExpenses": "421100000", "investmentIncomeNet": "None", "netInterestIncome": "None", "interestIncome": "None", "interestExpense": "3100000", "nonInterestIncome": "None", "otherNonOperatingIncome": "None", "depreciation": "None", "depreciationAndAmortization": "33100000", "incomeBeforeTax": "72600000", "incomeTaxExpense": "17000000", "interestAndDebtExpense": "None", "netIncomeFromContinuingOperations": "55600000", "comprehensiveIncomeNetOfTax": "None", "ebit": "75700000", "ebitda": "108800000", "netIncome": "55600000"}, {"fiscalDateEnding": "2013-01-31", "reportedCurrency": "USD", "grossProfit": "544900000", "totalRevenue": "606900000", "costOfRevenue": "62000000", "costofGoodsAndServicesSold": "62000000", "operatingIncome": "84600000", "sellingGeneralAndAdministrative": "67700000", "researchAndDevelopment": "149400000", "operatingExpenses": "453100000", "investmentIncomeNet": "None", "netInterestIncome": "None", "interestIncome": "None", "interestExpense": "900000", "nonInterestIncome": "None", "otherNonOperatingIncome": "None", "depreciation": "None", "depreciationAndAmortization": "34700000", "incomeBeforeTax": "86100000", "incomeTaxExpense": "11600000", "interestAndDebtExpense": "None", "netIncomeFromContinuingOperations": "74500000", "comprehensiveIncomeNetOfTax": "None", "ebit": "91800000", "ebitda": "126500000", "netIncome": "74500000"}, {"fiscalDateEnding": "2012-10-31", "reportedCurrency": "USD", "grossProfit": "490000000", "totalRevenue": "548000000", "costOfRevenue": "58000000", "costofGoodsAndServicesSold": "58000000", "operatingIncome": "34300000", "sellingGeneralAndAdministrative": "62300000", "researchAndDevelopment": "153600000", "operatingExpenses": "420500000", "investmentIncomeNet": "None", "netInterestIncome": "None", "interestIncome": "None", "interestExpense": "100000", "nonInterestIncome": "None", "otherNonOperatingIncome": "None", "depreciation": "None", "depreciationAndAmortization": "35000000", "incomeBeforeTax": "34200000", "incomeTaxExpense": "4900000", "interestAndDebtExpense": "None", "netIncomeFromContinuingOperations": "29400000", "comprehensiveIncomeNetOfTax": "None", "ebit": "71100000", "ebitda": "106100000", "netIncome": "29300000"}, {"fiscalDateEnding": "2012-07-31", "reportedCurrency": "USD", "grossProfit": "508900000", "totalRevenue": "568700000", "costOfRevenue": "59800000", "costofGoodsAndServicesSold": "59800000", "operatingIncome": "92900000", "sellingGeneralAndAdministrative": "58700000", "researchAndDevelopment": "144900000", "operatingExpenses": "416000000", "investmentIncomeNet": "None", "netInterestIncome": "None", "interestIncome": "None", "interestExpense": "800000", "nonInterestIncome": "None", "otherNonOperatingIncome": "None", "depreciation": "None", "depreciationAndAmortization": "28900000", "incomeBeforeTax": "92100000", "incomeTaxExpense": "27500000", "interestAndDebtExpense": "None", "netIncomeFromContinuingOperations": "64600000", "comprehensiveIncomeNetOfTax": "None", "ebit": "64000000", "ebitda": "92900000", "netIncome": "64600000"}, {"fiscalDateEnding": "2012-04-30", "reportedCurrency": "USD", "grossProfit": "529800000", "totalRevenue": "588600000", "costOfRevenue": "58800000", "costofGoodsAndServicesSold": "58800000", "operatingIncome": "94000000", "sellingGeneralAndAdministrative": "59900000", "researchAndDevelopment": "152700000", "operatingExpenses": "435800000", "investmentIncomeNet": "None", "netInterestIncome": "None", "interestIncome": "None", "interestExpense": "1100000", "nonInterestIncome": "None", "otherNonOperatingIncome": "None", "depreciation": "None", "depreciationAndAmortization": "29200000", "incomeBeforeTax": "97500000", "incomeTaxExpense": "18600000", "interestAndDebtExpense": "None", "netIncomeFromContinuingOperations": "78900000", "comprehensiveIncomeNetOfTax": "None", "ebit": "64800000", "ebitda": "94000000", "netIncome": "78900000"}, {"fiscalDateEnding": "2012-01-31", "reportedCurrency": "USD", "grossProfit": "534900000", "totalRevenue": "592400000", "costOfRevenue": "57500000", "costofGoodsAndServicesSold": "57500000", "operatingIncome": "91800000", "sellingGeneralAndAdministrative": "60100000", "researchAndDevelopment": "149500000", "operatingExpenses": "443100000", "investmentIncomeNet": "None", "netInterestIncome": "None", "interestIncome": "None", "interestExpense": "6200000", "nonInterestIncome": "None", "otherNonOperatingIncome": "None", "depreciation": "None", "depreciationAndAmortization": "30300000", "incomeBeforeTax": "92900000", "incomeTaxExpense": "20900000", "interestAndDebtExpense": "None", "netIncomeFromContinuingOperations": "72000000", "comprehensiveIncomeNetOfTax": "None", "ebit": "91800000", "ebitda": "122100000", "netIncome": "72000000"}, {"fiscalDateEnding": "2011-10-31", "reportedCurrency": "USD", "grossProfit": "489000000", "totalRevenue": "548600000", "costOfRevenue": "59600000", "costofGoodsAndServicesSold": "59600000", "operatingIncome": "90200000", "sellingGeneralAndAdministrative": "51400000", "researchAndDevelopment": "141200000", "operatingExpenses": "398800000", "investmentIncomeNet": "None", "netInterestIncome": "None", "interestIncome": "None", "interestExpense": "1100000", "nonInterestIncome": "None", "otherNonOperatingIncome": "None", "depreciation": "None", "depreciationAndAmortization": "31000000", "incomeBeforeTax": "91300000", "incomeTaxExpense": "18500000", "interestAndDebtExpense": "None", "netIncomeFromContinuingOperations": "72800000", "comprehensiveIncomeNetOfTax": "None", "ebit": "59200000", "ebitda": "90200000", "netIncome": "72800000"}, {"fiscalDateEnding": "2011-07-31", "reportedCurrency": "USD", "grossProfit": "488900000", "totalRevenue": "546300000", "costOfRevenue": "57400000", "costofGoodsAndServicesSold": "57400000", "operatingIncome": "95000000", "sellingGeneralAndAdministrative": "55000000", "researchAndDevelopment": "139200000", "operatingExpenses": "395200000", "investmentIncomeNet": "None", "netInterestIncome": "None", "interestIncome": "None", "interestExpense": "800000", "nonInterestIncome": "None", "otherNonOperatingIncome": "None", "depreciation": "None", "depreciationAndAmortization": "29700000", "incomeBeforeTax": "94200000", "incomeTaxExpense": "23000000", "interestAndDebtExpense": "None", "netIncomeFromContinuingOperations": "71200000", "comprehensiveIncomeNetOfTax": "None", "ebit": "93700000", "ebitda": "123400000", "netIncome": "71200000"}, {"fiscalDateEnding": "2011-04-30", "reportedCurrency": "USD", "grossProfit": "473700000", "totalRevenue": "528300000", "costOfRevenue": "54600000", "costofGoodsAndServicesSold": "54600000", "operatingIncome": "78600000", "sellingGeneralAndAdministrative": "56600000", "researchAndDevelopment": "136600000", "operatingExpenses": "395100000", "investmentIncomeNet": "None", "netInterestIncome": "None", "interestIncome": "None", "interestExpense": "5900000", "nonInterestIncome": "None", "otherNonOperatingIncome": "None", "depreciation": "None", "depreciationAndAmortization": "24500000", "incomeBeforeTax": "84500000", "incomeTaxExpense": "15200000", "interestAndDebtExpense": "None", "netIncomeFromContinuingOperations": "69300000", "comprehensiveIncomeNetOfTax": "None", "ebit": "54100000", "ebitda": "78600000", "netIncome": "69300000"}, {"fiscalDateEnding": "2011-01-31", "reportedCurrency": "USD", "grossProfit": "479300000", "totalRevenue": "527700000", "costOfRevenue": "48400000", "costofGoodsAndServicesSold": "48400000", "operatingIncome": "71600000", "sellingGeneralAndAdministrative": "52100000", "researchAndDevelopment": "126900000", "operatingExpenses": "405900000", "investmentIncomeNet": "None", "netInterestIncome": "None", "interestIncome": "None", "interestExpense": "800000", "nonInterestIncome": "None", "otherNonOperatingIncome": "None", "depreciation": "None", "depreciationAndAmortization": "25800000", "incomeBeforeTax": "73000000", "incomeTaxExpense": "11400000", "interestAndDebtExpense": "None", "netIncomeFromContinuingOperations": "61600000", "comprehensiveIncomeNetOfTax": "None", "ebit": "73400000", "ebitda": "99200000", "netIncome": "61600000"}, {"fiscalDateEnding": "2010-10-31", "reportedCurrency": "USD", "grossProfit": "428200000", "totalRevenue": "476700000", "costOfRevenue": "48500000", "costofGoodsAndServicesSold": "48500000", "operatingIncome": "69200000", "sellingGeneralAndAdministrative": "51100000", "researchAndDevelopment": "122800000", "operatingExpenses": "359000000", "investmentIncomeNet": "None", "netInterestIncome": "None", "interestIncome": "None", "interestExpense": "2500000", "nonInterestIncome": "None", "otherNonOperatingIncome": "None", "depreciation": "None", "depreciationAndAmortization": "26600000", "incomeBeforeTax": "71700000", "incomeTaxExpense": "18100000", "interestAndDebtExpense": "None", "netIncomeFromContinuingOperations": "53600000", "comprehensiveIncomeNetOfTax": "None", "ebit": "42600000", "ebitda": "69200000", "netIncome": "53600000"}, {"fiscalDateEnding": "2010-07-31", "reportedCurrency": "USD", "grossProfit": "424400000", "totalRevenue": "472800000", "costOfRevenue": "48400000", "costofGoodsAndServicesSold": "48400000", "operatingIncome": "79800000", "sellingGeneralAndAdministrative": "45900000", "researchAndDevelopment": "119300000", "operatingExpenses": "342700000", "investmentIncomeNet": "None", "netInterestIncome": "None", "interestIncome": "None", "interestExpense": "100000", "nonInterestIncome": "None", "otherNonOperatingIncome": "None", "depreciation": "None", "depreciationAndAmortization": "26300000", "incomeBeforeTax": "79900000", "incomeTaxExpense": "20000000", "interestAndDebtExpense": "None", "netIncomeFromContinuingOperations": "59900000", "comprehensiveIncomeNetOfTax": "None", "ebit": "81700000", "ebitda": "108000000", "netIncome": "59900000"}, {"fiscalDateEnding": "2010-04-30", "reportedCurrency": "USD", "grossProfit": "423300000", "totalRevenue": "474600000", "costOfRevenue": "51300000", "costofGoodsAndServicesSold": "51300000", "operatingIncome": "50800000", "sellingGeneralAndAdministrative": "51700000", "researchAndDevelopment": "127200000", "operatingExpenses": "365400000", "investmentIncomeNet": "None", "netInterestIncome": "None", "interestIncome": "None", "interestExpense": "3400000", "nonInterestIncome": "None", "otherNonOperatingIncome": "None", "depreciation": "None", "depreciationAndAmortization": "26700000", "incomeBeforeTax": "47400000", "incomeTaxExpense": "10500000", "interestAndDebtExpense": "None", "netIncomeFromContinuingOperations": "36900000", "comprehensiveIncomeNetOfTax": "None", "ebit": "57900000", "ebitda": "84600000", "netIncome": "36900000"}, {"fiscalDateEnding": "2010-01-31", "reportedCurrency": "USD", "grossProfit": "411700000", "totalRevenue": "456100000", "costOfRevenue": "44400000", "costofGoodsAndServicesSold": "44400000", "operatingIncome": "56100000", "sellingGeneralAndAdministrative": "47100000", "researchAndDevelopment": "116800000", "operatingExpenses": "355200000", "investmentIncomeNet": "None", "netInterestIncome": "None", "interestIncome": "None", "interestExpense": "13400000", "nonInterestIncome": "None", "otherNonOperatingIncome": "None", "depreciation": "None", "depreciationAndAmortization": "27100000", "incomeBeforeTax": "58700000", "incomeTaxExpense": "8600000", "interestAndDebtExpense": "None", "netIncomeFromContinuingOperations": "50100000", "comprehensiveIncomeNetOfTax": "None", "ebit": "56500000", "ebitda": "83600000", "netIncome": "50100000"}, {"fiscalDateEnding": "2009-10-31", "reportedCurrency": "USD", "grossProfit": "371900000", "totalRevenue": "416900000", "costOfRevenue": "45000000", "costofGoodsAndServicesSold": "45000000", "operatingIncome": "26300000", "sellingGeneralAndAdministrative": "51100000", "researchAndDevelopment": "109300000", "operatingExpenses": "340700000", "investmentIncomeNet": "None", "netInterestIncome": "None", "interestIncome": "None", "interestExpense": "5700000", "nonInterestIncome": "None", "otherNonOperatingIncome": "None", "depreciation": "None", "depreciationAndAmortization": "28900000", "incomeBeforeTax": "32000000", "incomeTaxExpense": "2500000", "interestAndDebtExpense": "None", "netIncomeFromContinuingOperations": "29500000", "comprehensiveIncomeNetOfTax": "None", "ebit": "31200000", "ebitda": "60100000", "netIncome": "29500000"}, {"fiscalDateEnding": "2009-07-31", "reportedCurrency": "USD", "grossProfit": "364800000", "totalRevenue": "414900000", "costOfRevenue": "50100000", "costofGoodsAndServicesSold": "50100000", "operatingIncome": "2700000", "sellingGeneralAndAdministrative": "49500000", "researchAndDevelopment": "109800000", "operatingExpenses": "335700000", "investmentIncomeNet": "None", "netInterestIncome": "None", "interestIncome": "None", "interestExpense": "10700000", "nonInterestIncome": "None", "otherNonOperatingIncome": "None", "depreciation": "None", "depreciationAndAmortization": "28500000", "incomeBeforeTax": "13400000", "incomeTaxExpense": "2900000", "interestAndDebtExpense": "None", "netIncomeFromContinuingOperations": "10500000", "comprehensiveIncomeNetOfTax": "None", "ebit": "29100000", "ebitda": "57600000", "netIncome": "10500000"}, {"fiscalDateEnding": "2009-04-30", "reportedCurrency": "USD", "grossProfit": "373500000", "totalRevenue": "425800000", "costOfRevenue": "52300000", "costofGoodsAndServicesSold": "52300000", "operatingIncome": "-19400000", "sellingGeneralAndAdministrative": "45500000", "researchAndDevelopment": "124100000", "operatingExpenses": "355400000", "investmentIncomeNet": "None", "netInterestIncome": "None", "interestIncome": "None", "interestExpense": "0", "nonInterestIncome": "None", "otherNonOperatingIncome": "None", "depreciation": "None", "depreciationAndAmortization": "27000000", "incomeBeforeTax": "-19400000", "incomeTaxExpense": "12700000", "interestAndDebtExpense": "None", "netIncomeFromContinuingOperations": "-32100000", "comprehensiveIncomeNetOfTax": "None", "ebit": "18100000", "ebitda": "45100000", "netIncome": "-32100000"}, {"fiscalDateEnding": "2009-01-31", "reportedCurrency": "USD", "grossProfit": "440700000", "totalRevenue": "489800000", "costOfRevenue": "49100000", "costofGoodsAndServicesSold": "49100000", "operatingIncome": "-133800000", "sellingGeneralAndAdministrative": "261400000", "researchAndDevelopment": "144000000", "operatingExpenses": "534300000", "investmentIncomeNet": "None", "netInterestIncome": "None", "interestIncome": "None", "interestExpense": "3400000", "nonInterestIncome": "None", "otherNonOperatingIncome": "None", "depreciation": "None", "depreciationAndAmortization": "27300000", "incomeBeforeTax": "-129700000", "incomeTaxExpense": "-30300000", "interestAndDebtExpense": "None", "netIncomeFromContinuingOperations": "0", "comprehensiveIncomeNetOfTax": "None", "ebit": "-93600000", "ebitda": "-66300000", "netIncome": "-105400000"}, {"fiscalDateEnding": "2008-10-31", "reportedCurrency": "USD", "grossProfit": "554400000", "totalRevenue": "607100000", "costOfRevenue": "52700000", "costofGoodsAndServicesSold": "52700000", "operatingIncome": "139600000", "sellingGeneralAndAdministrative": "279600000", "researchAndDevelopment": "135200000", "operatingExpenses": "414800000", "investmentIncomeNet": "None", "netInterestIncome": "None", "interestIncome": "None", "interestExpense": "3400000", "nonInterestIncome": "None", "otherNonOperatingIncome": "None", "depreciation": "None", "depreciationAndAmortization": "25400000", "incomeBeforeTax": "136200000", "incomeTaxExpense": "31700000", "interestAndDebtExpense": "None", "netIncomeFromContinuingOperations": "0", "comprehensiveIncomeNetOfTax": "None", "ebit": "114200000", "ebitda": "139600000", "netIncome": "104500000"}, {"fiscalDateEnding": "2008-07-31", "reportedCurrency": "USD", "grossProfit": "560000000", "totalRevenue": "619500000", "costOfRevenue": "59500000", "costofGoodsAndServicesSold": "59500000", "operatingIncome": "118800000", "sellingGeneralAndAdministrative": "288000000", "researchAndDevelopment": "153200000", "operatingExpenses": "441200000", "investmentIncomeNet": "None", "netInterestIncome": "None", "interestIncome": "None", "interestExpense": "0", "nonInterestIncome": "None", "otherNonOperatingIncome": "None", "depreciation": "None", "depreciationAndAmortization": "22200000", "incomeBeforeTax": "125100000", "incomeTaxExpense": "35300000", "interestAndDebtExpense": "None", "netIncomeFromContinuingOperations": "0", "comprehensiveIncomeNetOfTax": "None", "ebit": "96600000", "ebitda": "118800000", "netIncome": "89800000"}, {"fiscalDateEnding": "2008-04-30", "reportedCurrency": "USD", "grossProfit": "541000000", "totalRevenue": "598800000", "costOfRevenue": "57800000", "costofGoodsAndServicesSold": "57800000", "operatingIncome": "119900000", "sellingGeneralAndAdministrative": "277400000", "researchAndDevelopment": "143700000", "operatingExpenses": "421100000", "investmentIncomeNet": "None", "netInterestIncome": "None", "interestIncome": "None", "interestExpense": "0", "nonInterestIncome": "None", "otherNonOperatingIncome": "None", "depreciation": "None", "depreciationAndAmortization": "16900000", "incomeBeforeTax": "126800000", "incomeTaxExpense": "32200000", "interestAndDebtExpense": "None", "netIncomeFromContinuingOperations": "0", "comprehensiveIncomeNetOfTax": "None", "ebit": "103000000", "ebitda": "119900000", "netIncome": "94600000"}, {"fiscalDateEnding": "2008-01-31", "reportedCurrency": "USD", "grossProfit": "548300000", "totalRevenue": "599100000", "costOfRevenue": "50800000", "costofGoodsAndServicesSold": "50800000", "operatingIncome": "124100000", "sellingGeneralAndAdministrative": "291800000", "researchAndDevelopment": "132400000", "operatingExpenses": "424200000", "investmentIncomeNet": "None", "netInterestIncome": "None", "interestIncome": "None", "interestExpense": "0", "nonInterestIncome": "None", "otherNonOperatingIncome": "None", "depreciation": "None", "depreciationAndAmortization": "17200000", "incomeBeforeTax": "130900000", "incomeTaxExpense": "34400000", "interestAndDebtExpense": "None", "netIncomeFromContinuingOperations": "0", "comprehensiveIncomeNetOfTax": "None", "ebit": "124100000", "ebitda": "141300000", "netIncome": "96500000"}, {"fiscalDateEnding": "2007-10-31", "reportedCurrency": "USD", "grossProfit": "486800000", "totalRevenue": "538400000", "costOfRevenue": "51600000", "costofGoodsAndServicesSold": "51600000", "operatingIncome": "105600000", "sellingGeneralAndAdministrative": "258000000", "researchAndDevelopment": "123200000", "operatingExpenses": "381200000", "investmentIncomeNet": "None", "netInterestIncome": "None", "interestIncome": "None", "interestExpense": "0", "nonInterestIncome": "None", "otherNonOperatingIncome": "None", "depreciation": "None", "depreciationAndAmortization": "15500000", "incomeBeforeTax": "110000000", "incomeTaxExpense": "25200000", "interestAndDebtExpense": "None", "netIncomeFromContinuingOperations": "0", "comprehensiveIncomeNetOfTax": "None", "ebit": "90100000", "ebitda": "105600000", "netIncome": "84800000"}, {"fiscalDateEnding": "2007-07-31", "reportedCurrency": "USD", "grossProfit": "474000000", "totalRevenue": "525900000", "costOfRevenue": "51900000", "costofGoodsAndServicesSold": "51900000", "operatingIncome": "114500000", "sellingGeneralAndAdministrative": "244600000", "researchAndDevelopment": "114900000", "operatingExpenses": "359500000", "investmentIncomeNet": "None", "netInterestIncome": "None", "interestIncome": "None", "interestExpense": "0", "nonInterestIncome": "None", "otherNonOperatingIncome": "None", "depreciation": "None", "depreciationAndAmortization": "14400000", "incomeBeforeTax": "117900000", "incomeTaxExpense": "26300000", "interestAndDebtExpense": "None", "netIncomeFromContinuingOperations": "0", "comprehensiveIncomeNetOfTax": "None", "ebit": "100100000", "ebitda": "114500000", "netIncome": "91600000"}, {"fiscalDateEnding": "2007-04-30", "reportedCurrency": "USD", "grossProfit": "455900000", "totalRevenue": "508600000", "costOfRevenue": "52700000", "costofGoodsAndServicesSold": "52700000", "operatingIncome": "101400000", "sellingGeneralAndAdministrative": "239800000", "researchAndDevelopment": "114700000", "operatingExpenses": "354500000", "investmentIncomeNet": "None", "netInterestIncome": "None", "interestIncome": "None", "interestExpense": "0", "nonInterestIncome": "None", "otherNonOperatingIncome": "None", "depreciation": "None", "depreciationAndAmortization": "14200000", "incomeBeforeTax": "111200000", "incomeTaxExpense": "27900000", "interestAndDebtExpense": "None", "netIncomeFromContinuingOperations": "0", "comprehensiveIncomeNetOfTax": "None", "ebit": "87200000", "ebitda": "101400000", "netIncome": "83300000"}, {"fiscalDateEnding": "2007-01-31", "reportedCurrency": "USD", "grossProfit": "442800000", "totalRevenue": "497400000", "costOfRevenue": "54600000", "costofGoodsAndServicesSold": "54600000", "operatingIncome": "119700000", "sellingGeneralAndAdministrative": "223100000", "researchAndDevelopment": "100000000", "operatingExpenses": "323100000", "investmentIncomeNet": "None", "netInterestIncome": "None", "interestIncome": "None", "interestExpense": "1400000", "nonInterestIncome": "None", "otherNonOperatingIncome": "None", "depreciation": "None", "depreciationAndAmortization": "14300000", "incomeBeforeTax": "124200000", "incomeTaxExpense": "27800000", "interestAndDebtExpense": "None", "netIncomeFromContinuingOperations": "0", "comprehensiveIncomeNetOfTax": "None", "ebit": "119700000", "ebitda": "134000000", "netIncome": "96400000"}, {"fiscalDateEnding": "2006-10-31", "reportedCurrency": "USD", "grossProfit": "400500000", "totalRevenue": "456800000", "costOfRevenue": "56300000", "costofGoodsAndServicesSold": "56300000", "operatingIncome": "68600000", "sellingGeneralAndAdministrative": "223000000", "researchAndDevelopment": "108900000", "operatingExpenses": "331900000", "investmentIncomeNet": "None", "netInterestIncome": "None", "interestIncome": "None", "interestExpense": "700000", "nonInterestIncome": "None", "otherNonOperatingIncome": "None", "depreciation": "None", "depreciationAndAmortization": "13200000", "incomeBeforeTax": "74600000", "incomeTaxExpense": "16600000", "interestAndDebtExpense": "None", "netIncomeFromContinuingOperations": "0", "comprehensiveIncomeNetOfTax": "None", "ebit": "68600000", "ebitda": "81800000", "netIncome": "58000000"}, {"fiscalDateEnding": "2006-07-31", "reportedCurrency": "USD", "grossProfit": "393800000", "totalRevenue": "449600000", "costOfRevenue": "55800000", "costofGoodsAndServicesSold": "55800000", "operatingIncome": "102100000", "sellingGeneralAndAdministrative": "193700000", "researchAndDevelopment": "98000000", "operatingExpenses": "291700000", "investmentIncomeNet": "None", "netInterestIncome": "None", "interestIncome": "None", "interestExpense": "0", "nonInterestIncome": "None", "otherNonOperatingIncome": "None", "depreciation": "None", "depreciationAndAmortization": "13500000", "incomeBeforeTax": "104900000", "incomeTaxExpense": "18100000", "interestAndDebtExpense": "None", "netIncomeFromContinuingOperations": "0", "comprehensiveIncomeNetOfTax": "None", "ebit": "102100000", "ebitda": "115600000", "netIncome": "86800000"}, {"fiscalDateEnding": "2006-04-30", "reportedCurrency": "USD", "grossProfit": "386100000", "totalRevenue": "436000000", "costOfRevenue": "49900000", "costofGoodsAndServicesSold": "49900000", "operatingIncome": "59300000", "sellingGeneralAndAdministrative": "227400000", "researchAndDevelopment": "99400000", "operatingExpenses": "326800000", "investmentIncomeNet": "None", "netInterestIncome": "None", "interestIncome": "None", "interestExpense": "0", "nonInterestIncome": "None", "otherNonOperatingIncome": "None", "depreciation": "None", "depreciationAndAmortization": "12500000", "incomeBeforeTax": "62800000", "incomeTaxExpense": "14300000", "interestAndDebtExpense": "None", "netIncomeFromContinuingOperations": "0", "comprehensiveIncomeNetOfTax": "None", "ebit": "46800000", "ebitda": "59300000", "netIncome": "48500000"}, {"fiscalDateEnding": "2006-01-31", "reportedCurrency": "USD", "grossProfit": "376312000", "totalRevenue": "416835000", "costOfRevenue": "40523000", "costofGoodsAndServicesSold": "40523000", "operatingIncome": "97247000", "sellingGeneralAndAdministrative": "190346000", "researchAndDevelopment": "88719000", "operatingExpenses": "279065000", "investmentIncomeNet": "None", "netInterestIncome": "None", "interestIncome": "None", "interestExpense": "0", "nonInterestIncome": "None", "otherNonOperatingIncome": "None", "depreciation": "None", "depreciationAndAmortization": "9888000", "incomeBeforeTax": "101436000", "incomeTaxExpense": "18449000", "interestAndDebtExpense": "None", "netIncomeFromContinuingOperations": "0", "comprehensiveIncomeNetOfTax": "None", "ebit": "97247000", "ebitda": "107135000", "netIncome": "82987000"}, {"fiscalDateEnding": "2005-10-31", "reportedCurrency": "USD", "grossProfit": "335864000", "totalRevenue": "378262000", "costOfRevenue": "42398000", "costofGoodsAndServicesSold": "42398000", "operatingIncome": "93037000", "sellingGeneralAndAdministrative": "168793000", "researchAndDevelopment": "74034000", "operatingExpenses": "242827000", "investmentIncomeNet": "None", "netInterestIncome": "None", "interestIncome": "None", "interestExpense": "0", "nonInterestIncome": "None", "otherNonOperatingIncome": "None", "depreciation": "None", "depreciationAndAmortization": "9524000", "incomeBeforeTax": "96204000", "incomeTaxExpense": "1667000", "interestAndDebtExpense": "None", "netIncomeFromContinuingOperations": "0", "comprehensiveIncomeNetOfTax": "None", "ebit": "95176000", "ebitda": "104700000", "netIncome": "94537000"}]}