{"symbol": "AMCR", "annualReports": [{"fiscalDateEnding": "2025-06-30", "reportedCurrency": "USD", "grossProfit": "2834000000", "totalRevenue": "15009000000", "costOfRevenue": "12175000000", "costofGoodsAndServicesSold": "12175000000", "operatingIncome": "1009000000", "sellingGeneralAndAdministrative": "1205000000", "researchAndDevelopment": "120000000", "operatingExpenses": "1825000000", "investmentIncomeNet": "None", "netInterestIncome": "-347000000", "interestIncome": "49000000", "interestExpense": "396000000", "nonInterestIncome": "None", "otherNonOperatingIncome": "None", "depreciation": "None", "depreciationAndAmortization": "722000000", "incomeBeforeTax": "653000000", "incomeTaxExpense": "135000000", "interestAndDebtExpense": "None", "netIncomeFromContinuingOperations": "518000000", "comprehensiveIncomeNetOfTax": "None", "ebit": "1046000000", "ebitda": "1768000000", "netIncome": "511000000"}, {"fiscalDateEnding": "2024-06-30", "reportedCurrency": "USD", "grossProfit": "2712000000", "totalRevenue": "13640000000", "costOfRevenue": "10928000000", "costofGoodsAndServicesSold": "10928000000", "operatingIncome": "1214000000", "sellingGeneralAndAdministrative": "1260000000", "researchAndDevelopment": "106000000", "operatingExpenses": "1498000000", "investmentIncomeNet": "None", "netInterestIncome": "-310000000", "interestIncome": "38000000", "interestExpense": "348000000", "nonInterestIncome": "None", "otherNonOperatingIncome": "None", "depreciation": "None", "depreciationAndAmortization": "595000000", "incomeBeforeTax": "903000000", "incomeTaxExpense": "163000000", "interestAndDebtExpense": "None", "netIncomeFromContinuingOperations": "740000000", "comprehensiveIncomeNetOfTax": "None", "ebit": "1255000000", "ebitda": "1850000000", "netIncome": "730000000"}, {"fiscalDateEnding": "2023-06-30", "reportedCurrency": "USD", "grossProfit": "2725000000", "totalRevenue": "14694000000", "costOfRevenue": "11969000000", "costofGoodsAndServicesSold": "11969000000", "operatingIncome": "1508000000", "sellingGeneralAndAdministrative": "1246000000", "researchAndDevelopment": "101000000", "operatingExpenses": "1217000000", "investmentIncomeNet": "None", "netInterestIncome": "-259000000", "interestIncome": "31000000", "interestExpense": "290000000", "nonInterestIncome": "None", "otherNonOperatingIncome": "33000000", "depreciation": "None", "depreciationAndAmortization": "586000000", "incomeBeforeTax": "1251000000", "incomeTaxExpense": "193000000", "interestAndDebtExpense": "None", "netIncomeFromContinuingOperations": "1058000000", "comprehensiveIncomeNetOfTax": "None", "ebit": "1541000000", "ebitda": "2127000000", "netIncome": "1048000000"}, {"fiscalDateEnding": "2022-06-30", "reportedCurrency": "USD", "grossProfit": "2820000000", "totalRevenue": "14544000000", "costOfRevenue": "11724000000", "costofGoodsAndServicesSold": "11724000000", "operatingIncome": "1239000000", "sellingGeneralAndAdministrative": "1284000000", "researchAndDevelopment": "96000000", "operatingExpenses": "1581000000", "investmentIncomeNet": "None", "netInterestIncome": "-135000000", "interestIncome": "24000000", "interestExpense": "159000000", "nonInterestIncome": "None", "otherNonOperatingIncome": "35000000", "depreciation": "None", "depreciationAndAmortization": "625000000", "incomeBeforeTax": "1115000000", "incomeTaxExpense": "300000000", "interestAndDebtExpense": "None", "netIncomeFromContinuingOperations": "815000000", "comprehensiveIncomeNetOfTax": "None", "ebit": "1274000000", "ebitda": "1899000000", "netIncome": "805000000"}, {"fiscalDateEnding": "2021-06-30", "reportedCurrency": "USD", "grossProfit": "2732000000", "totalRevenue": "12861000000", "costOfRevenue": "10129000000", "costofGoodsAndServicesSold": "10129000000", "operatingIncome": "1321000000", "sellingGeneralAndAdministrative": "951300000", "researchAndDevelopment": "100000000", "operatingExpenses": "1411000000", "investmentIncomeNet": "None", "netInterestIncome": "-139000000", "interestIncome": "14000000", "interestExpense": "153000000", "nonInterestIncome": "None", "otherNonOperatingIncome": "44000000", "depreciation": "None", "depreciationAndAmortization": "574000000", "incomeBeforeTax": "1212000000", "incomeTaxExpense": "261000000", "interestAndDebtExpense": "None", "netIncomeFromContinuingOperations": "951000000", "comprehensiveIncomeNetOfTax": "None", "ebit": "1346000000", "ebitda": "1920000000", "netIncome": "939000000"}, {"fiscalDateEnding": "2020-06-30", "reportedCurrency": "USD", "grossProfit": "2536000000", "totalRevenue": "12468000000", "costOfRevenue": "9932000000", "costofGoodsAndServicesSold": "9932000000", "operatingIncome": "994000000", "sellingGeneralAndAdministrative": "1384100000", "researchAndDevelopment": "97000000", "operatingExpenses": "1542000000", "investmentIncomeNet": "None", "netInterestIncome": "-184700000", "interestIncome": "22200000", "interestExpense": "207000000", "nonInterestIncome": "None", "otherNonOperatingIncome": "None", "depreciation": "None", "depreciationAndAmortization": "652000000", "incomeBeforeTax": "811000000", "incomeTaxExpense": "187000000", "interestAndDebtExpense": "None", "netIncomeFromContinuingOperations": "624300000", "comprehensiveIncomeNetOfTax": "None", "ebit": "1032000000", "ebitda": "1684000000", "netIncome": "612000000"}, {"fiscalDateEnding": "2019-06-30", "reportedCurrency": "USD", "grossProfit": "1799000000", "totalRevenue": "9458000000", "costOfRevenue": "7659000000", "costofGoodsAndServicesSold": "7659000000", "operatingIncome": "792000000", "sellingGeneralAndAdministrative": "951300000", "researchAndDevelopment": "64000000", "operatingExpenses": "1007000000", "investmentIncomeNet": "None", "netInterestIncome": "-191100000", "interestIncome": "16800000", "interestExpense": "208000000", "nonInterestIncome": "None", "otherNonOperatingIncome": "None", "depreciation": "None", "depreciationAndAmortization": "453000000", "incomeBeforeTax": "604000000", "incomeTaxExpense": "172000000", "interestAndDebtExpense": "None", "netIncomeFromContinuingOperations": "436700000", "comprehensiveIncomeNetOfTax": "None", "ebit": "812000000", "ebitda": "1265000000", "netIncome": "430200000"}, {"fiscalDateEnding": "2018-06-30", "reportedCurrency": "USD", "grossProfit": "1856800000", "totalRevenue": "9319100000", "costOfRevenue": "7462300000", "costofGoodsAndServicesSold": "7462300000", "operatingIncome": "993900000", "sellingGeneralAndAdministrative": "608565000", "researchAndDevelopment": "72700000", "operatingExpenses": "862900000", "investmentIncomeNet": "None", "netInterestIncome": "-203550843.08", "interestIncome": "13020097.87", "interestExpense": "210000000", "nonInterestIncome": "None", "otherNonOperatingIncome": "None", "depreciation": "None", "depreciationAndAmortization": "357100000", "incomeBeforeTax": "722900000", "incomeTaxExpense": "144414000", "interestAndDebtExpense": "None", "netIncomeFromContinuingOperations": "730914501.96", "comprehensiveIncomeNetOfTax": "None", "ebit": "932900000", "ebitda": "1290000000", "netIncome": "719584000"}, {"fiscalDateEnding": "2017-06-30", "reportedCurrency": "USD", "grossProfit": "1909937154", "totalRevenue": "9092132043", "costOfRevenue": "7182194889", "costofGoodsAndServicesSold": "7182194889", "operatingIncome": "842278488", "sellingGeneralAndAdministrative": "781138121", "researchAndDevelopment": "69032669", "operatingExpenses": "1909937154", "investmentIncomeNet": "None", "netInterestIncome": "-186817788.39", "interestIncome": "12188112.40", "interestExpense": "199006000", "nonInterestIncome": "None", "otherNonOperatingIncome": "None", "depreciation": "None", "depreciationAndAmortization": "358800000", "incomeBeforeTax": "764954000", "incomeTaxExpense": "214091000", "interestAndDebtExpense": "None", "netIncomeFromContinuingOperations": "613401722.31", "comprehensiveIncomeNetOfTax": "None", "ebit": "605160000", "ebitda": "963959807", "netIncome": "596418000"}, {"fiscalDateEnding": "2016-06-30", "reportedCurrency": "USD", "grossProfit": "2006032159", "totalRevenue": "9474348697", "costOfRevenue": "7468316538", "costofGoodsAndServicesSold": "7468316538", "operatingIncome": "468825041", "sellingGeneralAndAdministrative": "1258145000", "researchAndDevelopment": "67779510", "operatingExpenses": "2006032159", "investmentIncomeNet": "None", "netInterestIncome": "-167739204.01", "interestIncome": "157800000", "interestExpense": "202333000", "nonInterestIncome": "None", "otherNonOperatingIncome": "None", "depreciation": "None", "depreciationAndAmortization": "354200000", "incomeBeforeTax": "411202000", "incomeTaxExpense": "241854000", "interestAndDebtExpense": "None", "netIncomeFromContinuingOperations": "275140564.85", "comprehensiveIncomeNetOfTax": "None", "ebit": "259335000", "ebitda": "613535301", "netIncome": "245474000"}, {"fiscalDateEnding": "2015-06-30", "reportedCurrency": "USD", "grossProfit": "1929685542", "totalRevenue": "9599291738", "costOfRevenue": "7669606196", "costofGoodsAndServicesSold": "7669606196", "operatingIncome": "906319030", "sellingGeneralAndAdministrative": "746127765", "researchAndDevelopment": "62818145", "operatingExpenses": "1929685542", "investmentIncomeNet": "None", "netInterestIncome": "None", "interestIncome": "159100000", "interestExpense": "196244000", "nonInterestIncome": "None", "otherNonOperatingIncome": "None", "depreciation": "None", "depreciationAndAmortization": "154798000", "incomeBeforeTax": "894734000", "incomeTaxExpense": "187755000", "interestAndDebtExpense": "None", "netIncomeFromContinuingOperations": "707900000", "comprehensiveIncomeNetOfTax": "None", "ebit": "936180000", "ebitda": "1090978411", "netIncome": "679415000"}, {"fiscalDateEnding": "2014-06-30", "reportedCurrency": "USD", "grossProfit": "1929877417", "totalRevenue": "10218426949", "costOfRevenue": "8288549532", "costofGoodsAndServicesSold": "8288549532", "operatingIncome": "968328092", "sellingGeneralAndAdministrative": "660741521", "researchAndDevelopment": "71553655", "operatingExpenses": "1929877417", "investmentIncomeNet": "None", "netInterestIncome": "None", "interestIncome": "None", "interestExpense": "227089000", "nonInterestIncome": "None", "otherNonOperatingIncome": "None", "depreciation": "None", "depreciationAndAmortization": "128985000", "incomeBeforeTax": "859417000", "incomeTaxExpense": "75508000", "interestAndDebtExpense": "None", "netIncomeFromContinuingOperations": "None", "comprehensiveIncomeNetOfTax": "None", "ebit": "1008436000", "ebitda": "1137420679", "netIncome": "531757000"}, {"fiscalDateEnding": "2013-06-30", "reportedCurrency": "USD", "grossProfit": "2003522637", "totalRevenue": "11339332159", "costOfRevenue": "9335809522", "costofGoodsAndServicesSold": "9335809522", "operatingIncome": "733821878", "sellingGeneralAndAdministrative": "893800706", "researchAndDevelopment": "59866577", "operatingExpenses": "2003522637", "investmentIncomeNet": "None", "netInterestIncome": "None", "interestIncome": "None", "interestExpense": "225686047", "nonInterestIncome": "None", "otherNonOperatingIncome": "None", "depreciation": "None", "depreciationAndAmortization": "115809000", "incomeBeforeTax": "766993000", "incomeTaxExpense": "204605000", "interestAndDebtExpense": "None", "netIncomeFromContinuingOperations": "None", "comprehensiveIncomeNetOfTax": "None", "ebit": "837037000", "ebitda": "952845943", "netIncome": "539388000"}, {"fiscalDateEnding": "2012-06-30", "reportedCurrency": "USD", "grossProfit": "2112798575", "totalRevenue": "12478150520", "costOfRevenue": "10365351945", "costofGoodsAndServicesSold": "10365351945", "operatingIncome": "611887754", "sellingGeneralAndAdministrative": "1082445000", "researchAndDevelopment": "69693186", "operatingExpenses": "2112798575", "investmentIncomeNet": "None", "netInterestIncome": "None", "interestIncome": "None", "interestExpense": "233232000", "nonInterestIncome": "None", "otherNonOperatingIncome": "None", "depreciation": "None", "depreciationAndAmortization": "171521000", "incomeBeforeTax": "579651000", "incomeTaxExpense": "269562000", "interestAndDebtExpense": "None", "netIncomeFromContinuingOperations": "None", "comprehensiveIncomeNetOfTax": "None", "ebit": "641361000", "ebitda": "812882493", "netIncome": "422253000"}, {"fiscalDateEnding": "2011-06-30", "reportedCurrency": "USD", "grossProfit": "2269520979", "totalRevenue": "13265823055", "costOfRevenue": "10996302075", "costofGoodsAndServicesSold": "10996302075", "operatingIncome": "502319218", "sellingGeneralAndAdministrative": "1279738000", "researchAndDevelopment": "99608832", "operatingExpenses": "2269520979", "investmentIncomeNet": "None", "netInterestIncome": "None", "interestIncome": "None", "interestExpense": "252335000", "nonInterestIncome": "None", "otherNonOperatingIncome": "None", "depreciation": "None", "depreciationAndAmortization": "211188000", "incomeBeforeTax": "502887000", "incomeTaxExpense": "230639000", "interestAndDebtExpense": "None", "netIncomeFromContinuingOperations": "None", "comprehensiveIncomeNetOfTax": "None", "ebit": "628219000", "ebitda": "839407477", "netIncome": "351656000"}, {"fiscalDateEnding": "2010-06-30", "reportedCurrency": "USD", "grossProfit": "1480559214", "totalRevenue": "8370798453", "costOfRevenue": "6890239238", "costofGoodsAndServicesSold": "6890239238", "operatingIncome": "330939531", "sellingGeneralAndAdministrative": "818935000", "researchAndDevelopment": "46912845", "operatingExpenses": "1480559214", "investmentIncomeNet": "None", "netInterestIncome": "None", "interestIncome": "None", "interestExpense": "174818000", "nonInterestIncome": "None", "otherNonOperatingIncome": "None", "depreciation": "None", "depreciationAndAmortization": "94166000", "incomeBeforeTax": "272298000", "incomeTaxExpense": "51332000", "interestAndDebtExpense": "None", "netIncomeFromContinuingOperations": "None", "comprehensiveIncomeNetOfTax": "None", "ebit": "352951000", "ebitda": "447116814", "netIncome": "155526000"}, {"fiscalDateEnding": "2009-06-30", "reportedCurrency": "USD", "grossProfit": "1207912322", "totalRevenue": "7695548310", "costOfRevenue": "6487635987", "costofGoodsAndServicesSold": "6487635987", "operatingIncome": "249862801", "sellingGeneralAndAdministrative": "662266000", "researchAndDevelopment": "32120605", "operatingExpenses": "1207912322", "investmentIncomeNet": "None", "netInterestIncome": "None", "interestIncome": "None", "interestExpense": "155680000", "nonInterestIncome": "None", "otherNonOperatingIncome": "None", "depreciation": "None", "depreciationAndAmortization": "80624000", "incomeBeforeTax": "202731000", "incomeTaxExpense": "118959000", "interestAndDebtExpense": "None", "netIncomeFromContinuingOperations": "None", "comprehensiveIncomeNetOfTax": "None", "ebit": "277787000", "ebitda": "358411079", "netIncome": "170853000"}, {"fiscalDateEnding": "2008-06-30", "reportedCurrency": "USD", "grossProfit": "1418279580", "totalRevenue": "8835449335", "costOfRevenue": "7417169755", "costofGoodsAndServicesSold": "7417169755", "operatingIncome": "327781020", "sellingGeneralAndAdministrative": "751237000", "researchAndDevelopment": "34634188", "operatingExpenses": "1418279580", "investmentIncomeNet": "None", "netInterestIncome": "None", "interestIncome": "None", "interestExpense": "200343000", "nonInterestIncome": "None", "otherNonOperatingIncome": "None", "depreciation": "None", "depreciationAndAmortization": "88690000", "incomeBeforeTax": "275064000", "incomeTaxExpense": "171640000", "interestAndDebtExpense": "None", "netIncomeFromContinuingOperations": "None", "comprehensiveIncomeNetOfTax": "None", "ebit": "386717000", "ebitda": "475406856", "netIncome": "247606000"}, {"fiscalDateEnding": "2007-06-30", "reportedCurrency": "USD", "grossProfit": "1381340118", "totalRevenue": "8447921967", "costOfRevenue": "7066581849", "costofGoodsAndServicesSold": "7066581849", "operatingIncome": "355216284", "sellingGeneralAndAdministrative": "730025000", "researchAndDevelopment": "27311280", "operatingExpenses": "1381340118", "investmentIncomeNet": "None", "netInterestIncome": "None", "interestIncome": "None", "interestExpense": "198304000", "nonInterestIncome": "None", "otherNonOperatingIncome": "None", "depreciation": "None", "depreciationAndAmortization": "73282000", "incomeBeforeTax": "249279000", "incomeTaxExpense": "75318000", "interestAndDebtExpense": "None", "netIncomeFromContinuingOperations": "None", "comprehensiveIncomeNetOfTax": "None", "ebit": "374301000", "ebitda": "447582697", "netIncome": "452672000"}, {"fiscalDateEnding": "2006-06-30", "reportedCurrency": "USD", "grossProfit": "1270387794", "totalRevenue": "8193630251", "costOfRevenue": "6923242457", "costofGoodsAndServicesSold": "6923242457", "operatingIncome": "419331859", "sellingGeneralAndAdministrative": "586664000", "researchAndDevelopment": "27455810", "operatingExpenses": "1270387794", "investmentIncomeNet": "None", "netInterestIncome": "None", "interestIncome": "None", "interestExpense": "195827000", "nonInterestIncome": "None", "otherNonOperatingIncome": "None", "depreciation": "None", "depreciationAndAmortization": "76505000", "incomeBeforeTax": "377629000", "incomeTaxExpense": "106039000", "interestAndDebtExpense": "None", "netIncomeFromContinuingOperations": "None", "comprehensiveIncomeNetOfTax": "None", "ebit": "496950000", "ebitda": "573455425", "netIncome": "260682000"}], "quarterlyReports": [{"fiscalDateEnding": "2025-12-31", "reportedCurrency": "USD", "grossProfit": "895000000", "totalRevenue": "5449000000", "costOfRevenue": "4554000000", "costofGoodsAndServicesSold": "4554000000", "operatingIncome": "417000000", "sellingGeneralAndAdministrative": "440000000", "researchAndDevelopment": "38000000", "operatingExpenses": "478000000", "investmentIncomeNet": "None", "netInterestIncome": "-154000000", "interestIncome": "15000000", "interestExpense": "154000000", "nonInterestIncome": "None", "otherNonOperatingIncome": "None", "depreciation": "None", "depreciationAndAmortization": "512000000", "incomeBeforeTax": "180000000", "incomeTaxExpense": "3000000", "interestAndDebtExpense": "None", "netIncomeFromContinuingOperations": "177000000", "comprehensiveIncomeNetOfTax": "None", "ebit": "332000000", "ebitda": "844000000", "netIncome": "177000000"}, {"fiscalDateEnding": "2025-09-30", "reportedCurrency": "USD", "grossProfit": "1124000000", "totalRevenue": "5745000000", "costOfRevenue": "4621000000", "costofGoodsAndServicesSold": "4621000000", "operatingIncome": "461000000", "sellingGeneralAndAdministrative": "435000000", "researchAndDevelopment": "46000000", "operatingExpenses": "663000000", "investmentIncomeNet": "None", "netInterestIncome": "-153000000", "interestIncome": "15000000", "interestExpense": "176000000", "nonInterestIncome": "None", "otherNonOperatingIncome": "None", "depreciation": "None", "depreciationAndAmortization": "364000000", "incomeBeforeTax": "311000000", "incomeTaxExpense": "49000000", "interestAndDebtExpense": "None", "netIncomeFromContinuingOperations": "262000000", "comprehensiveIncomeNetOfTax": "None", "ebit": "487000000", "ebitda": "851000000", "netIncome": "262000000"}, {"fiscalDateEnding": "2025-06-30", "reportedCurrency": "USD", "grossProfit": "895000000", "totalRevenue": "5082000000", "costOfRevenue": "4187000000", "costofGoodsAndServicesSold": "4187000000", "operatingIncome": "87000000", "sellingGeneralAndAdministrative": "292000000", "researchAndDevelopment": "38000000", "operatingExpenses": "808000000", "investmentIncomeNet": "None", "netInterestIncome": "-125000000", "interestIncome": "19000000", "interestExpense": "144000000", "nonInterestIncome": "None", "otherNonOperatingIncome": "None", "depreciation": "None", "depreciationAndAmortization": "323000000", "incomeBeforeTax": "-45000000", "incomeTaxExpense": "-6000000", "interestAndDebtExpense": "None", "netIncomeFromContinuingOperations": "-39000000", "comprehensiveIncomeNetOfTax": "None", "ebit": "97000000", "ebitda": "420000000", "netIncome": "-39000000"}, {"fiscalDateEnding": "2025-03-31", "reportedCurrency": "USD", "grossProfit": "654000000", "totalRevenue": "3333000000", "costOfRevenue": "2679000000", "costofGoodsAndServicesSold": "2679000000", "operatingIncome": "313000000", "sellingGeneralAndAdministrative": "303000000", "researchAndDevelopment": "27000000", "operatingExpenses": "341000000", "investmentIncomeNet": "None", "netInterestIncome": "-75000000", "interestIncome": "10000000", "interestExpense": "85000000", "nonInterestIncome": "None", "otherNonOperatingIncome": "None", "depreciation": "None", "depreciationAndAmortization": "132000000", "incomeBeforeTax": "237000000", "incomeTaxExpense": "40000000", "interestAndDebtExpense": "None", "netIncomeFromContinuingOperations": "197000000", "comprehensiveIncomeNetOfTax": "None", "ebit": "322000000", "ebitda": "454000000", "netIncome": "196000000"}, {"fiscalDateEnding": "2024-12-31", "reportedCurrency": "USD", "grossProfit": "626000000", "totalRevenue": "3241000000", "costOfRevenue": "2615000000", "costofGoodsAndServicesSold": "2615000000", "operatingIncome": "330000000", "sellingGeneralAndAdministrative": "295000000", "researchAndDevelopment": "27000000", "operatingExpenses": "355000000", "investmentIncomeNet": "None", "netInterestIncome": "-72000000", "interestIncome": "9000000", "interestExpense": "81000000", "nonInterestIncome": "None", "otherNonOperatingIncome": "None", "depreciation": "None", "depreciationAndAmortization": "141000000", "incomeBeforeTax": "224000000", "incomeTaxExpense": "44385597", "interestAndDebtExpense": "None", "netIncomeFromContinuingOperations": "167000000", "comprehensiveIncomeNetOfTax": "None", "ebit": "321385390", "ebitda": "462385390", "netIncome": "163000000"}, {"fiscalDateEnding": "2024-09-30", "reportedCurrency": "USD", "grossProfit": "659000000", "totalRevenue": "3353000000", "costOfRevenue": "2694000000", "costofGoodsAndServicesSold": "2694000000", "operatingIncome": "312000000", "sellingGeneralAndAdministrative": "315000000", "researchAndDevelopment": "28000000", "operatingExpenses": "347000000", "investmentIncomeNet": "None", "netInterestIncome": "-75000000", "interestIncome": "11000000", "interestExpense": "86000000", "nonInterestIncome": "None", "otherNonOperatingIncome": "None", "depreciation": "None", "depreciationAndAmortization": "141000000", "incomeBeforeTax": "236000000", "incomeTaxExpense": "43000000", "interestAndDebtExpense": "None", "netIncomeFromContinuingOperations": "193000000", "comprehensiveIncomeNetOfTax": "None", "ebit": "322000000", "ebitda": "463000000", "netIncome": "191000000"}, {"fiscalDateEnding": "2024-06-30", "reportedCurrency": "USD", "grossProfit": "754000000", "totalRevenue": "3535000000", "costOfRevenue": "2781000000", "costofGoodsAndServicesSold": "2781000000", "operatingIncome": "395000000", "sellingGeneralAndAdministrative": "329000000", "researchAndDevelopment": "26000000", "operatingExpenses": "359000000", "investmentIncomeNet": "None", "netInterestIncome": "-78000000", "interestIncome": "7000000", "interestExpense": "85000000", "nonInterestIncome": "None", "otherNonOperatingIncome": "None", "depreciation": "None", "depreciationAndAmortization": "147000000", "incomeBeforeTax": "317000000", "incomeTaxExpense": "56000000", "interestAndDebtExpense": "None", "netIncomeFromContinuingOperations": "261000000", "comprehensiveIncomeNetOfTax": "None", "ebit": "403000000", "ebitda": "550000000", "netIncome": "257000000"}, {"fiscalDateEnding": "2024-03-31", "reportedCurrency": "USD", "grossProfit": "692000000", "totalRevenue": "3411000000", "costOfRevenue": "2719000000", "costofGoodsAndServicesSold": "2719000000", "operatingIncome": "307000000", "sellingGeneralAndAdministrative": "330000000", "researchAndDevelopment": "25000000", "operatingExpenses": "385000000", "investmentIncomeNet": "None", "netInterestIncome": "-79000000", "interestIncome": "10000000", "interestExpense": "89000000", "nonInterestIncome": "None", "otherNonOperatingIncome": "None", "depreciation": "None", "depreciationAndAmortization": "153000000", "incomeBeforeTax": "229000000", "incomeTaxExpense": "40000000", "interestAndDebtExpense": "None", "netIncomeFromContinuingOperations": "189000000", "comprehensiveIncomeNetOfTax": "None", "ebit": "319000000", "ebitda": "472000000", "netIncome": "187000000"}, {"fiscalDateEnding": "2023-12-31", "reportedCurrency": "USD", "grossProfit": "621000000", "totalRevenue": "3251000000", "costOfRevenue": "2630000000", "costofGoodsAndServicesSold": "2630000000", "operatingIncome": "242000000", "sellingGeneralAndAdministrative": "299000000", "researchAndDevelopment": "28000000", "operatingExpenses": "379000000", "investmentIncomeNet": "None", "netInterestIncome": "-78000000", "interestIncome": "11000000", "interestExpense": "89000000", "nonInterestIncome": "None", "otherNonOperatingIncome": "None", "depreciation": "None", "depreciationAndAmortization": "146000000", "incomeBeforeTax": "164000000", "incomeTaxExpense": "28000000", "interestAndDebtExpense": "None", "netIncomeFromContinuingOperations": "136000000", "comprehensiveIncomeNetOfTax": "None", "ebit": "254000000", "ebitda": "400000000", "netIncome": "134000000"}, {"fiscalDateEnding": "2023-09-30", "reportedCurrency": "USD", "grossProfit": "645000000", "totalRevenue": "3443000000", "costOfRevenue": "2798000000", "costofGoodsAndServicesSold": "2798000000", "operatingIncome": "270000000", "sellingGeneralAndAdministrative": "302000000", "researchAndDevelopment": "27000000", "operatingExpenses": "375000000", "investmentIncomeNet": "None", "netInterestIncome": "-75000000", "interestIncome": "10000000", "interestExpense": "85000000", "nonInterestIncome": "None", "otherNonOperatingIncome": "None", "depreciation": "None", "depreciationAndAmortization": "149000000", "incomeBeforeTax": "193000000", "incomeTaxExpense": "39000000", "interestAndDebtExpense": "None", "netIncomeFromContinuingOperations": "154000000", "comprehensiveIncomeNetOfTax": "None", "ebit": "279000000", "ebitda": "428000000", "netIncome": "152000000"}, {"fiscalDateEnding": "2023-06-30", "reportedCurrency": "USD", "grossProfit": "722000000", "totalRevenue": "3673000000", "costOfRevenue": "2951000000", "costofGoodsAndServicesSold": "2951000000", "operatingIncome": "325000000", "sellingGeneralAndAdministrative": "329000000", "researchAndDevelopment": "25000000", "operatingExpenses": "397000000", "investmentIncomeNet": "None", "netInterestIncome": "-70000000", "interestIncome": "4000000", "interestExpense": "70000000", "nonInterestIncome": "None", "otherNonOperatingIncome": "-7000000", "depreciation": "None", "depreciationAndAmortization": "158000000", "incomeBeforeTax": "252000000", "incomeTaxExpense": "68000000", "interestAndDebtExpense": "None", "netIncomeFromContinuingOperations": "184000000", "comprehensiveIncomeNetOfTax": "None", "ebit": "318000000", "ebitda": "476000000", "netIncome": "180000000"}, {"fiscalDateEnding": "2023-03-31", "reportedCurrency": "USD", "grossProfit": "673000000", "totalRevenue": "3667000000", "costOfRevenue": "2994000000", "costofGoodsAndServicesSold": "2994000000", "operatingIncome": "282000000", "sellingGeneralAndAdministrative": "317000000", "researchAndDevelopment": "27000000", "operatingExpenses": "391000000", "investmentIncomeNet": "None", "netInterestIncome": "-71000000", "interestIncome": "15000000", "interestExpense": "86000000", "nonInterestIncome": "None", "otherNonOperatingIncome": "17000000", "depreciation": "None", "depreciationAndAmortization": "144000000", "incomeBeforeTax": "213000000", "incomeTaxExpense": "34000000", "interestAndDebtExpense": "None", "netIncomeFromContinuingOperations": "179000000", "comprehensiveIncomeNetOfTax": "None", "ebit": "299000000", "ebitda": "443000000", "netIncome": "177000000"}, {"fiscalDateEnding": "2022-12-31", "reportedCurrency": "USD", "grossProfit": "662000000", "totalRevenue": "3642000000", "costOfRevenue": "2980000000", "costofGoodsAndServicesSold": "2980000000", "operatingIncome": "559000000", "sellingGeneralAndAdministrative": "298000000", "researchAndDevelopment": "24000000", "operatingExpenses": "103000000", "investmentIncomeNet": "None", "netInterestIncome": "-68000000", "interestIncome": "11000000", "interestExpense": "79000000", "nonInterestIncome": "None", "otherNonOperatingIncome": "14000000", "depreciation": "None", "depreciationAndAmortization": "133000000", "incomeBeforeTax": "494000000", "incomeTaxExpense": "33000000", "interestAndDebtExpense": "None", "netIncomeFromContinuingOperations": "461000000", "comprehensiveIncomeNetOfTax": "None", "ebit": "573000000", "ebitda": "706000000", "netIncome": "459000000"}, {"fiscalDateEnding": "2022-09-30", "reportedCurrency": "USD", "grossProfit": "668000000", "totalRevenue": "3712000000", "costOfRevenue": "3044000000", "costofGoodsAndServicesSold": "3044000000", "operatingIncome": "342000000", "sellingGeneralAndAdministrative": "302000000", "researchAndDevelopment": "25000000", "operatingExpenses": "327000000", "investmentIncomeNet": "None", "netInterestIncome": "-50000000", "interestIncome": "9000000", "interestExpense": "50000000", "nonInterestIncome": "None", "otherNonOperatingIncome": "9000000", "depreciation": "None", "depreciationAndAmortization": "151000000", "incomeBeforeTax": "292000000", "incomeTaxExpense": "58000000", "interestAndDebtExpense": "None", "netIncomeFromContinuingOperations": "234000000", "comprehensiveIncomeNetOfTax": "None", "ebit": "340000000", "ebitda": "491000000", "netIncome": "232000000"}, {"fiscalDateEnding": "2022-06-30", "reportedCurrency": "USD", "grossProfit": "794000000", "totalRevenue": "3909000000", "costOfRevenue": "3115000000", "costofGoodsAndServicesSold": "3115000000", "operatingIncome": "252000000", "sellingGeneralAndAdministrative": "342000000", "researchAndDevelopment": "24000000", "operatingExpenses": "542000000", "investmentIncomeNet": "None", "netInterestIncome": "-35000000", "interestIncome": "9000000", "interestExpense": "44000000", "nonInterestIncome": "None", "otherNonOperatingIncome": "8000000", "depreciation": "None", "depreciationAndAmortization": "146000000", "incomeBeforeTax": "216000000", "incomeTaxExpense": "104000000", "interestAndDebtExpense": "None", "netIncomeFromContinuingOperations": "112000000", "comprehensiveIncomeNetOfTax": "None", "ebit": "260000000", "ebitda": "406000000", "netIncome": "109000000"}, {"fiscalDateEnding": "2022-03-31", "reportedCurrency": "USD", "grossProfit": "731000000", "totalRevenue": "3708000000", "costOfRevenue": "2977000000", "costofGoodsAndServicesSold": "2977000000", "operatingIncome": "369000000", "sellingGeneralAndAdministrative": "326000000", "researchAndDevelopment": "24000000", "operatingExpenses": "362000000", "investmentIncomeNet": "None", "netInterestIncome": "-31000000", "interestIncome": "5000000", "interestExpense": "36000000", "nonInterestIncome": "None", "otherNonOperatingIncome": "10000000", "depreciation": "None", "depreciationAndAmortization": "147000000", "incomeBeforeTax": "343000000", "incomeTaxExpense": "72000000", "interestAndDebtExpense": "None", "netIncomeFromContinuingOperations": "271000000", "comprehensiveIncomeNetOfTax": "None", "ebit": "379000000", "ebitda": "526000000", "netIncome": "269000000"}, {"fiscalDateEnding": "2021-12-31", "reportedCurrency": "USD", "grossProfit": "645000000", "totalRevenue": "3507000000", "costOfRevenue": "2862000000", "costofGoodsAndServicesSold": "2862000000", "operatingIncome": "322000000", "sellingGeneralAndAdministrative": "303000000", "researchAndDevelopment": "23000000", "operatingExpenses": "323000000", "investmentIncomeNet": "None", "netInterestIncome": "-34000000", "interestIncome": "5000000", "interestExpense": "39000000", "nonInterestIncome": "None", "otherNonOperatingIncome": "7000000", "depreciation": "None", "depreciationAndAmortization": "155000000", "incomeBeforeTax": "290000000", "incomeTaxExpense": "61000000", "interestAndDebtExpense": "None", "netIncomeFromContinuingOperations": "229000000", "comprehensiveIncomeNetOfTax": "None", "ebit": "329000000", "ebitda": "484000000", "netIncome": "225000000"}, {"fiscalDateEnding": "2021-09-30", "reportedCurrency": "USD", "grossProfit": "650000000", "totalRevenue": "3420000000", "costOfRevenue": "2770000000", "costofGoodsAndServicesSold": "2770000000", "operatingIncome": "296000000", "sellingGeneralAndAdministrative": "329000000", "researchAndDevelopment": "25000000", "operatingExpenses": "354000000", "investmentIncomeNet": "None", "netInterestIncome": "-35000000", "interestIncome": "5000000", "interestExpense": "40000000", "nonInterestIncome": "None", "otherNonOperatingIncome": "10000000", "depreciation": "None", "depreciationAndAmortization": "177000000", "incomeBeforeTax": "266000000", "incomeTaxExpense": "63000000", "interestAndDebtExpense": "None", "netIncomeFromContinuingOperations": "203000000", "comprehensiveIncomeNetOfTax": "None", "ebit": "306000000", "ebitda": "483000000", "netIncome": "202000000"}, {"fiscalDateEnding": "2021-06-30", "reportedCurrency": "USD", "grossProfit": "745000000", "totalRevenue": "3454000000", "costOfRevenue": "2709000000", "costofGoodsAndServicesSold": "2709000000", "operatingIncome": "365000000", "sellingGeneralAndAdministrative": "330000000", "researchAndDevelopment": "26000000", "operatingExpenses": "380000000", "investmentIncomeNet": "None", "netInterestIncome": "-36000000", "interestIncome": "4000000", "interestExpense": "40000000", "nonInterestIncome": "None", "otherNonOperatingIncome": "None", "depreciation": "None", "depreciationAndAmortization": "148000000", "incomeBeforeTax": "333000000", "incomeTaxExpense": "74000000", "interestAndDebtExpense": "None", "netIncomeFromContinuingOperations": "259000000", "comprehensiveIncomeNetOfTax": "None", "ebit": "373000000", "ebitda": "521000000", "netIncome": "255000000"}, {"fiscalDateEnding": "2021-03-31", "reportedCurrency": "USD", "grossProfit": "682000000", "totalRevenue": "3207000000", "costOfRevenue": "2525000000", "costofGoodsAndServicesSold": "2525000000", "operatingIncome": "373000000", "sellingGeneralAndAdministrative": "325000000", "researchAndDevelopment": "25000000", "operatingExpenses": "309000000", "investmentIncomeNet": "None", "netInterestIncome": "-33000000", "interestIncome": "3000000", "interestExpense": "36000000", "nonInterestIncome": "None", "otherNonOperatingIncome": "4000000", "depreciation": "None", "depreciationAndAmortization": "139000000", "incomeBeforeTax": "341000000", "incomeTaxExpense": "71000000", "interestAndDebtExpense": "None", "netIncomeFromContinuingOperations": "270000000", "comprehensiveIncomeNetOfTax": "None", "ebit": "377000000", "ebitda": "516000000", "netIncome": "267000000"}, {"fiscalDateEnding": "2020-12-31", "reportedCurrency": "USD", "grossProfit": "651000000", "totalRevenue": "3103000000", "costOfRevenue": "2452000000", "costofGoodsAndServicesSold": "2452000000", "operatingIncome": "307000000", "sellingGeneralAndAdministrative": "308000000", "researchAndDevelopment": "23000000", "operatingExpenses": "344000000", "investmentIncomeNet": "None", "netInterestIncome": "-33000000", "interestIncome": "4000000", "interestExpense": "37000000", "nonInterestIncome": "None", "otherNonOperatingIncome": "7000000", "depreciation": "None", "depreciationAndAmortization": "142000000", "incomeBeforeTax": "277000000", "incomeTaxExpense": "55000000", "interestAndDebtExpense": "None", "netIncomeFromContinuingOperations": "222000000", "comprehensiveIncomeNetOfTax": "None", "ebit": "314000000", "ebitda": "456000000", "netIncome": "219000000"}, {"fiscalDateEnding": "2020-09-30", "reportedCurrency": "USD", "grossProfit": "654000000", "totalRevenue": "3097000000", "costOfRevenue": "2443000000", "costofGoodsAndServicesSold": "2443000000", "operatingIncome": "276000000", "sellingGeneralAndAdministrative": "329000000", "researchAndDevelopment": "26000000", "operatingExpenses": "378000000", "investmentIncomeNet": "None", "netInterestIncome": "-37000000", "interestIncome": "3000000", "interestExpense": "40000000", "nonInterestIncome": "None", "otherNonOperatingIncome": "None", "depreciation": "None", "depreciationAndAmortization": "145000000", "incomeBeforeTax": "261000000", "incomeTaxExpense": "61000000", "interestAndDebtExpense": "None", "netIncomeFromContinuingOperations": "200000000", "comprehensiveIncomeNetOfTax": "None", "ebit": "282000000", "ebitda": "427000000", "netIncome": "198000000"}, {"fiscalDateEnding": "2020-06-30", "reportedCurrency": "USD", "grossProfit": "721700000", "totalRevenue": "3142900000", "costOfRevenue": "2421200000", "costofGoodsAndServicesSold": "2421200000", "operatingIncome": "376900000", "sellingGeneralAndAdministrative": "351400000", "researchAndDevelopment": "23000000", "operatingExpenses": "344800000", "investmentIncomeNet": "None", "netInterestIncome": "-45200000", "interestIncome": "3900000", "interestExpense": "49100000", "nonInterestIncome": "None", "otherNonOperatingIncome": "None", "depreciation": "None", "depreciationAndAmortization": "152300000", "incomeBeforeTax": "241100000", "incomeTaxExpense": "63900000", "interestAndDebtExpense": "None", "netIncomeFromContinuingOperations": "177200000", "comprehensiveIncomeNetOfTax": "None", "ebit": "309100000", "ebitda": "461400000", "netIncome": "179100000"}, {"fiscalDateEnding": "2020-03-31", "reportedCurrency": "USD", "grossProfit": "652000000", "totalRevenue": "3141000000", "costOfRevenue": "2489000000", "costofGoodsAndServicesSold": "2489000000", "operatingIncome": "271000000", "sellingGeneralAndAdministrative": "353200000", "researchAndDevelopment": "25000000", "operatingExpenses": "381000000", "investmentIncomeNet": "None", "netInterestIncome": "-40500000", "interestIncome": "5300000", "interestExpense": "46000000", "nonInterestIncome": "None", "otherNonOperatingIncome": "None", "depreciation": "None", "depreciationAndAmortization": "167000000", "incomeBeforeTax": "239000000", "incomeTaxExpense": "56000000", "interestAndDebtExpense": "None", "netIncomeFromContinuingOperations": "183600000", "comprehensiveIncomeNetOfTax": "None", "ebit": "282000000", "ebitda": "449000000", "netIncome": "181500000"}, {"fiscalDateEnding": "2019-12-31", "reportedCurrency": "USD", "grossProfit": "617000000", "totalRevenue": "3043000000", "costOfRevenue": "2426000000", "costofGoodsAndServicesSold": "2426000000", "operatingIncome": "272000000", "sellingGeneralAndAdministrative": "308300000", "researchAndDevelopment": "23000000", "operatingExpenses": "345000000", "investmentIncomeNet": "None", "netInterestIncome": "-46000000", "interestIncome": "6300000", "interestExpense": "52300000", "nonInterestIncome": "None", "otherNonOperatingIncome": "None", "depreciation": "None", "depreciationAndAmortization": "148000000", "incomeBeforeTax": "233000000", "incomeTaxExpense": "45000000", "interestAndDebtExpense": "None", "netIncomeFromContinuingOperations": "187800000", "comprehensiveIncomeNetOfTax": "None", "ebit": "282000000", "ebitda": "430000000", "netIncome": "185600000"}, {"fiscalDateEnding": "2019-09-30", "reportedCurrency": "USD", "grossProfit": "547000000", "totalRevenue": "3141000000", "costOfRevenue": "2594000000", "costofGoodsAndServicesSold": "2594000000", "operatingIncome": "141000000", "sellingGeneralAndAdministrative": "371900000", "researchAndDevelopment": "26000000", "operatingExpenses": "406000000", "investmentIncomeNet": "None", "netInterestIncome": "-53000000", "interestIncome": "6700000", "interestExpense": "59700000", "nonInterestIncome": "None", "otherNonOperatingIncome": "None", "depreciation": "None", "depreciationAndAmortization": "184000000", "incomeBeforeTax": "98000000", "incomeTaxExpense": "22000000", "interestAndDebtExpense": "None", "netIncomeFromContinuingOperations": "75700000", "comprehensiveIncomeNetOfTax": "None", "ebit": "156000000", "ebitda": "340000000", "netIncome": "66000000"}, {"fiscalDateEnding": "2019-06-30", "reportedCurrency": "USD", "grossProfit": "534900000", "totalRevenue": "2602900000", "costOfRevenue": "2068000000", "costofGoodsAndServicesSold": "2068000000", "operatingIncome": "211600000", "sellingGeneralAndAdministrative": "374800000", "researchAndDevelopment": "16700000", "operatingExpenses": "323300000", "investmentIncomeNet": "None", "netInterestIncome": "-43400000", "interestIncome": "5200000", "interestExpense": "48600000", "nonInterestIncome": "None", "otherNonOperatingIncome": "None", "depreciation": "None", "depreciationAndAmortization": "183400000", "incomeBeforeTax": "172700000", "incomeTaxExpense": "90700000", "interestAndDebtExpense": "None", "netIncomeFromContinuingOperations": "82200000", "comprehensiveIncomeNetOfTax": "None", "ebit": "216100000", "ebitda": "399500000", "netIncome": "80600000"}, {"fiscalDateEnding": "2019-03-31", "reportedCurrency": "USD", "grossProfit": "419800000", "totalRevenue": "2309900000", "costOfRevenue": "1890100000", "costofGoodsAndServicesSold": "1890100000", "operatingIncome": "181300000", "sellingGeneralAndAdministrative": "34", "researchAndDevelopment": "15800000", "operatingExpenses": "238500000", "investmentIncomeNet": "None", "netInterestIncome": "-47600000", "interestIncome": "47600000", "interestExpense": "51100000", "nonInterestIncome": "None", "otherNonOperatingIncome": "None", "depreciation": "None", "depreciationAndAmortization": "82600000", "incomeBeforeTax": "134800000", "incomeTaxExpense": "28000000", "interestAndDebtExpense": "None", "netIncomeFromContinuingOperations": "112400000", "comprehensiveIncomeNetOfTax": "None", "ebit": "185900000", "ebitda": "268500000", "netIncome": "112600000"}, {"fiscalDateEnding": "2018-12-31", "reportedCurrency": "USD", "grossProfit": "453000000", "totalRevenue": "2285400000", "costOfRevenue": "1832400000", "costofGoodsAndServicesSold": "1832400000", "operatingIncome": "221500000", "sellingGeneralAndAdministrative": "205300000", "researchAndDevelopment": "17300000", "operatingExpenses": "231500000", "investmentIncomeNet": "None", "netInterestIncome": "None", "interestIncome": "None", "interestExpense": "52100000", "nonInterestIncome": "None", "otherNonOperatingIncome": "None", "depreciation": "None", "depreciationAndAmortization": "101000000", "incomeBeforeTax": "180300000", "incomeTaxExpense": "31100000", "interestAndDebtExpense": "None", "netIncomeFromContinuingOperations": "121050000", "comprehensiveIncomeNetOfTax": "None", "ebit": "131400000", "ebitda": "232400000", "netIncome": "138600000"}, {"fiscalDateEnding": "2018-09-30", "reportedCurrency": "USD", "grossProfit": "391600000", "totalRevenue": "2260200000", "costOfRevenue": "1868600000", "costofGoodsAndServicesSold": "1868600000", "operatingIncome": "191900000", "sellingGeneralAndAdministrative": "183000000", "researchAndDevelopment": "14200000", "operatingExpenses": "214900000", "investmentIncomeNet": "None", "netInterestIncome": "None", "interestIncome": "None", "interestExpense": "56250000", "nonInterestIncome": "None", "otherNonOperatingIncome": "None", "depreciation": "None", "depreciationAndAmortization": "86000000", "incomeBeforeTax": "123200000", "incomeTaxExpense": "21700000", "interestAndDebtExpense": "None", "netIncomeFromContinuingOperations": "121050000", "comprehensiveIncomeNetOfTax": "None", "ebit": "191900000", "ebitda": "277900000", "netIncome": "98200000"}, {"fiscalDateEnding": "2018-06-30", "reportedCurrency": "USD", "grossProfit": "480950000", "totalRevenue": "2408450000", "costOfRevenue": "1927500000", "costofGoodsAndServicesSold": "1927500000", "operatingIncome": "278800000", "sellingGeneralAndAdministrative": "141950000", "researchAndDevelopment": "18400000", "operatingExpenses": "221850000", "investmentIncomeNet": "None", "netInterestIncome": "None", "interestIncome": "None", "interestExpense": "50550000", "nonInterestIncome": "None", "otherNonOperatingIncome": "None", "depreciation": "None", "depreciationAndAmortization": "86550000", "incomeBeforeTax": "176700000", "incomeTaxExpense": "23550000", "interestAndDebtExpense": "None", "netIncomeFromContinuingOperations": "200750000", "comprehensiveIncomeNetOfTax": "None", "ebit": "278800000", "ebitda": "365350000", "netIncome": "149250000"}, {"fiscalDateEnding": "2018-03-31", "reportedCurrency": "USD", "grossProfit": "480950000", "totalRevenue": "2408450000", "costOfRevenue": "1927500000", "costofGoodsAndServicesSold": "1927500000", "operatingIncome": "278800000", "sellingGeneralAndAdministrative": "141950000", "researchAndDevelopment": "18400000", "operatingExpenses": "254300000", "investmentIncomeNet": "None", "netInterestIncome": "None", "interestIncome": "None", "interestExpense": "50550000", "nonInterestIncome": "None", "otherNonOperatingIncome": "None", "depreciation": "None", "depreciationAndAmortization": "86550000", "incomeBeforeTax": "176700000", "incomeTaxExpense": "23550000", "interestAndDebtExpense": "None", "netIncomeFromContinuingOperations": "200750000", "comprehensiveIncomeNetOfTax": "None", "ebit": "278800000", "ebitda": "365350000", "netIncome": "149250000"}, {"fiscalDateEnding": "2017-12-31", "reportedCurrency": "None", "grossProfit": "473600000", "totalRevenue": "2251100000", "costOfRevenue": "1777500000", "costofGoodsAndServicesSold": "1777500000", "operatingIncome": "283300000", "sellingGeneralAndAdministrative": "123200000", "researchAndDevelopment": "17400000", "operatingExpenses": "187800000", "investmentIncomeNet": "None", "netInterestIncome": "None", "interestIncome": "None", "interestExpense": "None", "nonInterestIncome": "None", "otherNonOperatingIncome": "None", "depreciation": "None", "depreciationAndAmortization": "82100000", "incomeBeforeTax": "188300000", "incomeTaxExpense": "40000000", "interestAndDebtExpense": "None", "netIncomeFromContinuingOperations": "None", "comprehensiveIncomeNetOfTax": "None", "ebit": "283300000", "ebitda": "365400000", "netIncome": "144600000"}, {"fiscalDateEnding": "2017-09-30", "reportedCurrency": "None", "grossProfit": "421300000", "totalRevenue": "2251100000", "costOfRevenue": "1829800000", "costofGoodsAndServicesSold": "1829800000", "operatingIncome": "202000000", "sellingGeneralAndAdministrative": "160700000", "researchAndDevelopment": "18500000", "operatingExpenses": "231400000", "investmentIncomeNet": "None", "netInterestIncome": "None", "interestIncome": "None", "interestExpense": "None", "nonInterestIncome": "None", "otherNonOperatingIncome": "None", "depreciation": "None", "depreciationAndAmortization": "97500000", "incomeBeforeTax": "163700000", "incomeTaxExpense": "31700000", "interestAndDebtExpense": "None", "netIncomeFromContinuingOperations": "None", "comprehensiveIncomeNetOfTax": "None", "ebit": "202000000", "ebitda": "299500000", "netIncome": "130800000"}, {"fiscalDateEnding": "2017-06-30", "reportedCurrency": "None", "grossProfit": "491050000", "totalRevenue": "2316850000", "costOfRevenue": "1825800000", "costofGoodsAndServicesSold": "1825800000", "operatingIncome": "288550000", "sellingGeneralAndAdministrative": "123600000", "researchAndDevelopment": "20800000", "operatingExpenses": "253400000", "investmentIncomeNet": "None", "netInterestIncome": "None", "interestIncome": "None", "interestExpense": "None", "nonInterestIncome": "None", "otherNonOperatingIncome": "None", "depreciation": "None", "depreciationAndAmortization": "87100000", "incomeBeforeTax": "195600000", "incomeTaxExpense": "35550000", "interestAndDebtExpense": "None", "netIncomeFromContinuingOperations": "None", "comprehensiveIncomeNetOfTax": "None", "ebit": "288550000", "ebitda": "375650000", "netIncome": "155200000"}, {"fiscalDateEnding": "2017-03-31", "reportedCurrency": "None", "grossProfit": "491050000", "totalRevenue": "2316850000", "costOfRevenue": "1825800000", "costofGoodsAndServicesSold": "1825800000", "operatingIncome": "288550000", "sellingGeneralAndAdministrative": "123600000", "researchAndDevelopment": "20800000", "operatingExpenses": "253400000", "investmentIncomeNet": "None", "netInterestIncome": "None", "interestIncome": "None", "interestExpense": "None", "nonInterestIncome": "None", "otherNonOperatingIncome": "None", "depreciation": "None", "depreciationAndAmortization": "87100000", "incomeBeforeTax": "195600000", "incomeTaxExpense": "35550000", "interestAndDebtExpense": "None", "netIncomeFromContinuingOperations": "None", "comprehensiveIncomeNetOfTax": "None", "ebit": "288550000", "ebitda": "375650000", "netIncome": "155200000"}, {"fiscalDateEnding": "2016-12-31", "reportedCurrency": "None", "grossProfit": "464850000", "totalRevenue": "2233650000", "costOfRevenue": "1768800000", "costofGoodsAndServicesSold": "1768800000", "operatingIncome": "231700000", "sellingGeneralAndAdministrative": "188350000", "researchAndDevelopment": "16650000", "operatingExpenses": "230700000", "investmentIncomeNet": "None", "netInterestIncome": "None", "interestIncome": "None", "interestExpense": "None", "nonInterestIncome": "None", "otherNonOperatingIncome": "None", "depreciation": "None", "depreciationAndAmortization": "88200000", "incomeBeforeTax": "187250000", "incomeTaxExpense": "40300000", "interestAndDebtExpense": "None", "netIncomeFromContinuingOperations": "None", "comprehensiveIncomeNetOfTax": "None", "ebit": "231700000", "ebitda": "319900000", "netIncome": "143300000"}, {"fiscalDateEnding": "2016-09-30", "reportedCurrency": "None", "grossProfit": "464850000", "totalRevenue": "2233650000", "costOfRevenue": "1768800000", "costofGoodsAndServicesSold": "1768800000", "operatingIncome": "231700000", "sellingGeneralAndAdministrative": "188350000", "researchAndDevelopment": "16650000", "operatingExpenses": "230700000", "investmentIncomeNet": "None", "netInterestIncome": "None", "interestIncome": "None", "interestExpense": "None", "nonInterestIncome": "None", "otherNonOperatingIncome": "None", "depreciation": "None", "depreciationAndAmortization": "88200000", "incomeBeforeTax": "187250000", "incomeTaxExpense": "40300000", "interestAndDebtExpense": "None", "netIncomeFromContinuingOperations": "None", "comprehensiveIncomeNetOfTax": "None", "ebit": "231700000", "ebitda": "319900000", "netIncome": "143300000"}, {"fiscalDateEnding": "2016-06-30", "reportedCurrency": "None", "grossProfit": "540150000", "totalRevenue": "2436800000", "costOfRevenue": "1896650000", "costofGoodsAndServicesSold": "1896650000", "operatingIncome": "286500000", "sellingGeneralAndAdministrative": "196900000", "researchAndDevelopment": "19900000", "operatingExpenses": "501300000", "investmentIncomeNet": "None", "netInterestIncome": "None", "interestIncome": "None", "interestExpense": "None", "nonInterestIncome": "None", "otherNonOperatingIncome": "None", "depreciation": "None", "depreciationAndAmortization": "81900000", "incomeBeforeTax": "-950000", "incomeTaxExpense": "23500000", "interestAndDebtExpense": "None", "netIncomeFromContinuingOperations": "None", "comprehensiveIncomeNetOfTax": "None", "ebit": "286500000", "ebitda": "368400000", "netIncome": "-30700000"}, {"fiscalDateEnding": "2016-03-31", "reportedCurrency": "None", "grossProfit": "540150000", "totalRevenue": "2436800000", "costOfRevenue": "1896650000", "costofGoodsAndServicesSold": "1896650000", "operatingIncome": "43350000", "sellingGeneralAndAdministrative": "196900000", "researchAndDevelopment": "19900000", "operatingExpenses": "501300000", "investmentIncomeNet": "None", "netInterestIncome": "None", "interestIncome": "None", "interestExpense": "None", "nonInterestIncome": "None", "otherNonOperatingIncome": "None", "depreciation": "None", "depreciationAndAmortization": "81900000", "incomeBeforeTax": "-950000", "incomeTaxExpense": "23500000", "interestAndDebtExpense": "None", "netIncomeFromContinuingOperations": "None", "comprehensiveIncomeNetOfTax": "None", "ebit": "286500000", "ebitda": "368400000", "netIncome": "-30700000"}, {"fiscalDateEnding": "2015-12-31", "reportedCurrency": "None", "grossProfit": "457250000", "totalRevenue": "2273850000", "costOfRevenue": "1816600000", "costofGoodsAndServicesSold": "1816600000", "operatingIncome": "238900000", "sellingGeneralAndAdministrative": "174850000", "researchAndDevelopment": "16750000", "operatingExpenses": "212750000", "investmentIncomeNet": "None", "netInterestIncome": "None", "interestIncome": "None", "interestExpense": "None", "nonInterestIncome": "None", "otherNonOperatingIncome": "None", "depreciation": "None", "depreciationAndAmortization": "90750000", "incomeBeforeTax": "205400000", "incomeTaxExpense": "44150000", "interestAndDebtExpense": "None", "netIncomeFromContinuingOperations": "None", "comprehensiveIncomeNetOfTax": "None", "ebit": "238900000", "ebitda": "329650000", "netIncome": "152750000"}, {"fiscalDateEnding": "2015-09-30", "reportedCurrency": "None", "grossProfit": "457250000", "totalRevenue": "2273850000", "costOfRevenue": "1816600000", "costofGoodsAndServicesSold": "1816600000", "operatingIncome": "238900000", "sellingGeneralAndAdministrative": "174850000", "researchAndDevelopment": "16750000", "operatingExpenses": "212750000", "investmentIncomeNet": "None", "netInterestIncome": "None", "interestIncome": "None", "interestExpense": "None", "nonInterestIncome": "None", "otherNonOperatingIncome": "None", "depreciation": "None", "depreciationAndAmortization": "90750000", "incomeBeforeTax": "205400000", "incomeTaxExpense": "44150000", "interestAndDebtExpense": "None", "netIncomeFromContinuingOperations": "None", "comprehensiveIncomeNetOfTax": "None", "ebit": "238900000", "ebitda": "329650000", "netIncome": "152750000"}, {"fiscalDateEnding": "2015-06-30", "reportedCurrency": "None", "grossProfit": "507350000", "totalRevenue": "2401400000", "costOfRevenue": "1894050000", "costofGoodsAndServicesSold": "1894050000", "operatingIncome": "255950000", "sellingGeneralAndAdministrative": "196400000", "researchAndDevelopment": "17150000", "operatingExpenses": "239250000", "investmentIncomeNet": "None", "netInterestIncome": "None", "interestIncome": "None", "interestExpense": "None", "nonInterestIncome": "None", "otherNonOperatingIncome": "None", "depreciation": "None", "depreciationAndAmortization": "79700000", "incomeBeforeTax": "234450000", "incomeTaxExpense": "48150000", "interestAndDebtExpense": "None", "netIncomeFromContinuingOperations": "None", "comprehensiveIncomeNetOfTax": "None", "ebit": "255950000", "ebitda": "335650000", "netIncome": "179500000"}, {"fiscalDateEnding": "2015-03-31", "reportedCurrency": "None", "grossProfit": "507350000", "totalRevenue": "2401400000", "costOfRevenue": "1894050000", "costofGoodsAndServicesSold": "1894050000", "operatingIncome": "255950000", "sellingGeneralAndAdministrative": "196400000", "researchAndDevelopment": "17150000", "operatingExpenses": "234200000", "investmentIncomeNet": "None", "netInterestIncome": "None", "interestIncome": "None", "interestExpense": "None", "nonInterestIncome": "None", "otherNonOperatingIncome": "None", "depreciation": "None", "depreciationAndAmortization": "79700000", "incomeBeforeTax": "234450000", "incomeTaxExpense": "48150000", "interestAndDebtExpense": "None", "netIncomeFromContinuingOperations": "None", "comprehensiveIncomeNetOfTax": "None", "ebit": "255950000", "ebitda": "335650000", "netIncome": "179500000"}, {"fiscalDateEnding": "2014-12-31", "reportedCurrency": "None", "grossProfit": "458750000", "totalRevenue": "2404500000", "costOfRevenue": "1945750000", "costofGoodsAndServicesSold": "1945750000", "operatingIncome": "252150000", "sellingGeneralAndAdministrative": "168150000", "researchAndDevelopment": "16300000", "operatingExpenses": "199350000", "investmentIncomeNet": "None", "netInterestIncome": "None", "interestIncome": "None", "interestExpense": "None", "nonInterestIncome": "None", "otherNonOperatingIncome": "None", "depreciation": "None", "depreciationAndAmortization": "92600000", "incomeBeforeTax": "213500000", "incomeTaxExpense": "45850000", "interestAndDebtExpense": "None", "netIncomeFromContinuingOperations": "None", "comprehensiveIncomeNetOfTax": "None", "ebit": "252150000", "ebitda": "344750000", "netIncome": "160650000"}, {"fiscalDateEnding": "2014-09-30", "reportedCurrency": "None", "grossProfit": "458750000", "totalRevenue": "2404500000", "costOfRevenue": "1945750000", "costofGoodsAndServicesSold": "1945750000", "operatingIncome": "252150000", "sellingGeneralAndAdministrative": "168150000", "researchAndDevelopment": "16300000", "operatingExpenses": "199350000", "investmentIncomeNet": "None", "netInterestIncome": "None", "interestIncome": "None", "interestExpense": "None", "nonInterestIncome": "None", "otherNonOperatingIncome": "None", "depreciation": "None", "depreciationAndAmortization": "92600000", "incomeBeforeTax": "213500000", "incomeTaxExpense": "45850000", "interestAndDebtExpense": "None", "netIncomeFromContinuingOperations": "None", "comprehensiveIncomeNetOfTax": "None", "ebit": "252150000", "ebitda": "344750000", "netIncome": "160650000"}, {"fiscalDateEnding": "2014-06-30", "reportedCurrency": "None", "grossProfit": "502900000", "totalRevenue": "2584050000", "costOfRevenue": "2081150000", "costofGoodsAndServicesSold": "2081150000", "operatingIncome": "261600000", "sellingGeneralAndAdministrative": "177200000", "researchAndDevelopment": "18250000", "operatingExpenses": "214200000", "investmentIncomeNet": "None", "netInterestIncome": "None", "interestIncome": "None", "interestExpense": "None", "nonInterestIncome": "None", "otherNonOperatingIncome": "None", "depreciation": "None", "depreciationAndAmortization": "93850000", "incomeBeforeTax": "247350000", "incomeTaxExpense": "50900000", "interestAndDebtExpense": "None", "netIncomeFromContinuingOperations": "None", "comprehensiveIncomeNetOfTax": "None", "ebit": "261600000", "ebitda": "355450000", "netIncome": "188350000"}, {"fiscalDateEnding": "2014-03-31", "reportedCurrency": "None", "grossProfit": "502900000", "totalRevenue": "2584050000", "costOfRevenue": "2081150000", "costofGoodsAndServicesSold": "2081150000", "operatingIncome": "261600000", "sellingGeneralAndAdministrative": "177200000", "researchAndDevelopment": "18250000", "operatingExpenses": "214200000", "investmentIncomeNet": "None", "netInterestIncome": "None", "interestIncome": "None", "interestExpense": "None", "nonInterestIncome": "None", "otherNonOperatingIncome": "None", "depreciation": "None", "depreciationAndAmortization": "93850000", "incomeBeforeTax": "247350000", "incomeTaxExpense": "50900000", "interestAndDebtExpense": "None", "netIncomeFromContinuingOperations": "None", "comprehensiveIncomeNetOfTax": "None", "ebit": "261600000", "ebitda": "355450000", "netIncome": "188350000"}, {"fiscalDateEnding": "2013-12-31", "reportedCurrency": "None", "grossProfit": "438050000", "totalRevenue": "2398200000", "costOfRevenue": "1960150000", "costofGoodsAndServicesSold": "1960150000", "operatingIncome": "241650000", "sellingGeneralAndAdministrative": "144150000", "researchAndDevelopment": "17050000", "operatingExpenses": "192200000", "investmentIncomeNet": "None", "netInterestIncome": "None", "interestIncome": "None", "interestExpense": "None", "nonInterestIncome": "None", "otherNonOperatingIncome": "None", "depreciation": "None", "depreciationAndAmortization": "93250000", "incomeBeforeTax": "197100000", "incomeTaxExpense": "40200000", "interestAndDebtExpense": "None", "netIncomeFromContinuingOperations": "None", "comprehensiveIncomeNetOfTax": "None", "ebit": "241650000", "ebitda": "334900000", "netIncome": "150550000"}, {"fiscalDateEnding": "2013-09-30", "reportedCurrency": "None", "grossProfit": "438050000", "totalRevenue": "2398200000", "costOfRevenue": "1960150000", "costofGoodsAndServicesSold": "1960150000", "operatingIncome": "241650000", "sellingGeneralAndAdministrative": "144150000", "researchAndDevelopment": "17050000", "operatingExpenses": "192200000", "investmentIncomeNet": "None", "netInterestIncome": "None", "interestIncome": "None", "interestExpense": "None", "nonInterestIncome": "None", "otherNonOperatingIncome": "None", "depreciation": "None", "depreciationAndAmortization": "93250000", "incomeBeforeTax": "197100000", "incomeTaxExpense": "40200000", "interestAndDebtExpense": "None", "netIncomeFromContinuingOperations": "None", "comprehensiveIncomeNetOfTax": "None", "ebit": "241650000", "ebitda": "334900000", "netIncome": "150550000"}, {"fiscalDateEnding": "2013-06-30", "reportedCurrency": "None", "grossProfit": "426145000", "totalRevenue": "2262095000", "costOfRevenue": "1835950000", "costofGoodsAndServicesSold": "1835950000", "operatingIncome": "225157000", "sellingGeneralAndAdministrative": "157871000", "researchAndDevelopment": "15151000", "operatingExpenses": "197739000", "investmentIncomeNet": "None", "netInterestIncome": "None", "interestIncome": "None", "interestExpense": "None", "nonInterestIncome": "None", "otherNonOperatingIncome": "None", "depreciation": "None", "depreciationAndAmortization": "82528000", "incomeBeforeTax": "196823000", "incomeTaxExpense": "43072000", "interestAndDebtExpense": "None", "netIncomeFromContinuingOperations": "None", "comprehensiveIncomeNetOfTax": "None", "ebit": "225157000", "ebitda": "None", "netIncome": "146382000"}, {"fiscalDateEnding": "2013-03-31", "reportedCurrency": "None", "grossProfit": "484517000", "totalRevenue": "2571949000", "costOfRevenue": "2087432000", "costofGoodsAndServicesSold": "2087432000", "operatingIncome": "255998000", "sellingGeneralAndAdministrative": "179495000", "researchAndDevelopment": "17226000", "operatingExpenses": "224824000", "investmentIncomeNet": "None", "netInterestIncome": "None", "interestIncome": "None", "interestExpense": "None", "nonInterestIncome": "None", "otherNonOperatingIncome": "None", "depreciation": "None", "depreciationAndAmortization": "93833000", "incomeBeforeTax": "223784000", "incomeTaxExpense": "48972000", "interestAndDebtExpense": "None", "netIncomeFromContinuingOperations": "None", "comprehensiveIncomeNetOfTax": "None", "ebit": "255998000", "ebitda": "349831000", "netIncome": "166432000"}, {"fiscalDateEnding": "2012-12-31", "reportedCurrency": "None", "grossProfit": "424129000", "totalRevenue": "2358823000", "costOfRevenue": "1934693000", "costofGoodsAndServicesSold": "1934693000", "operatingIncome": "225043000", "sellingGeneralAndAdministrative": "145876000", "researchAndDevelopment": "17131000", "operatingExpenses": "192649000", "investmentIncomeNet": "None", "netInterestIncome": "None", "interestIncome": "None", "interestExpense": "None", "nonInterestIncome": "None", "otherNonOperatingIncome": "None", "depreciation": "None", "depreciationAndAmortization": "92665000", "incomeBeforeTax": "186887000", "incomeTaxExpense": "40959000", "interestAndDebtExpense": "None", "netIncomeFromContinuingOperations": "None", "comprehensiveIncomeNetOfTax": "None", "ebit": "225043000", "ebitda": "317708000", "netIncome": "139854000"}, {"fiscalDateEnding": "2012-09-30", "reportedCurrency": "None", "grossProfit": "423865000", "totalRevenue": "2357354000", "costOfRevenue": "1933489000", "costofGoodsAndServicesSold": "1933489000", "operatingIncome": "224903000", "sellingGeneralAndAdministrative": "145785000", "researchAndDevelopment": "17121000", "operatingExpenses": "192529000", "investmentIncomeNet": "None", "netInterestIncome": "None", "interestIncome": "None", "interestExpense": "44565000", "nonInterestIncome": "None", "otherNonOperatingIncome": "None", "depreciation": "None", "depreciationAndAmortization": "92607000", "incomeBeforeTax": "186770000", "incomeTaxExpense": "40934000", "interestAndDebtExpense": "None", "netIncomeFromContinuingOperations": "None", "comprehensiveIncomeNetOfTax": "None", "ebit": "224903000", "ebitda": "317510000", "netIncome": "139767000"}]}