{"symbol": "APO", "annualReports": [{"fiscalDateEnding": "2025-12-31", "reportedCurrency": "None", "grossProfit": "32102000000", "totalRevenue": "32102000000", "costOfRevenue": "None", "costofGoodsAndServicesSold": "None", "operatingIncome": "7069000000", "sellingGeneralAndAdministrative": "None", "researchAndDevelopment": "None", "operatingExpenses": "None", "investmentIncomeNet": "None", "netInterestIncome": "None", "interestIncome": "None", "interestExpense": "None", "nonInterestIncome": "None", "otherNonOperatingIncome": "None", "depreciation": "None", "depreciationAndAmortization": "None", "incomeBeforeTax": "6677000000", "incomeTaxExpense": "1276000000", "interestAndDebtExpense": "None", "netIncomeFromContinuingOperations": "None", "comprehensiveIncomeNetOfTax": "None", "ebit": "None", "ebitda": "7069000000", "netIncome": "3492000000"}, {"fiscalDateEnding": "2024-12-31", "reportedCurrency": "USD", "grossProfit": "24974000000", "totalRevenue": "26114000000", "costOfRevenue": "1140000000", "costofGoodsAndServicesSold": "1140000000", "operatingIncome": "8299000000", "sellingGeneralAndAdministrative": "2638000000", "researchAndDevelopment": "None", "operatingExpenses": "16675000000", "investmentIncomeNet": "None", "netInterestIncome": "-175000000", "interestIncome": "172000000", "interestExpense": "226000000", "nonInterestIncome": "None", "otherNonOperatingIncome": "None", "depreciation": "None", "depreciationAndAmortization": "1075000000", "incomeBeforeTax": "7435000000", "incomeTaxExpense": "1062000000", "interestAndDebtExpense": "None", "netIncomeFromContinuingOperations": "6373000000", "comprehensiveIncomeNetOfTax": "None", "ebit": "7774000000", "ebitda": "8849000000", "netIncome": "4426000000"}, {"fiscalDateEnding": "2023-12-31", "reportedCurrency": "USD", "grossProfit": "29474000000", "totalRevenue": "32644000000", "costOfRevenue": "3739000000", "costofGoodsAndServicesSold": "3739000000", "operatingIncome": "5882000000", "sellingGeneralAndAdministrative": "2567000000", "researchAndDevelopment": "0.17", "operatingExpenses": "27331000000", "investmentIncomeNet": "None", "netInterestIncome": "-51000000", "interestIncome": "178000000", "interestExpense": "145000000", "nonInterestIncome": "None", "otherNonOperatingIncome": "None", "depreciation": "None", "depreciationAndAmortization": "804000000", "incomeBeforeTax": "5586000000", "incomeTaxExpense": "-923000000", "interestAndDebtExpense": "None", "netIncomeFromContinuingOperations": "2696000000", "comprehensiveIncomeNetOfTax": "None", "ebit": "5882000000", "ebitda": "6686000000", "netIncome": "5047000000"}, {"fiscalDateEnding": "2022-12-31", "reportedCurrency": "USD", "grossProfit": "1608167000", "totalRevenue": "10968000000", "costOfRevenue": "1943189000", "costofGoodsAndServicesSold": "1943189000", "operatingIncome": "115896000", "sellingGeneralAndAdministrative": "648059000", "researchAndDevelopment": "0.36", "operatingExpenses": "648059000", "investmentIncomeNet": "None", "netInterestIncome": "-80755000", "interestIncome": "659000000", "interestExpense": "130509000", "nonInterestIncome": "None", "otherNonOperatingIncome": "1374641000", "depreciation": "None", "depreciationAndAmortization": "594000000", "incomeBeforeTax": "2204240000", "incomeTaxExpense": "209920000", "interestAndDebtExpense": "None", "netIncomeFromContinuingOperations": "1994320000", "comprehensiveIncomeNetOfTax": "None", "ebit": "115896000", "ebitda": "994896000", "netIncome": "1994320000"}, {"fiscalDateEnding": "2021-12-31", "reportedCurrency": "USD", "grossProfit": "5173000000", "totalRevenue": "5951000000", "costOfRevenue": "778000000", "costofGoodsAndServicesSold": "778000000", "operatingIncome": "1976000000", "sellingGeneralAndAdministrative": "3197000000", "researchAndDevelopment": "1.36", "operatingExpenses": "3197000000", "investmentIncomeNet": "None", "netInterestIncome": "-134835000", "interestIncome": "3172447000", "interestExpense": "907000000", "nonInterestIncome": "None", "otherNonOperatingIncome": "3024906000", "depreciation": "None", "depreciationAndAmortization": "27000000", "incomeBeforeTax": "4861000000", "incomeTaxExpense": "594000000", "interestAndDebtExpense": "None", "netIncomeFromContinuingOperations": "4267895000", "comprehensiveIncomeNetOfTax": "None", "ebit": "5768000000", "ebitda": "5795000000", "netIncome": "1839000000"}, {"fiscalDateEnding": "2020-12-31", "reportedCurrency": "USD", "grossProfit": "1726000000", "totalRevenue": "2354000000", "costOfRevenue": "628000000", "costofGoodsAndServicesSold": "628000000", "operatingIncome": "908000000", "sellingGeneralAndAdministrative": "818000000", "researchAndDevelopment": "0.23", "operatingExpenses": "818000000", "investmentIncomeNet": "None", "netInterestIncome": "74462000", "interestIncome": "243119000", "interestExpense": "381000000", "nonInterestIncome": "None", "otherNonOperatingIncome": "-222287000", "depreciation": "None", "depreciationAndAmortization": "19000000", "incomeBeforeTax": "553000000", "incomeTaxExpense": "86000000", "interestAndDebtExpense": "None", "netIncomeFromContinuingOperations": "466802000", "comprehensiveIncomeNetOfTax": "None", "ebit": "934000000", "ebitda": "953000000", "netIncome": "157000000"}, {"fiscalDateEnding": "2019-12-31", "reportedCurrency": "USD", "grossProfit": "2417336000", "totalRevenue": "2931849000", "costOfRevenue": "514513000", "costofGoodsAndServicesSold": "514513000", "operatingIncome": "1340420000", "sellingGeneralAndAdministrative": "1076916000", "researchAndDevelopment": "0.50", "operatingExpenses": "1076916000", "investmentIncomeNet": "None", "netInterestIncome": "-62847000", "interestIncome": "213587000", "interestExpense": "126780000", "nonInterestIncome": "None", "otherNonOperatingIncome": "None", "depreciation": "None", "depreciationAndAmortization": "15758000", "incomeBeforeTax": "1407849000", "incomeTaxExpense": "-128994000", "interestAndDebtExpense": "None", "netIncomeFromContinuingOperations": "1536843000", "comprehensiveIncomeNetOfTax": "None", "ebit": "1534629000", "ebitda": "1550387000", "netIncome": "807962000"}, {"fiscalDateEnding": "2018-12-31", "reportedCurrency": "USD", "grossProfit": "633461000", "totalRevenue": "1093065000", "costOfRevenue": "459604000", "costofGoodsAndServicesSold": "459604000", "operatingIncome": "251622000", "sellingGeneralAndAdministrative": "381839000", "researchAndDevelopment": "0", "operatingExpenses": "381839000", "investmentIncomeNet": "None", "netInterestIncome": "-38720000", "interestIncome": "20654000", "interestExpense": "90671000", "nonInterestIncome": "None", "otherNonOperatingIncome": "-84854000", "depreciation": "None", "depreciationAndAmortization": "15233000", "incomeBeforeTax": "105272000", "incomeTaxExpense": "86021000", "interestAndDebtExpense": "None", "netIncomeFromContinuingOperations": "19251000", "comprehensiveIncomeNetOfTax": "None", "ebit": "195943000", "ebitda": "211176000", "netIncome": "-28495000"}, {"fiscalDateEnding": "2017-12-31", "reportedCurrency": "USD", "grossProfit": "1736398000", "totalRevenue": "2771803000", "costOfRevenue": "1035405000", "costofGoodsAndServicesSold": "1035405000", "operatingIncome": "1478540000", "sellingGeneralAndAdministrative": "257858000", "researchAndDevelopment": "0", "operatingExpenses": "257858000", "investmentIncomeNet": "None", "netInterestIncome": "-46452000", "interestIncome": "6421000", "interestExpense": "52873000", "nonInterestIncome": "None", "otherNonOperatingIncome": "519460000", "depreciation": "None", "depreciationAndAmortization": "18379000", "incomeBeforeTax": "1769584000", "incomeTaxExpense": "325945000", "interestAndDebtExpense": "None", "netIncomeFromContinuingOperations": "1443639000", "comprehensiveIncomeNetOfTax": "None", "ebit": "1822457000", "ebitda": "1840836000", "netIncome": "608454000"}, {"fiscalDateEnding": "2016-12-31", "reportedCurrency": "USD", "grossProfit": "1224375000", "totalRevenue": "2073562000", "costOfRevenue": "849187000", "costofGoodsAndServicesSold": "849187000", "operatingIncome": "977375000", "sellingGeneralAndAdministrative": "247000000", "researchAndDevelopment": "0", "operatingExpenses": "247000000", "investmentIncomeNet": "None", "netInterestIncome": "-39410000", "interestIncome": "4072000", "interestExpense": "43482000", "nonInterestIncome": "None", "otherNonOperatingIncome": "256548000", "depreciation": "None", "depreciationAndAmortization": "18735000", "incomeBeforeTax": "1061014000", "incomeTaxExpense": "90707000", "interestAndDebtExpense": "None", "netIncomeFromContinuingOperations": "970307000", "comprehensiveIncomeNetOfTax": "None", "ebit": "1104496000", "ebitda": "1123231000", "netIncome": "388024000"}, {"fiscalDateEnding": "2015-12-31", "reportedCurrency": "USD", "grossProfit": "504241000", "totalRevenue": "1041670000", "costOfRevenue": "537429000", "costofGoodsAndServicesSold": "537429000", "operatingIncome": "249180000", "sellingGeneralAndAdministrative": "255061000", "researchAndDevelopment": "0", "operatingExpenses": "255061000", "investmentIncomeNet": "None", "netInterestIncome": "None", "interestIncome": "160579000", "interestExpense": "30071000", "nonInterestIncome": "None", "otherNonOperatingIncome": "166533000", "depreciation": "None", "depreciationAndAmortization": "44474000", "incomeBeforeTax": "377228000", "incomeTaxExpense": "26733000", "interestAndDebtExpense": "None", "netIncomeFromContinuingOperations": "350495000", "comprehensiveIncomeNetOfTax": "None", "ebit": "407299000", "ebitda": "451773000", "netIncome": "106000000"}, {"fiscalDateEnding": "2014-12-31", "reportedCurrency": "USD", "grossProfit": "819524000", "totalRevenue": "1560083000", "costOfRevenue": "740559000", "costofGoodsAndServicesSold": "740559000", "operatingIncome": "554335000", "sellingGeneralAndAdministrative": "265189000", "researchAndDevelopment": "0", "operatingExpenses": "265189000", "investmentIncomeNet": "None", "netInterestIncome": "None", "interestIncome": "None", "interestExpense": "22393000", "nonInterestIncome": "None", "otherNonOperatingIncome": "360647000", "depreciation": "None", "depreciationAndAmortization": "45069000", "incomeBeforeTax": "877167000", "incomeTaxExpense": "147245000", "interestAndDebtExpense": "None", "netIncomeFromContinuingOperations": "729922000", "comprehensiveIncomeNetOfTax": "None", "ebit": "899560000", "ebitda": "944629000", "netIncome": "168229000"}, {"fiscalDateEnding": "2013-12-31", "reportedCurrency": "USD", "grossProfit": "2139336000", "totalRevenue": "3733571000", "costOfRevenue": "1594235000", "costofGoodsAndServicesSold": "1594235000", "operatingIncome": "1863540000", "sellingGeneralAndAdministrative": "221555000", "researchAndDevelopment": "0", "operatingExpenses": "275796000", "investmentIncomeNet": "None", "netInterestIncome": "None", "interestIncome": "None", "interestExpense": "29260000", "nonInterestIncome": "None", "otherNonOperatingIncome": "689707000", "depreciation": "None", "depreciationAndAmortization": "54241000", "incomeBeforeTax": "2481563000", "incomeTaxExpense": "107569000", "interestAndDebtExpense": "None", "netIncomeFromContinuingOperations": "2373994000", "comprehensiveIncomeNetOfTax": "None", "ebit": "2510823000", "ebitda": "2565064000", "netIncome": "659391000"}, {"fiscalDateEnding": "2012-12-31", "reportedCurrency": "USD", "grossProfit": "1114604000", "totalRevenue": "2859965000", "costOfRevenue": "1745361000", "costofGoodsAndServicesSold": "1745361000", "operatingIncome": "812120000", "sellingGeneralAndAdministrative": "189861000", "researchAndDevelopment": "0", "operatingExpenses": "302484000", "investmentIncomeNet": "None", "netInterestIncome": "None", "interestIncome": "None", "interestExpense": "37116000", "nonInterestIncome": "None", "otherNonOperatingIncome": "2301085000", "depreciation": "None", "depreciationAndAmortization": "53236000", "incomeBeforeTax": "3113205000", "incomeTaxExpense": "65410000", "interestAndDebtExpense": "None", "netIncomeFromContinuingOperations": "3047795000", "comprehensiveIncomeNetOfTax": "None", "ebit": "3150321000", "ebitda": "3203557000", "netIncome": "310957000"}, {"fiscalDateEnding": "2011-12-31", "reportedCurrency": "USD", "grossProfit": "-1169146000", "totalRevenue": "171632000", "costOfRevenue": "1340778000", "costofGoodsAndServicesSold": "1340778000", "operatingIncome": "-1366057000", "sellingGeneralAndAdministrative": "170651000", "researchAndDevelopment": "0", "operatingExpenses": "196911000", "investmentIncomeNet": "None", "netInterestIncome": "None", "interestIncome": "None", "interestExpense": "40850000", "nonInterestIncome": "None", "otherNonOperatingIncome": "None", "depreciation": "None", "depreciationAndAmortization": "26260000", "incomeBeforeTax": "-1292270000", "incomeTaxExpense": "11929000", "interestAndDebtExpense": "None", "netIncomeFromContinuingOperations": "None", "comprehensiveIncomeNetOfTax": "None", "ebit": "-1251420000", "ebitda": "-1225160000", "netIncome": "-468826000"}, {"fiscalDateEnding": "2010-12-31", "reportedCurrency": "USD", "grossProfit": "166548000", "totalRevenue": "2109898000", "costOfRevenue": "1943350000", "costofGoodsAndServicesSold": "1943350000", "operatingIncome": "-47488000", "sellingGeneralAndAdministrative": "127026000", "researchAndDevelopment": "None", "operatingExpenses": "214036000", "investmentIncomeNet": "None", "netInterestIncome": "None", "interestIncome": "None", "interestExpense": "35436000", "nonInterestIncome": "None", "otherNonOperatingIncome": "None", "depreciation": "None", "depreciationAndAmortization": "24249000", "incomeBeforeTax": "634961000", "incomeTaxExpense": "91737000", "interestAndDebtExpense": "None", "netIncomeFromContinuingOperations": "None", "comprehensiveIncomeNetOfTax": "None", "ebit": "670397000", "ebitda": "694646000", "netIncome": "94617000"}, {"fiscalDateEnding": "2009-12-31", "reportedCurrency": "USD", "grossProfit": "-528282000", "totalRevenue": "966728000", "costOfRevenue": "1495010000", "costofGoodsAndServicesSold": "1495010000", "operatingIncome": "-689525000", "sellingGeneralAndAdministrative": "94955000", "researchAndDevelopment": "None", "operatingExpenses": "161243000", "investmentIncomeNet": "None", "netInterestIncome": "None", "interestIncome": "None", "interestExpense": "50252000", "nonInterestIncome": "None", "otherNonOperatingIncome": "None", "depreciation": "None", "depreciationAndAmortization": "24299000", "incomeBeforeTax": "-66676000", "incomeTaxExpense": "28714000", "interestAndDebtExpense": "None", "netIncomeFromContinuingOperations": "None", "comprehensiveIncomeNetOfTax": "None", "ebit": "-16424000", "ebitda": "7875000", "netIncome": "-155176000"}, {"fiscalDateEnding": "2008-12-31", "reportedCurrency": "USD", "grossProfit": "-1110305000", "totalRevenue": "-266705000", "costOfRevenue": "843600000", "costofGoodsAndServicesSold": "843600000", "operatingIncome": "-1552852000", "sellingGeneralAndAdministrative": "None", "researchAndDevelopment": "None", "operatingExpenses": "442547000", "investmentIncomeNet": "None", "netInterestIncome": "None", "interestIncome": "None", "interestExpense": "62622000", "nonInterestIncome": "None", "otherNonOperatingIncome": "None", "depreciation": "None", "depreciationAndAmortization": "22099000", "incomeBeforeTax": "-2927168000", "incomeTaxExpense": "-36995000", "interestAndDebtExpense": "None", "netIncomeFromContinuingOperations": "None", "comprehensiveIncomeNetOfTax": "None", "ebit": "-2864546000", "ebitda": "-2842447000", "netIncome": "-912258000"}, {"fiscalDateEnding": "2007-12-31", "reportedCurrency": "USD", "grossProfit": "-812480000", "totalRevenue": "637850000", "costOfRevenue": "1450330000", "costofGoodsAndServicesSold": "1450330000", "operatingIncome": "-978909000", "sellingGeneralAndAdministrative": "118442000", "researchAndDevelopment": "None", "operatingExpenses": "166429000", "investmentIncomeNet": "None", "netInterestIncome": "None", "interestIncome": "None", "interestExpense": "345968000", "nonInterestIncome": "None", "otherNonOperatingIncome": "None", "depreciation": "None", "depreciationAndAmortization": "7869000", "incomeBeforeTax": "1247181000", "incomeTaxExpense": "6726000", "interestAndDebtExpense": "None", "netIncomeFromContinuingOperations": "None", "comprehensiveIncomeNetOfTax": "None", "ebit": "1593149000", "ebitda": "1601018000", "netIncome": "-569651000"}, {"fiscalDateEnding": "2006-12-31", "reportedCurrency": "USD", "grossProfit": "79708000", "totalRevenue": "346480000", "costOfRevenue": "266772000", "costofGoodsAndServicesSold": "266772000", "operatingIncome": "-1746000", "sellingGeneralAndAdministrative": "78166000", "researchAndDevelopment": "None", "operatingExpenses": "81454000", "investmentIncomeNet": "None", "netInterestIncome": "None", "interestIncome": "None", "interestExpense": "8839000", "nonInterestIncome": "None", "otherNonOperatingIncome": "None", "depreciation": "None", "depreciationAndAmortization": "3288000", "incomeBeforeTax": "1793477000", "incomeTaxExpense": "6476000", "interestAndDebtExpense": "None", "netIncomeFromContinuingOperations": "None", "comprehensiveIncomeNetOfTax": "None", "ebit": "1802316000", "ebitda": "1805604000", "netIncome": "372979000"}], "quarterlyReports": [{"fiscalDateEnding": "2025-12-31", "reportedCurrency": "None", "grossProfit": "9875000000", "totalRevenue": "9875000000", "costOfRevenue": "None", "costofGoodsAndServicesSold": "None", "operatingIncome": "916000000", "sellingGeneralAndAdministrative": "None", "researchAndDevelopment": "None", "operatingExpenses": "None", "investmentIncomeNet": "None", "netInterestIncome": "None", "interestIncome": "None", "interestExpense": "None", "nonInterestIncome": "None", "otherNonOperatingIncome": "None", "depreciation": "None", "depreciationAndAmortization": "None", "incomeBeforeTax": "1752000000", "incomeTaxExpense": "592000000", "interestAndDebtExpense": "None", "netIncomeFromContinuingOperations": "None", "comprehensiveIncomeNetOfTax": "None", "ebit": "None", "ebitda": "1788000000", "netIncome": "684000000"}, {"fiscalDateEnding": "2025-09-30", "reportedCurrency": "USD", "grossProfit": "9447000000", "totalRevenue": "9823000000", "costOfRevenue": "376000000", "costofGoodsAndServicesSold": "376000000", "operatingIncome": "3172000000", "sellingGeneralAndAdministrative": "794000000", "researchAndDevelopment": "None", "operatingExpenses": "6275000000", "investmentIncomeNet": "None", "netInterestIncome": "-59000000", "interestIncome": "35000000", "interestExpense": "94000000", "nonInterestIncome": "None", "otherNonOperatingIncome": "None", "depreciation": "None", "depreciationAndAmortization": "400000000", "incomeBeforeTax": "2899000000", "incomeTaxExpense": "438000000", "interestAndDebtExpense": "None", "netIncomeFromContinuingOperations": "2461000000", "comprehensiveIncomeNetOfTax": "None", "ebit": "2993000000", "ebitda": "3393000000", "netIncome": "1736000000"}, {"fiscalDateEnding": "2025-06-30", "reportedCurrency": "USD", "grossProfit": "6484000000", "totalRevenue": "6814000000", "costOfRevenue": "330000000", "costofGoodsAndServicesSold": "330000000", "operatingIncome": "1448000000", "sellingGeneralAndAdministrative": "642000000", "researchAndDevelopment": "None", "operatingExpenses": "5036000000", "investmentIncomeNet": "None", "netInterestIncome": "-74000000", "interestIncome": "5000000", "interestExpense": "79000000", "nonInterestIncome": "None", "otherNonOperatingIncome": "None", "depreciation": "None", "depreciationAndAmortization": "332000000", "incomeBeforeTax": "845000000", "incomeTaxExpense": "3000000", "interestAndDebtExpense": "None", "netIncomeFromContinuingOperations": "842000000", "comprehensiveIncomeNetOfTax": "None", "ebit": "924000000", "ebitda": "1256000000", "netIncome": "630000000"}, {"fiscalDateEnding": "2025-03-31", "reportedCurrency": "USD", "grossProfit": "5222000000", "totalRevenue": "5548000000", "costOfRevenue": "326000000", "costofGoodsAndServicesSold": "326000000", "operatingIncome": "1533000000", "sellingGeneralAndAdministrative": "727000000", "researchAndDevelopment": "None", "operatingExpenses": "3689000000", "investmentIncomeNet": "None", "netInterestIncome": "-47000000", "interestIncome": "34000000", "interestExpense": "81000000", "nonInterestIncome": "None", "otherNonOperatingIncome": "None", "depreciation": "None", "depreciationAndAmortization": "308000000", "incomeBeforeTax": "1181000000", "incomeTaxExpense": "243000000", "interestAndDebtExpense": "None", "netIncomeFromContinuingOperations": "938000000", "comprehensiveIncomeNetOfTax": "None", "ebit": "1262000000", "ebitda": "1570000000", "netIncome": "425000000"}, {"fiscalDateEnding": "2024-12-31", "reportedCurrency": "USD", "grossProfit": "4994000000", "totalRevenue": "5283000000", "costOfRevenue": "289000000", "costofGoodsAndServicesSold": "289000000", "operatingIncome": "1922000000", "sellingGeneralAndAdministrative": "728000000", "researchAndDevelopment": "None", "operatingExpenses": "3072000000", "investmentIncomeNet": "None", "netInterestIncome": "-68000000", "interestIncome": "32000000", "interestExpense": "92000000", "nonInterestIncome": "None", "otherNonOperatingIncome": "None", "depreciation": "None", "depreciationAndAmortization": "296000000", "incomeBeforeTax": "1724000000", "incomeTaxExpense": "62000000", "interestAndDebtExpense": "None", "netIncomeFromContinuingOperations": "1662000000", "comprehensiveIncomeNetOfTax": "None", "ebit": "1816000000", "ebitda": "2112000000", "netIncome": "1439000000"}, {"fiscalDateEnding": "2024-09-30", "reportedCurrency": "USD", "grossProfit": "7482000000", "totalRevenue": "7773000000", "costOfRevenue": "291000000", "costofGoodsAndServicesSold": "291000000", "operatingIncome": "2256000000", "sellingGeneralAndAdministrative": "640000000", "researchAndDevelopment": "None", "operatingExpenses": "5226000000", "investmentIncomeNet": "None", "netInterestIncome": "-36000000", "interestIncome": "46000000", "interestExpense": "82000000", "nonInterestIncome": "None", "otherNonOperatingIncome": "None", "depreciation": "None", "depreciationAndAmortization": "281000000", "incomeBeforeTax": "2086000000", "incomeTaxExpense": "317000000", "interestAndDebtExpense": "None", "netIncomeFromContinuingOperations": "1769000000", "comprehensiveIncomeNetOfTax": "None", "ebit": "2168000000", "ebitda": "2449000000", "netIncome": "782000000"}, {"fiscalDateEnding": "2024-06-30", "reportedCurrency": "USD", "grossProfit": "5727000000", "totalRevenue": "6018000000", "costOfRevenue": "291000000", "costofGoodsAndServicesSold": "291000000", "operatingIncome": "1714000000", "sellingGeneralAndAdministrative": "632000000", "researchAndDevelopment": "None", "operatingExpenses": "4013000000", "investmentIncomeNet": "None", "netInterestIncome": "-27000000", "interestIncome": "62000000", "interestExpense": "89000000", "nonInterestIncome": "None", "otherNonOperatingIncome": "None", "depreciation": "None", "depreciationAndAmortization": "260000000", "incomeBeforeTax": "1438000000", "incomeTaxExpense": "261000000", "interestAndDebtExpense": "None", "netIncomeFromContinuingOperations": "1177000000", "comprehensiveIncomeNetOfTax": "None", "ebit": "1527000000", "ebitda": "1787000000", "netIncome": "822000000"}, {"fiscalDateEnding": "2024-03-31", "reportedCurrency": "USD", "grossProfit": "6771000000", "totalRevenue": "7040000000", "costOfRevenue": "269000000", "costofGoodsAndServicesSold": "269000000", "operatingIncome": "2407000000", "sellingGeneralAndAdministrative": "638000000", "researchAndDevelopment": "None", "operatingExpenses": "4364000000", "investmentIncomeNet": "None", "netInterestIncome": "-44000000", "interestIncome": "32000000", "interestExpense": "76000000", "nonInterestIncome": "None", "otherNonOperatingIncome": "None", "depreciation": "None", "depreciationAndAmortization": "238000000", "incomeBeforeTax": "2187000000", "incomeTaxExpense": "422000000", "interestAndDebtExpense": "None", "netIncomeFromContinuingOperations": "1765000000", "comprehensiveIncomeNetOfTax": "None", "ebit": "2263000000", "ebitda": "2501000000", "netIncome": "1384000000"}, {"fiscalDateEnding": "2023-12-31", "reportedCurrency": "USD", "grossProfit": "10785000000", "totalRevenue": "11046000000", "costOfRevenue": "261000000", "costofGoodsAndServicesSold": "261000000", "operatingIncome": "2104000000", "sellingGeneralAndAdministrative": "947000000", "researchAndDevelopment": "None", "operatingExpenses": "8681000000", "investmentIncomeNet": "None", "netInterestIncome": "-37000000", "interestIncome": "43000000", "interestExpense": "80000000", "nonInterestIncome": "None", "otherNonOperatingIncome": "None", "depreciation": "None", "depreciationAndAmortization": "217000000", "incomeBeforeTax": "1961000000", "incomeTaxExpense": "-1620000000", "interestAndDebtExpense": "None", "netIncomeFromContinuingOperations": "3581000000", "comprehensiveIncomeNetOfTax": "None", "ebit": "2041000000", "ebitda": "2258000000", "netIncome": "2756000000"}, {"fiscalDateEnding": "2023-09-30", "reportedCurrency": "USD", "grossProfit": "2341000000", "totalRevenue": "2595000000", "costOfRevenue": "254000000", "costofGoodsAndServicesSold": "254000000", "operatingIncome": "1091000000", "sellingGeneralAndAdministrative": "523000000", "researchAndDevelopment": "None", "operatingExpenses": "1250000000", "investmentIncomeNet": "None", "netInterestIncome": "-5000000", "interestIncome": "59000000", "interestExpense": "64000000", "nonInterestIncome": "None", "otherNonOperatingIncome": "None", "depreciation": "None", "depreciationAndAmortization": "241000000", "incomeBeforeTax": "883000000", "incomeTaxExpense": "243000000", "interestAndDebtExpense": "None", "netIncomeFromContinuingOperations": "640000000", "comprehensiveIncomeNetOfTax": "None", "ebit": "947000000", "ebitda": "1188000000", "netIncome": "658000000"}, {"fiscalDateEnding": "2023-06-30", "reportedCurrency": "USD", "grossProfit": "13445000000", "totalRevenue": "13702000000", "costOfRevenue": "257000000", "costofGoodsAndServicesSold": "257000000", "operatingIncome": "1055000000", "sellingGeneralAndAdministrative": "485000000", "researchAndDevelopment": "None", "operatingExpenses": "12390000000", "investmentIncomeNet": "None", "netInterestIncome": "-13000000", "interestIncome": "41000000", "interestExpense": "54000000", "nonInterestIncome": "None", "otherNonOperatingIncome": "70084000", "depreciation": "None", "depreciationAndAmortization": "180000000", "incomeBeforeTax": "951000000", "incomeTaxExpense": "201000000", "interestAndDebtExpense": "None", "netIncomeFromContinuingOperations": "264308000", "comprehensiveIncomeNetOfTax": "None", "ebit": "1005000000", "ebitda": "1185000000", "netIncome": "577000000"}, {"fiscalDateEnding": "2023-03-31", "reportedCurrency": "USD", "grossProfit": "5046000000", "totalRevenue": "5301000000", "costOfRevenue": "255000000", "costofGoodsAndServicesSold": "255000000", "operatingIncome": "1896000000", "sellingGeneralAndAdministrative": "612000000", "researchAndDevelopment": "None", "operatingExpenses": "3150000000", "investmentIncomeNet": "None", "netInterestIncome": "-2018000", "interestIncome": "37000000", "interestExpense": "60000000", "nonInterestIncome": "None", "otherNonOperatingIncome": "57369000", "depreciation": "None", "depreciationAndAmortization": "165000000", "incomeBeforeTax": "1791000000", "incomeTaxExpense": "253000000", "interestAndDebtExpense": "None", "netIncomeFromContinuingOperations": "352489000", "comprehensiveIncomeNetOfTax": "None", "ebit": "1851000000", "ebitda": "2016000000", "netIncome": "978000000"}, {"fiscalDateEnding": "2022-12-31", "reportedCurrency": "USD", "grossProfit": "5344000000", "totalRevenue": "4842000000", "costOfRevenue": "-502000000", "costofGoodsAndServicesSold": "-502000000", "operatingIncome": "1293000000", "sellingGeneralAndAdministrative": "1226000000", "researchAndDevelopment": "None", "operatingExpenses": "4051000000", "investmentIncomeNet": "None", "netInterestIncome": "-16842000", "interestIncome": "30000000", "interestExpense": "51000000", "nonInterestIncome": "None", "otherNonOperatingIncome": "131495000", "depreciation": "None", "depreciationAndAmortization": "161000000", "incomeBeforeTax": "1171000000", "incomeTaxExpense": "211000000", "interestAndDebtExpense": "None", "netIncomeFromContinuingOperations": "443126000", "comprehensiveIncomeNetOfTax": "None", "ebit": "1222000000", "ebitda": "1383000000", "netIncome": "573000000"}, {"fiscalDateEnding": "2022-09-30", "reportedCurrency": "USD", "grossProfit": "2747000000", "totalRevenue": "2979000000", "costOfRevenue": "232000000", "costofGoodsAndServicesSold": "232000000", "operatingIncome": "-899000000", "sellingGeneralAndAdministrative": "321000000", "researchAndDevelopment": "None", "operatingExpenses": "3646000000", "investmentIncomeNet": "None", "netInterestIncome": "-24000000", "interestIncome": "69000000", "interestExpense": "64000000", "nonInterestIncome": "None", "otherNonOperatingIncome": "14149000", "depreciation": "None", "depreciationAndAmortization": "149000000", "incomeBeforeTax": "-945000000", "incomeTaxExpense": "-96000000", "interestAndDebtExpense": "None", "netIncomeFromContinuingOperations": "85352000", "comprehensiveIncomeNetOfTax": "None", "ebit": "-881000000", "ebitda": "-732000000", "netIncome": "-574000000"}, {"fiscalDateEnding": "2022-06-30", "reportedCurrency": "USD", "grossProfit": "2052000000", "totalRevenue": "2286000000", "costOfRevenue": "234000000", "costofGoodsAndServicesSold": "234000000", "operatingIncome": "-3028000000", "sellingGeneralAndAdministrative": "232000000", "researchAndDevelopment": "None", "operatingExpenses": "5080000000", "investmentIncomeNet": "None", "netInterestIncome": "109000000", "interestIncome": "61000000", "interestExpense": "65000000", "nonInterestIncome": "None", "otherNonOperatingIncome": "200627000", "depreciation": "None", "depreciationAndAmortization": "121000000", "incomeBeforeTax": "-2987000000", "incomeTaxExpense": "-381000000", "interestAndDebtExpense": "None", "netIncomeFromContinuingOperations": "-3002000000", "comprehensiveIncomeNetOfTax": "None", "ebit": "-2922000000", "ebitda": "-2801000000", "netIncome": "-1649000000"}, {"fiscalDateEnding": "2022-03-31", "reportedCurrency": "USD", "grossProfit": "128000000", "totalRevenue": "862000000", "costOfRevenue": "734000000", "costofGoodsAndServicesSold": "734000000", "operatingIncome": "-1792000000", "sellingGeneralAndAdministrative": "148000000", "researchAndDevelopment": "None", "operatingExpenses": "1920000000", "investmentIncomeNet": "None", "netInterestIncome": "198000000", "interestIncome": "208000000", "interestExpense": "41000000", "nonInterestIncome": "None", "otherNonOperatingIncome": "1028370000", "depreciation": "None", "depreciationAndAmortization": "106000000", "incomeBeforeTax": "-1544000000", "incomeTaxExpense": "-485000000", "interestAndDebtExpense": "None", "netIncomeFromContinuingOperations": "1283622000", "comprehensiveIncomeNetOfTax": "None", "ebit": "-1503000000", "ebitda": "-1397000000", "netIncome": "-413000000"}, {"fiscalDateEnding": "2021-12-31", "reportedCurrency": "USD", "grossProfit": "954982000", "totalRevenue": "1195275000", "costOfRevenue": "240293000", "costofGoodsAndServicesSold": "240293000", "operatingIncome": "-464048000", "sellingGeneralAndAdministrative": "1419030000", "researchAndDevelopment": "None", "operatingExpenses": "1419030000", "investmentIncomeNet": "None", "netInterestIncome": "-33959000", "interestIncome": "1329095000", "interestExpense": "233493000", "nonInterestIncome": "None", "otherNonOperatingIncome": "1209680000", "depreciation": "None", "depreciationAndAmortization": "7435000", "incomeBeforeTax": "708163000", "incomeTaxExpense": "95648000", "interestAndDebtExpense": "None", "netIncomeFromContinuingOperations": "612515000", "comprehensiveIncomeNetOfTax": "None", "ebit": "941656000", "ebitda": "949091000", "netIncome": "239705000"}, {"fiscalDateEnding": "2021-09-30", "reportedCurrency": "USD", "grossProfit": "577000000", "totalRevenue": "1078000000", "costOfRevenue": "501000000", "costofGoodsAndServicesSold": "501000000", "operatingIncome": "465000000", "sellingGeneralAndAdministrative": "112000000", "researchAndDevelopment": "None", "operatingExpenses": "112000000", "investmentIncomeNet": "None", "netInterestIncome": "9074000", "interestIncome": "317367000", "interestExpense": "156000000", "nonInterestIncome": "None", "otherNonOperatingIncome": "302460000", "depreciation": "None", "depreciationAndAmortization": "7000000", "incomeBeforeTax": "732000000", "incomeTaxExpense": "101000000", "interestAndDebtExpense": "None", "netIncomeFromContinuingOperations": "631417000", "comprehensiveIncomeNetOfTax": "None", "ebit": "888000000", "ebitda": "895000000", "netIncome": "258000000"}, {"fiscalDateEnding": "2021-06-30", "reportedCurrency": "USD", "grossProfit": "787000000", "totalRevenue": "1383000000", "costOfRevenue": "596000000", "costofGoodsAndServicesSold": "596000000", "operatingIncome": "671000000", "sellingGeneralAndAdministrative": "116000000", "researchAndDevelopment": "None", "operatingExpenses": "116000000", "investmentIncomeNet": "None", "netInterestIncome": "62580000", "interestIncome": "1059442000", "interestExpense": "168000000", "nonInterestIncome": "None", "otherNonOperatingIncome": "1063973000", "depreciation": "None", "depreciationAndAmortization": "7000000", "incomeBeforeTax": "1699000000", "incomeTaxExpense": "194000000", "interestAndDebtExpense": "None", "netIncomeFromContinuingOperations": "1505460000", "comprehensiveIncomeNetOfTax": "None", "ebit": "1867000000", "ebitda": "1874000000", "netIncome": "658000000"}, {"fiscalDateEnding": "2021-03-31", "reportedCurrency": "USD", "grossProfit": "1408000000", "totalRevenue": "2295000000", "costOfRevenue": "887000000", "costofGoodsAndServicesSold": "887000000", "operatingIncome": "1308000000", "sellingGeneralAndAdministrative": "100000000", "researchAndDevelopment": "None", "operatingExpenses": "100000000", "investmentIncomeNet": "None", "netInterestIncome": "-34001000", "interestIncome": "798000", "interestExpense": "351000000", "nonInterestIncome": "None", "otherNonOperatingIncome": "448793000", "depreciation": "None", "depreciationAndAmortization": "6000000", "incomeBeforeTax": "1722000000", "incomeTaxExpense": "203000000", "interestAndDebtExpense": "None", "netIncomeFromContinuingOperations": "1518503000", "comprehensiveIncomeNetOfTax": "None", "ebit": "2073000000", "ebitda": "2079000000", "netIncome": "679000000"}, {"fiscalDateEnding": "2020-12-31", "reportedCurrency": "USD", "grossProfit": "1214962000", "totalRevenue": "1296496000", "costOfRevenue": "81534000", "costofGoodsAndServicesSold": "81534000", "operatingIncome": "659177000", "sellingGeneralAndAdministrative": "555785000", "researchAndDevelopment": "None", "operatingExpenses": "555785000", "investmentIncomeNet": "None", "netInterestIncome": "159471000", "interestIncome": "580819000", "interestExpense": "282540000", "nonInterestIncome": "None", "otherNonOperatingIncome": "604670000", "depreciation": "None", "depreciationAndAmortization": "5770000", "incomeBeforeTax": "1228600000", "incomeTaxExpense": "153139000", "interestAndDebtExpense": "None", "netIncomeFromContinuingOperations": "1075461000", "comprehensiveIncomeNetOfTax": "None", "ebit": "1511140000", "ebitda": "1516910000", "netIncome": "430011000"}, {"fiscalDateEnding": "2020-09-30", "reportedCurrency": "USD", "grossProfit": "855077000", "totalRevenue": "1018274000", "costOfRevenue": "163197000", "costofGoodsAndServicesSold": "163197000", "operatingIncome": "522720000", "sellingGeneralAndAdministrative": "332357000", "researchAndDevelopment": "None", "operatingExpenses": "332357000", "investmentIncomeNet": "None", "netInterestIncome": "-33404000", "interestIncome": "268076000", "interestExpense": "160929000", "nonInterestIncome": "None", "otherNonOperatingIncome": "278237000", "depreciation": "None", "depreciationAndAmortization": "4509000", "incomeBeforeTax": "765456000", "incomeTaxExpense": "89357000", "interestAndDebtExpense": "None", "netIncomeFromContinuingOperations": "676099000", "comprehensiveIncomeNetOfTax": "None", "ebit": "926385000", "ebitda": "930894000", "netIncome": "262538000"}, {"fiscalDateEnding": "2020-06-30", "reportedCurrency": "USD", "grossProfit": "1357316000", "totalRevenue": "1508335000", "costOfRevenue": "151019000", "costofGoodsAndServicesSold": "151019000", "operatingIncome": "838208000", "sellingGeneralAndAdministrative": "519108000", "researchAndDevelopment": "None", "operatingExpenses": "519108000", "investmentIncomeNet": "None", "netInterestIncome": "-28297000", "interestIncome": "3994000", "interestExpense": "184336000", "nonInterestIncome": "None", "otherNonOperatingIncome": "333850000", "depreciation": "None", "depreciationAndAmortization": "4071000", "incomeBeforeTax": "1139408000", "incomeTaxExpense": "140323000", "interestAndDebtExpense": "None", "netIncomeFromContinuingOperations": "999085000", "comprehensiveIncomeNetOfTax": "None", "ebit": "1323744000", "ebitda": "1327815000", "netIncome": "428774000"}, {"fiscalDateEnding": "2020-03-31", "reportedCurrency": "USD", "grossProfit": "-1608355000", "totalRevenue": "-1469086000", "costOfRevenue": "139269000", "costofGoodsAndServicesSold": "139269000", "operatingIncome": "-1109001000", "sellingGeneralAndAdministrative": "499354000", "researchAndDevelopment": "None", "operatingExpenses": "-499354000", "investmentIncomeNet": "None", "netInterestIncome": "-23308000", "interestIncome": "7934000", "interestExpense": "31242000", "nonInterestIncome": "None", "otherNonOperatingIncome": "-1439044000", "depreciation": "None", "depreciationAndAmortization": "4478000", "incomeBeforeTax": "-2579696000", "incomeTaxExpense": "-295853000", "interestAndDebtExpense": "None", "netIncomeFromContinuingOperations": "-2283843000", "comprehensiveIncomeNetOfTax": "None", "ebit": "-2548454000", "ebitda": "-2543976000", "netIncome": "-1003465000"}, {"fiscalDateEnding": "2019-12-31", "reportedCurrency": "USD", "grossProfit": "435951000", "totalRevenue": "914772000", "costOfRevenue": "478821000", "costofGoodsAndServicesSold": "478821000", "operatingIncome": "344423000", "sellingGeneralAndAdministrative": "91528000", "researchAndDevelopment": "None", "operatingExpenses": "91528000", "investmentIncomeNet": "None", "netInterestIncome": "-18542000", "interestIncome": "118822000", "interestExpense": "28126000", "nonInterestIncome": "None", "otherNonOperatingIncome": "None", "depreciation": "None", "depreciationAndAmortization": "4316000", "incomeBeforeTax": "424372000", "incomeTaxExpense": "66351000", "interestAndDebtExpense": "None", "netIncomeFromContinuingOperations": "358021000", "comprehensiveIncomeNetOfTax": "None", "ebit": "452498000", "ebitda": "456814000", "netIncome": "160339000"}, {"fiscalDateEnding": "2019-09-30", "reportedCurrency": "USD", "grossProfit": "444751000", "totalRevenue": "702721000", "costOfRevenue": "257970000", "costofGoodsAndServicesSold": "257970000", "operatingIncome": "359438000", "sellingGeneralAndAdministrative": "85313000", "researchAndDevelopment": "None", "operatingExpenses": "85313000", "investmentIncomeNet": "None", "netInterestIncome": "-17681000", "interestIncome": "10152000", "interestExpense": "27833000", "nonInterestIncome": "None", "otherNonOperatingIncome": "-42151000", "depreciation": "None", "depreciationAndAmortization": "4050000", "incomeBeforeTax": "289198000", "incomeTaxExpense": "-231896000", "interestAndDebtExpense": "None", "netIncomeFromContinuingOperations": "521094000", "comprehensiveIncomeNetOfTax": "None", "ebit": "317031000", "ebitda": "321081000", "netIncome": "347380000"}, {"fiscalDateEnding": "2019-06-30", "reportedCurrency": "USD", "grossProfit": "399970000", "totalRevenue": "636579000", "costOfRevenue": "236609000", "costofGoodsAndServicesSold": "236609000", "operatingIncome": "318131000", "sellingGeneralAndAdministrative": "81839000", "researchAndDevelopment": "None", "operatingExpenses": "81839000", "investmentIncomeNet": "None", "netInterestIncome": "-14592000", "interestIncome": "8710000", "interestExpense": "23302000", "nonInterestIncome": "None", "otherNonOperatingIncome": "65004000", "depreciation": "None", "depreciationAndAmortization": "3748000", "incomeBeforeTax": "359058000", "incomeTaxExpense": "16897000", "interestAndDebtExpense": "None", "netIncomeFromContinuingOperations": "342161000", "comprehensiveIncomeNetOfTax": "None", "ebit": "382360000", "ebitda": "386108000", "netIncome": "157860000"}, {"fiscalDateEnding": "2019-03-31", "reportedCurrency": "USD", "grossProfit": "390090000", "totalRevenue": "677777000", "costOfRevenue": "287687000", "costofGoodsAndServicesSold": "287687000", "operatingIncome": "318428000", "sellingGeneralAndAdministrative": "71662000", "researchAndDevelopment": "None", "operatingExpenses": "71662000", "investmentIncomeNet": "None", "netInterestIncome": "-12032000", "interestIncome": "35371000", "interestExpense": "19108000", "nonInterestIncome": "None", "otherNonOperatingIncome": "35461000", "depreciation": "None", "depreciationAndAmortization": "3644000", "incomeBeforeTax": "335221000", "incomeTaxExpense": "19654000", "interestAndDebtExpense": "None", "netIncomeFromContinuingOperations": "315567000", "comprehensiveIncomeNetOfTax": "None", "ebit": "354329000", "ebitda": "357973000", "netIncome": "142984000"}, {"fiscalDateEnding": "2018-12-31", "reportedCurrency": "USD", "grossProfit": "-101291000", "totalRevenue": "-114885000", "costOfRevenue": "-13594000", "costofGoodsAndServicesSold": "-13594000", "operatingIncome": "-172884000", "sellingGeneralAndAdministrative": "71593000", "researchAndDevelopment": "0", "operatingExpenses": "71593000", "investmentIncomeNet": "None", "netInterestIncome": "None", "interestIncome": "None", "interestExpense": "15206000", "nonInterestIncome": "None", "otherNonOperatingIncome": "-149650000", "depreciation": "None", "depreciationAndAmortization": "4018000", "incomeBeforeTax": "-338478000", "incomeTaxExpense": "39425000", "interestAndDebtExpense": "None", "netIncomeFromContinuingOperations": "-395063000", "comprehensiveIncomeNetOfTax": "None", "ebit": "-323272000", "ebitda": "-319254000", "netIncome": "-191677000"}, {"fiscalDateEnding": "2018-09-30", "reportedCurrency": "USD", "grossProfit": "291616000", "totalRevenue": "517731000", "costOfRevenue": "226115000", "costofGoodsAndServicesSold": "226115000", "operatingIncome": "220959000", "sellingGeneralAndAdministrative": "70657000", "researchAndDevelopment": "0", "operatingExpenses": "70657000", "investmentIncomeNet": "None", "netInterestIncome": "None", "interestIncome": "None", "interestExpense": "15209000", "nonInterestIncome": "None", "otherNonOperatingIncome": "176780000", "depreciation": "None", "depreciationAndAmortization": "3641000", "incomeBeforeTax": "381784000", "incomeTaxExpense": "19092000", "interestAndDebtExpense": "None", "netIncomeFromContinuingOperations": "362692000", "comprehensiveIncomeNetOfTax": "None", "ebit": "396993000", "ebitda": "400634000", "netIncome": "163738000"}, {"fiscalDateEnding": "2018-06-30", "reportedCurrency": "USD", "grossProfit": "299912000", "totalRevenue": "523316000", "costOfRevenue": "223404000", "costofGoodsAndServicesSold": "223404000", "operatingIncome": "237395000", "sellingGeneralAndAdministrative": "62517000", "researchAndDevelopment": "0", "operatingExpenses": "62517000", "investmentIncomeNet": "None", "netInterestIncome": "None", "interestIncome": "None", "interestExpense": "15162000", "nonInterestIncome": "None", "otherNonOperatingIncome": "-59188000", "depreciation": "None", "depreciationAndAmortization": "3697000", "incomeBeforeTax": "162734000", "incomeTaxExpense": "18924000", "interestAndDebtExpense": "None", "netIncomeFromContinuingOperations": "143810000", "comprehensiveIncomeNetOfTax": "None", "ebit": "177896000", "ebitda": "181593000", "netIncome": "59457000"}, {"fiscalDateEnding": "2018-03-31", "reportedCurrency": "USD", "grossProfit": "27829000", "totalRevenue": "166903000", "costOfRevenue": "139074000", "costofGoodsAndServicesSold": "139074000", "operatingIncome": "-33848000", "sellingGeneralAndAdministrative": "61677000", "researchAndDevelopment": "0", "operatingExpenses": "61677000", "investmentIncomeNet": "None", "netInterestIncome": "None", "interestIncome": "None", "interestExpense": "13797000", "nonInterestIncome": "None", "otherNonOperatingIncome": "-52796000", "depreciation": "None", "depreciationAndAmortization": "3877000", "incomeBeforeTax": "-100768000", "incomeTaxExpense": "8580000", "interestAndDebtExpense": "None", "netIncomeFromContinuingOperations": "-92188000", "comprehensiveIncomeNetOfTax": "None", "ebit": "-86971000", "ebitda": "-83094000", "netIncome": "-63646000"}, {"fiscalDateEnding": "2017-12-31", "reportedCurrency": "USD", "grossProfit": "560135000", "totalRevenue": "869518000", "costOfRevenue": "309383000", "costofGoodsAndServicesSold": "309383000", "operatingIncome": "492195000", "sellingGeneralAndAdministrative": "67940000", "researchAndDevelopment": "0", "operatingExpenses": "67940000", "investmentIncomeNet": "None", "netInterestIncome": "None", "interestIncome": "None", "interestExpense": "13376000", "nonInterestIncome": "None", "otherNonOperatingIncome": "254857000", "depreciation": "None", "depreciationAndAmortization": "3138000", "incomeBeforeTax": "732323000", "incomeTaxExpense": "271019000", "interestAndDebtExpense": "None", "netIncomeFromContinuingOperations": "461304000", "comprehensiveIncomeNetOfTax": "None", "ebit": "745699000", "ebitda": "748837000", "netIncome": "183174000"}, {"fiscalDateEnding": "2017-09-30", "reportedCurrency": "USD", "grossProfit": "441086000", "totalRevenue": "711720000", "costOfRevenue": "270634000", "costofGoodsAndServicesSold": "270634000", "operatingIncome": "372937000", "sellingGeneralAndAdministrative": "68149000", "researchAndDevelopment": "0", "operatingExpenses": "68149000", "investmentIncomeNet": "None", "netInterestIncome": "None", "interestIncome": "None", "interestExpense": "13303000", "nonInterestIncome": "None", "otherNonOperatingIncome": "144156000", "depreciation": "None", "depreciationAndAmortization": "6796000", "incomeBeforeTax": "450905000", "incomeTaxExpense": "16542000", "interestAndDebtExpense": "None", "netIncomeFromContinuingOperations": "434363000", "comprehensiveIncomeNetOfTax": "None", "ebit": "464208000", "ebitda": "471004000", "netIncome": "196469000"}, {"fiscalDateEnding": "2017-06-30", "reportedCurrency": "USD", "grossProfit": "263364000", "totalRevenue": "449708000", "costOfRevenue": "186344000", "costofGoodsAndServicesSold": "186344000", "operatingIncome": "203635000", "sellingGeneralAndAdministrative": "59729000", "researchAndDevelopment": "0", "operatingExpenses": "59729000", "investmentIncomeNet": "None", "netInterestIncome": "None", "interestIncome": "None", "interestExpense": "13195000", "nonInterestIncome": "None", "otherNonOperatingIncome": "23819000", "depreciation": "None", "depreciationAndAmortization": "4060000", "incomeBeforeTax": "192165000", "incomeTaxExpense": "-777000", "interestAndDebtExpense": "None", "netIncomeFromContinuingOperations": "192942000", "comprehensiveIncomeNetOfTax": "None", "ebit": "205360000", "ebitda": "209420000", "netIncome": "88385000"}, {"fiscalDateEnding": "2017-03-31", "reportedCurrency": "USD", "grossProfit": "413060000", "totalRevenue": "682104000", "costOfRevenue": "269044000", "costofGoodsAndServicesSold": "269044000", "operatingIncome": "351020000", "sellingGeneralAndAdministrative": "62040000", "researchAndDevelopment": "0", "operatingExpenses": "62040000", "investmentIncomeNet": "None", "netInterestIncome": "None", "interestIncome": "None", "interestExpense": "12999000", "nonInterestIncome": "None", "otherNonOperatingIncome": "96628000", "depreciation": "None", "depreciationAndAmortization": "4385000", "incomeBeforeTax": "394191000", "incomeTaxExpense": "39161000", "interestAndDebtExpense": "None", "netIncomeFromContinuingOperations": "355030000", "comprehensiveIncomeNetOfTax": "None", "ebit": "407190000", "ebitda": "411575000", "netIncome": "140073000"}, {"fiscalDateEnding": "2016-12-31", "reportedCurrency": "USD", "grossProfit": "380176000", "totalRevenue": "685380000", "costOfRevenue": "305204000", "costofGoodsAndServicesSold": "305204000", "operatingIncome": "320461000", "sellingGeneralAndAdministrative": "73854000", "researchAndDevelopment": "0", "operatingExpenses": "59715000", "investmentIncomeNet": "None", "netInterestIncome": "None", "interestIncome": "None", "interestExpense": "12977000", "nonInterestIncome": "None", "otherNonOperatingIncome": "135530000", "depreciation": "None", "depreciationAndAmortization": "4596000", "incomeBeforeTax": "422546000", "incomeTaxExpense": "28199000", "interestAndDebtExpense": "None", "netIncomeFromContinuingOperations": "394347000", "comprehensiveIncomeNetOfTax": "None", "ebit": "435523000", "ebitda": "440119000", "netIncome": "161071000"}, {"fiscalDateEnding": "2016-09-30", "reportedCurrency": "USD", "grossProfit": "294825000", "totalRevenue": "503731000", "costOfRevenue": "208906000", "costofGoodsAndServicesSold": "208906000", "operatingIncome": "236259000", "sellingGeneralAndAdministrative": "58566000", "researchAndDevelopment": "0", "operatingExpenses": "58566000", "investmentIncomeNet": "None", "netInterestIncome": "None", "interestIncome": "None", "interestExpense": "12832000", "nonInterestIncome": "None", "otherNonOperatingIncome": "42911000", "depreciation": "None", "depreciationAndAmortization": "4646000", "incomeBeforeTax": "264385000", "incomeTaxExpense": "29667000", "interestAndDebtExpense": "None", "netIncomeFromContinuingOperations": "234718000", "comprehensiveIncomeNetOfTax": "None", "ebit": "277217000", "ebitda": "281863000", "netIncome": "91366000"}, {"fiscalDateEnding": "2016-06-30", "reportedCurrency": "USD", "grossProfit": "399001000", "totalRevenue": "660447000", "costOfRevenue": "261446000", "costofGoodsAndServicesSold": "261446000", "operatingIncome": "328913000", "sellingGeneralAndAdministrative": "70088000", "researchAndDevelopment": "0", "operatingExpenses": "70088000", "investmentIncomeNet": "None", "netInterestIncome": "None", "interestIncome": "None", "interestExpense": "9800000", "nonInterestIncome": "None", "otherNonOperatingIncome": "136742000", "depreciation": "None", "depreciationAndAmortization": "4862000", "incomeBeforeTax": "453791000", "incomeTaxExpense": "37988000", "interestAndDebtExpense": "None", "netIncomeFromContinuingOperations": "415803000", "comprehensiveIncomeNetOfTax": "None", "ebit": "463591000", "ebitda": "468453000", "netIncome": "174092000"}, {"fiscalDateEnding": "2016-03-31", "reportedCurrency": "USD", "grossProfit": "47195000", "totalRevenue": "120826000", "costOfRevenue": "73631000", "costofGoodsAndServicesSold": "73631000", "operatingIncome": "-11436000", "sellingGeneralAndAdministrative": "58631000", "researchAndDevelopment": "0", "operatingExpenses": "58631000", "investmentIncomeNet": "None", "netInterestIncome": "None", "interestIncome": "None", "interestExpense": "7873000", "nonInterestIncome": "None", "otherNonOperatingIncome": "-58635000", "depreciation": "None", "depreciationAndAmortization": "4631000", "incomeBeforeTax": "-79708000", "incomeTaxExpense": "-5147000", "interestAndDebtExpense": "None", "netIncomeFromContinuingOperations": "-74561000", "comprehensiveIncomeNetOfTax": "None", "ebit": "-71835000", "ebitda": "-67204000", "netIncome": "-32828000"}, {"fiscalDateEnding": "2015-12-31", "reportedCurrency": "USD", "grossProfit": "89960000", "totalRevenue": "193651000", "costOfRevenue": "103691000", "costofGoodsAndServicesSold": "103691000", "operatingIncome": "16351000", "sellingGeneralAndAdministrative": "62482000", "researchAndDevelopment": "0", "operatingExpenses": "73609000", "investmentIncomeNet": "None", "netInterestIncome": "None", "interestIncome": "None", "interestExpense": "7617000", "nonInterestIncome": "None", "otherNonOperatingIncome": "None", "depreciation": "None", "depreciationAndAmortization": "11127000", "incomeBeforeTax": "29900000", "incomeTaxExpense": "5536000", "interestAndDebtExpense": "None", "netIncomeFromContinuingOperations": "350495000", "comprehensiveIncomeNetOfTax": "None", "ebit": "37517000", "ebitda": "48644000", "netIncome": "6091000"}, {"fiscalDateEnding": "2015-09-30", "reportedCurrency": "USD", "grossProfit": "88679000", "totalRevenue": "193268000", "costOfRevenue": "104589000", "costofGoodsAndServicesSold": "104589000", "operatingIncome": "28503000", "sellingGeneralAndAdministrative": "49000000", "researchAndDevelopment": "0", "operatingExpenses": "60176000", "investmentIncomeNet": "None", "netInterestIncome": "None", "interestIncome": "None", "interestExpense": "7529000", "nonInterestIncome": "None", "otherNonOperatingIncome": "84793000", "depreciation": "None", "depreciationAndAmortization": "11176000", "incomeBeforeTax": "103150000", "incomeTaxExpense": "6591000", "interestAndDebtExpense": "None", "netIncomeFromContinuingOperations": "96559000", "comprehensiveIncomeNetOfTax": "None", "ebit": "110679000", "ebitda": "121855000", "netIncome": "41051000"}, {"fiscalDateEnding": "2015-06-30", "reportedCurrency": "USD", "grossProfit": "178943000", "totalRevenue": "351727000", "costOfRevenue": "172784000", "costofGoodsAndServicesSold": "172784000", "operatingIncome": "116338000", "sellingGeneralAndAdministrative": "51412000", "researchAndDevelopment": "0", "operatingExpenses": "62605000", "investmentIncomeNet": "None", "netInterestIncome": "None", "interestIncome": "None", "interestExpense": "7485000", "nonInterestIncome": "None", "otherNonOperatingIncome": "49978000", "depreciation": "None", "depreciationAndAmortization": "11193000", "incomeBeforeTax": "157166000", "incomeTaxExpense": "9092000", "interestAndDebtExpense": "None", "netIncomeFromContinuingOperations": "148074000", "comprehensiveIncomeNetOfTax": "None", "ebit": "164651000", "ebitda": "175844000", "netIncome": "56428000"}, {"fiscalDateEnding": "2015-03-31", "reportedCurrency": "USD", "grossProfit": "146659000", "totalRevenue": "303024000", "costOfRevenue": "156365000", "costofGoodsAndServicesSold": "156365000", "operatingIncome": "87988000", "sellingGeneralAndAdministrative": "47693000", "researchAndDevelopment": "0", "operatingExpenses": "58671000", "investmentIncomeNet": "None", "netInterestIncome": "None", "interestIncome": "None", "interestExpense": "7440000", "nonInterestIncome": "None", "otherNonOperatingIncome": "None", "depreciation": "None", "depreciationAndAmortization": "10978000", "incomeBeforeTax": "87012000", "incomeTaxExpense": "5514000", "interestAndDebtExpense": "None", "netIncomeFromContinuingOperations": "0", "comprehensiveIncomeNetOfTax": "None", "ebit": "94452000", "ebitda": "105430000", "netIncome": "30927000"}, {"fiscalDateEnding": "2014-12-31", "reportedCurrency": "USD", "grossProfit": "156210000", "totalRevenue": "275396000", "costOfRevenue": "119186000", "costofGoodsAndServicesSold": "119186000", "operatingIncome": "86462000", "sellingGeneralAndAdministrative": "58663000", "researchAndDevelopment": "0", "operatingExpenses": "69748000", "investmentIncomeNet": "None", "netInterestIncome": "None", "interestIncome": "None", "interestExpense": "7366000", "nonInterestIncome": "None", "otherNonOperatingIncome": "58314000", "depreciation": "None", "depreciationAndAmortization": "11085000", "incomeBeforeTax": "136023000", "incomeTaxExpense": "50283000", "interestAndDebtExpense": "None", "netIncomeFromContinuingOperations": "85740000", "comprehensiveIncomeNetOfTax": "None", "ebit": "143389000", "ebitda": "154474000", "netIncome": "22182000"}, {"fiscalDateEnding": "2014-09-30", "reportedCurrency": "USD", "grossProfit": "122550000", "totalRevenue": "221135000", "costOfRevenue": "98585000", "costofGoodsAndServicesSold": "98585000", "operatingIncome": "59896000", "sellingGeneralAndAdministrative": "51504000", "researchAndDevelopment": "0", "operatingExpenses": "62654000", "investmentIncomeNet": "None", "netInterestIncome": "None", "interestIncome": "None", "interestExpense": "7389000", "nonInterestIncome": "None", "otherNonOperatingIncome": "-82135000", "depreciation": "None", "depreciationAndAmortization": "11150000", "incomeBeforeTax": "-38388000", "incomeTaxExpense": "29376000", "interestAndDebtExpense": "None", "netIncomeFromContinuingOperations": "-67764000", "comprehensiveIncomeNetOfTax": "None", "ebit": "-30999000", "ebitda": "-19849000", "netIncome": "2210000"}, {"fiscalDateEnding": "2014-06-30", "reportedCurrency": "USD", "grossProfit": "292831000", "totalRevenue": "572152000", "costOfRevenue": "279321000", "costofGoodsAndServicesSold": "279321000", "operatingIncome": "225796000", "sellingGeneralAndAdministrative": "55920000", "researchAndDevelopment": "0", "operatingExpenses": "67035000", "investmentIncomeNet": "None", "netInterestIncome": "None", "interestIncome": "None", "interestExpense": "4524000", "nonInterestIncome": "None", "otherNonOperatingIncome": "69556000", "depreciation": "None", "depreciationAndAmortization": "11115000", "incomeBeforeTax": "287339000", "incomeTaxExpense": "35037000", "interestAndDebtExpense": "None", "netIncomeFromContinuingOperations": "252302000", "comprehensiveIncomeNetOfTax": "None", "ebit": "291863000", "ebitda": "302978000", "netIncome": "71668000"}, {"fiscalDateEnding": "2014-03-31", "reportedCurrency": "USD", "grossProfit": "247933000", "totalRevenue": "491400000", "costOfRevenue": "243467000", "costofGoodsAndServicesSold": "243467000", "operatingIncome": "182181000", "sellingGeneralAndAdministrative": "54033000", "researchAndDevelopment": "0", "operatingExpenses": "65752000", "investmentIncomeNet": "None", "netInterestIncome": "None", "interestIncome": "None", "interestExpense": "3114000", "nonInterestIncome": "None", "otherNonOperatingIncome": "314912000", "depreciation": "None", "depreciationAndAmortization": "11719000", "incomeBeforeTax": "492193000", "incomeTaxExpense": "32549000", "interestAndDebtExpense": "None", "netIncomeFromContinuingOperations": "459644000", "comprehensiveIncomeNetOfTax": "None", "ebit": "495307000", "ebitda": "507026000", "netIncome": "72169000"}, {"fiscalDateEnding": "2013-12-31", "reportedCurrency": "USD", "grossProfit": "509882000", "totalRevenue": "795148000", "costOfRevenue": "285266000", "costofGoodsAndServicesSold": "285266000", "operatingIncome": "432667000", "sellingGeneralAndAdministrative": "64577000", "researchAndDevelopment": "0", "operatingExpenses": "77215000", "investmentIncomeNet": "None", "netInterestIncome": "None", "interestIncome": "None", "interestExpense": "6969000", "nonInterestIncome": "None", "otherNonOperatingIncome": "None", "depreciation": "None", "depreciationAndAmortization": "12638000", "incomeBeforeTax": "753816000", "incomeTaxExpense": "23647000", "interestAndDebtExpense": "None", "netIncomeFromContinuingOperations": "0", "comprehensiveIncomeNetOfTax": "None", "ebit": "760785000", "ebitda": "773423000", "netIncome": "159160000"}, {"fiscalDateEnding": "2013-09-30", "reportedCurrency": "USD", "grossProfit": "605449000", "totalRevenue": "1132089000", "costOfRevenue": "526640000", "costofGoodsAndServicesSold": "526640000", "operatingIncome": "542338000", "sellingGeneralAndAdministrative": "50321000", "researchAndDevelopment": "0", "operatingExpenses": "63111000", "investmentIncomeNet": "None", "netInterestIncome": "None", "interestIncome": "None", "interestExpense": "7179000", "nonInterestIncome": "None", "otherNonOperatingIncome": "210820000", "depreciation": "None", "depreciationAndAmortization": "12790000", "incomeBeforeTax": "742794000", "incomeTaxExpense": "47204000", "interestAndDebtExpense": "None", "netIncomeFromContinuingOperations": "695590000", "comprehensiveIncomeNetOfTax": "None", "ebit": "749973000", "ebitda": "762763000", "netIncome": "192516000"}, {"fiscalDateEnding": "2013-06-30", "reportedCurrency": "USD", "grossProfit": "257234000", "totalRevenue": "497261000", "costOfRevenue": "240027000", "costofGoodsAndServicesSold": "240027000", "operatingIncome": "185188000", "sellingGeneralAndAdministrative": "57851000", "researchAndDevelopment": "0", "operatingExpenses": "72046000", "investmentIncomeNet": "None", "netInterestIncome": "None", "interestIncome": "None", "interestExpense": "7594000", "nonInterestIncome": "None", "otherNonOperatingIncome": "None", "depreciation": "None", "depreciationAndAmortization": "14195000", "incomeBeforeTax": "166309000", "incomeTaxExpense": "18139000", "interestAndDebtExpense": "None", "netIncomeFromContinuingOperations": "0", "comprehensiveIncomeNetOfTax": "None", "ebit": "173903000", "ebitda": "188098000", "netIncome": "58737000"}, {"fiscalDateEnding": "2013-03-31", "reportedCurrency": "USD", "grossProfit": "766771000", "totalRevenue": "1309073000", "costOfRevenue": "542302000", "costofGoodsAndServicesSold": "542302000", "operatingIncome": "703347000", "sellingGeneralAndAdministrative": "48806000", "researchAndDevelopment": "0", "operatingExpenses": "63424000", "investmentIncomeNet": "None", "netInterestIncome": "None", "interestIncome": "None", "interestExpense": "7518000", "nonInterestIncome": "None", "otherNonOperatingIncome": "132173000", "depreciation": "None", "depreciationAndAmortization": "14618000", "incomeBeforeTax": "818644000", "incomeTaxExpense": "18579000", "interestAndDebtExpense": "None", "netIncomeFromContinuingOperations": "800065000", "comprehensiveIncomeNetOfTax": "None", "ebit": "826162000", "ebitda": "840780000", "netIncome": "248978000"}, {"fiscalDateEnding": "2012-12-31", "reportedCurrency": "USD", "grossProfit": "560593000", "totalRevenue": "1159221000", "costOfRevenue": "598628000", "costofGoodsAndServicesSold": "598628000", "operatingIncome": "479609000", "sellingGeneralAndAdministrative": "55842000", "researchAndDevelopment": "0", "operatingExpenses": "80984000", "investmentIncomeNet": "None", "netInterestIncome": "None", "interestIncome": "None", "interestExpense": "8033000", "nonInterestIncome": "None", "otherNonOperatingIncome": "None", "depreciation": "None", "depreciationAndAmortization": "16215000", "incomeBeforeTax": "602664000", "incomeTaxExpense": "18283000", "interestAndDebtExpense": "None", "netIncomeFromContinuingOperations": "0", "comprehensiveIncomeNetOfTax": "None", "ebit": "610697000", "ebitda": "626912000", "netIncome": "171509000"}, {"fiscalDateEnding": "2012-09-30", "reportedCurrency": "USD", "grossProfit": "265522000", "totalRevenue": "712373000", "costOfRevenue": "446851000", "costofGoodsAndServicesSold": "446851000", "operatingIncome": "203793000", "sellingGeneralAndAdministrative": "45162000", "researchAndDevelopment": "0", "operatingExpenses": "61729000", "investmentIncomeNet": "None", "netInterestIncome": "None", "interestIncome": "None", "interestExpense": "7136000", "nonInterestIncome": "None", "otherNonOperatingIncome": "None", "depreciation": "None", "depreciationAndAmortization": "16567000", "incomeBeforeTax": "219713000", "incomeTaxExpense": "21917000", "interestAndDebtExpense": "None", "netIncomeFromContinuingOperations": "0", "comprehensiveIncomeNetOfTax": "None", "ebit": "226849000", "ebitda": "243416000", "netIncome": "82791000"}, {"fiscalDateEnding": "2012-06-30", "reportedCurrency": "USD", "grossProfit": "-25258000", "totalRevenue": "211628000", "costOfRevenue": "236886000", "costofGoodsAndServicesSold": "236886000", "operatingIncome": "-86636000", "sellingGeneralAndAdministrative": "49397000", "researchAndDevelopment": "0", "operatingExpenses": "61378000", "investmentIncomeNet": "None", "netInterestIncome": "None", "interestIncome": "None", "interestExpense": "10567000", "nonInterestIncome": "None", "otherNonOperatingIncome": "None", "depreciation": "None", "depreciationAndAmortization": "11982000", "incomeBeforeTax": "1845127000", "incomeTaxExpense": "10650000", "interestAndDebtExpense": "None", "netIncomeFromContinuingOperations": "0", "comprehensiveIncomeNetOfTax": "None", "ebit": "1855694000", "ebitda": "1867676000", "netIncome": "-41386000"}, {"fiscalDateEnding": "2012-03-31", "reportedCurrency": "USD", "grossProfit": "313747000", "totalRevenue": "776743000", "costOfRevenue": "462996000", "costofGoodsAndServicesSold": "462996000", "operatingIncome": "253513000", "sellingGeneralAndAdministrative": "39460000", "researchAndDevelopment": "0", "operatingExpenses": "60234000", "investmentIncomeNet": "None", "netInterestIncome": "None", "interestIncome": "None", "interestExpense": "11380000", "nonInterestIncome": "None", "otherNonOperatingIncome": "None", "depreciation": "None", "depreciationAndAmortization": "8472000", "incomeBeforeTax": "445701000", "incomeTaxExpense": "14560000", "interestAndDebtExpense": "None", "netIncomeFromContinuingOperations": "0", "comprehensiveIncomeNetOfTax": "None", "ebit": "457082000", "ebitda": "465554000", "netIncome": "98043000"}, {"fiscalDateEnding": "2011-12-31", "reportedCurrency": "USD", "grossProfit": "96429000", "totalRevenue": "645994000", "costOfRevenue": "549565000", "costofGoodsAndServicesSold": "549565000", "operatingIncome": "36882000", "sellingGeneralAndAdministrative": "56027000", "researchAndDevelopment": "0", "operatingExpenses": "59547000", "investmentIncomeNet": "None", "netInterestIncome": "None", "interestIncome": "None", "interestExpense": "9851000", "nonInterestIncome": "None", "otherNonOperatingIncome": "None", "depreciation": "None", "depreciationAndAmortization": "6625000", "incomeBeforeTax": "312690000", "incomeTaxExpense": "19406000", "interestAndDebtExpense": "None", "netIncomeFromContinuingOperations": "0", "comprehensiveIncomeNetOfTax": "None", "ebit": "322541000", "ebitda": "329166000", "netIncome": "10933000"}, {"fiscalDateEnding": "2011-09-30", "reportedCurrency": "USD", "grossProfit": "-1269090000", "totalRevenue": "-1479580000", "costOfRevenue": "-210490000", "costofGoodsAndServicesSold": "-210490000", "operatingIncome": "-1311690000", "sellingGeneralAndAdministrative": "33922000", "researchAndDevelopment": "0", "operatingExpenses": "42600000", "investmentIncomeNet": "None", "netInterestIncome": "None", "interestIncome": "None", "interestExpense": "9790000", "nonInterestIncome": "None", "otherNonOperatingIncome": "-442310000", "depreciation": "None", "depreciationAndAmortization": "6687000", "incomeBeforeTax": "-1763790000", "incomeTaxExpense": "-19847000", "interestAndDebtExpense": "None", "netIncomeFromContinuingOperations": "-1743943000", "comprehensiveIncomeNetOfTax": "None", "ebit": "-1754000000", "ebitda": "-1747313000", "netIncome": "-466926000"}, {"fiscalDateEnding": "2011-06-30", "reportedCurrency": "USD", "grossProfit": "-109907000", "totalRevenue": "308876000", "costOfRevenue": "418783000", "costofGoodsAndServicesSold": "418783000", "operatingIncome": "-160803000", "sellingGeneralAndAdministrative": "43994000", "researchAndDevelopment": "0", "operatingExpenses": "50896000", "investmentIncomeNet": "None", "netInterestIncome": "None", "interestIncome": "None", "interestExpense": "10327000", "nonInterestIncome": "None", "otherNonOperatingIncome": "70035000", "depreciation": "None", "depreciationAndAmortization": "6902000", "incomeBeforeTax": "-101095000", "incomeTaxExpense": "3550000", "interestAndDebtExpense": "None", "netIncomeFromContinuingOperations": "-104645000", "comprehensiveIncomeNetOfTax": "None", "ebit": "-90768000", "ebitda": "-83866000", "netIncome": "-50989000"}, {"fiscalDateEnding": "2011-03-31", "reportedCurrency": "USD", "grossProfit": "113422000", "totalRevenue": "696342000", "costOfRevenue": "582920000", "costofGoodsAndServicesSold": "582920000", "operatingIncome": "54761000", "sellingGeneralAndAdministrative": "624653000", "researchAndDevelopment": "0", "operatingExpenses": "58661000", "investmentIncomeNet": "None", "netInterestIncome": "None", "interestIncome": "None", "interestExpense": "10882000", "nonInterestIncome": "None", "otherNonOperatingIncome": "None", "depreciation": "None", "depreciationAndAmortization": "6046000", "incomeBeforeTax": "259925000", "incomeTaxExpense": "8820000", "interestAndDebtExpense": "None", "netIncomeFromContinuingOperations": "0", "comprehensiveIncomeNetOfTax": "None", "ebit": "270807000", "ebitda": "276853000", "netIncome": "38156000"}, {"fiscalDateEnding": "2010-12-31", "reportedCurrency": "USD", "grossProfit": "557750000", "totalRevenue": "1348373000", "costOfRevenue": "790623000", "costofGoodsAndServicesSold": "790623000", "operatingIncome": "495362000", "sellingGeneralAndAdministrative": "0", "researchAndDevelopment": "0", "operatingExpenses": "62388000", "investmentIncomeNet": "None", "netInterestIncome": "None", "interestIncome": "None", "interestExpense": "7772000", "nonInterestIncome": "None", "otherNonOperatingIncome": "None", "depreciation": "None", "depreciationAndAmortization": "6229000", "incomeBeforeTax": "830312000", "incomeTaxExpense": "44099000", "interestAndDebtExpense": "None", "netIncomeFromContinuingOperations": "0", "comprehensiveIncomeNetOfTax": "None", "ebit": "838084000", "ebitda": "844313000", "netIncome": "206283000"}, {"fiscalDateEnding": "2010-09-30", "reportedCurrency": "USD", "grossProfit": "-5202000", "totalRevenue": "458651000", "costOfRevenue": "463853000", "costofGoodsAndServicesSold": "463853000", "operatingIncome": "-40012000", "sellingGeneralAndAdministrative": "23847000", "researchAndDevelopment": "0", "operatingExpenses": "34810000", "investmentIncomeNet": "None", "netInterestIncome": "None", "interestIncome": "None", "interestExpense": "7340000", "nonInterestIncome": "None", "otherNonOperatingIncome": "None", "depreciation": "None", "depreciationAndAmortization": "5874000", "incomeBeforeTax": "163188000", "incomeTaxExpense": "30856000", "interestAndDebtExpense": "None", "netIncomeFromContinuingOperations": "0", "comprehensiveIncomeNetOfTax": "None", "ebit": "170528000", "ebitda": "176402000", "netIncome": "24140000"}, {"fiscalDateEnding": "2010-06-30", "reportedCurrency": "USD", "grossProfit": "-234717000", "totalRevenue": "79280000", "costOfRevenue": "313997000", "costofGoodsAndServicesSold": "313997000", "operatingIncome": "-273328000", "sellingGeneralAndAdministrative": "27209000", "researchAndDevelopment": "0", "operatingExpenses": "38611000", "investmentIncomeNet": "None", "netInterestIncome": "None", "interestIncome": "None", "interestExpense": "9502000", "nonInterestIncome": "None", "otherNonOperatingIncome": "None", "depreciation": "None", "depreciationAndAmortization": "6041000", "incomeBeforeTax": "-289415000", "incomeTaxExpense": "12727000", "interestAndDebtExpense": "None", "netIncomeFromContinuingOperations": "0", "comprehensiveIncomeNetOfTax": "None", "ebit": "-279913000", "ebitda": "-273872000", "netIncome": "-75124000"}, {"fiscalDateEnding": "2010-03-31", "reportedCurrency": "USD", "grossProfit": "223594000", "totalRevenue": "223594000", "costOfRevenue": "411563000", "costofGoodsAndServicesSold": "411563000", "operatingIncome": "-204896000", "sellingGeneralAndAdministrative": "411563000", "researchAndDevelopment": "0", "operatingExpenses": "428490000", "investmentIncomeNet": "None", "netInterestIncome": "None", "interestIncome": "None", "interestExpense": "10822000", "nonInterestIncome": "None", "otherNonOperatingIncome": "None", "depreciation": "None", "depreciationAndAmortization": "6105000", "incomeBeforeTax": "-69124000", "incomeTaxExpense": "4055000", "interestAndDebtExpense": "None", "netIncomeFromContinuingOperations": "0", "comprehensiveIncomeNetOfTax": "None", "ebit": "-58302000", "ebitda": "-52197000", "netIncome": "-60682000"}, {"fiscalDateEnding": "2009-12-31", "reportedCurrency": "USD", "grossProfit": "-1040401000", "totalRevenue": "454609000", "costOfRevenue": "1495010000", "costofGoodsAndServicesSold": "1495010000", "operatingIncome": "-58759000", "sellingGeneralAndAdministrative": "0", "researchAndDevelopment": "0", "operatingExpenses": "-981642000", "investmentIncomeNet": "None", "netInterestIncome": "None", "interestIncome": "None", "interestExpense": "11875000", "nonInterestIncome": "None", "otherNonOperatingIncome": "None", "depreciation": "None", "depreciationAndAmortization": "6130000", "incomeBeforeTax": "23251000", "incomeTaxExpense": "3581000", "interestAndDebtExpense": "None", "netIncomeFromContinuingOperations": "0", "comprehensiveIncomeNetOfTax": "None", "ebit": "35126000", "ebitda": "41256000", "netIncome": "5049000"}, {"fiscalDateEnding": "2009-09-30", "reportedCurrency": "USD", "grossProfit": "-134618000", "totalRevenue": "213685000", "costOfRevenue": "348303000", "costofGoodsAndServicesSold": "348303000", "operatingIncome": "-178580000", "sellingGeneralAndAdministrative": "377726000", "researchAndDevelopment": "None", "operatingExpenses": "43962000", "investmentIncomeNet": "None", "netInterestIncome": "None", "interestIncome": "None", "interestExpense": "12272000", "nonInterestIncome": "None", "otherNonOperatingIncome": "None", "depreciation": "None", "depreciationAndAmortization": "6071000", "incomeBeforeTax": "176117000", "incomeTaxExpense": "18017000", "interestAndDebtExpense": "None", "netIncomeFromContinuingOperations": "None", "comprehensiveIncomeNetOfTax": "None", "ebit": "188389000", "ebitda": "194460000", "netIncome": "-46671000"}, {"fiscalDateEnding": "2009-06-30", "reportedCurrency": "USD", "grossProfit": "-200937000", "totalRevenue": "141709000", "costOfRevenue": "342646000", "costofGoodsAndServicesSold": "342646000", "operatingIncome": "-236500000", "sellingGeneralAndAdministrative": "22158000", "researchAndDevelopment": "None", "operatingExpenses": "35563000", "investmentIncomeNet": "None", "netInterestIncome": "None", "interestIncome": "None", "interestExpense": "12748000", "nonInterestIncome": "None", "otherNonOperatingIncome": "None", "depreciation": "None", "depreciationAndAmortization": "6109000", "incomeBeforeTax": "122694000", "incomeTaxExpense": "945000", "interestAndDebtExpense": "None", "netIncomeFromContinuingOperations": "None", "comprehensiveIncomeNetOfTax": "None", "ebit": "135442000", "ebitda": "141551000", "netIncome": "-37375000"}, {"fiscalDateEnding": "2008-12-31", "reportedCurrency": "USD", "grossProfit": "-822903000", "totalRevenue": "20697000", "costOfRevenue": "843600000", "costofGoodsAndServicesSold": "843600000", "operatingIncome": "-302970000", "sellingGeneralAndAdministrative": "None", "researchAndDevelopment": "None", "operatingExpenses": "-519933000", "investmentIncomeNet": "None", "netInterestIncome": "None", "interestIncome": "None", "interestExpense": "15360000", "nonInterestIncome": "None", "otherNonOperatingIncome": "None", "depreciation": "None", "depreciationAndAmortization": "5621000", "incomeBeforeTax": "-1100602000", "incomeTaxExpense": "-24990000", "interestAndDebtExpense": "None", "netIncomeFromContinuingOperations": "None", "comprehensiveIncomeNetOfTax": "None", "ebit": "-1085242000", "ebitda": "-1079621000", "netIncome": "-245200000"}, {"fiscalDateEnding": "2008-09-30", "reportedCurrency": "USD", "grossProfit": "-310311000", "totalRevenue": "-310311000", "costOfRevenue": "None", "costofGoodsAndServicesSold": "None", "operatingIncome": "-611657000", "sellingGeneralAndAdministrative": "283266000", "researchAndDevelopment": "None", "operatingExpenses": "301346000", "investmentIncomeNet": "None", "netInterestIncome": "None", "interestIncome": "None", "interestExpense": "15499000", "nonInterestIncome": "None", "otherNonOperatingIncome": "None", "depreciation": "None", "depreciationAndAmortization": "5275000", "incomeBeforeTax": "-1053105000", "incomeTaxExpense": "-4670000", "interestAndDebtExpense": "None", "netIncomeFromContinuingOperations": "None", "comprehensiveIncomeNetOfTax": "None", "ebit": "-1037606000", "ebitda": "-1032331000", "netIncome": "-481797000"}, {"fiscalDateEnding": "2008-03-31", "reportedCurrency": "USD", "grossProfit": "-252638000", "totalRevenue": "15429000", "costOfRevenue": "268067000", "costofGoodsAndServicesSold": "268067000", "operatingIncome": "-325199000", "sellingGeneralAndAdministrative": "36831000", "researchAndDevelopment": "None", "operatingExpenses": "72561000", "investmentIncomeNet": "None", "netInterestIncome": "None", "interestIncome": "None", "interestExpense": "16564000", "nonInterestIncome": "None", "otherNonOperatingIncome": "None", "depreciation": "None", "depreciationAndAmortization": "6336000", "incomeBeforeTax": "-463418000", "incomeTaxExpense": "-2494000", "interestAndDebtExpense": "None", "netIncomeFromContinuingOperations": "None", "comprehensiveIncomeNetOfTax": "None", "ebit": "-446854000", "ebitda": "-440518000", "netIncome": "-96404000"}, {"fiscalDateEnding": "2007-03-31", "reportedCurrency": "USD", "grossProfit": "15439000", "totalRevenue": "124910000", "costOfRevenue": "109471000", "costofGoodsAndServicesSold": "109471000", "operatingIncome": "-13177000", "sellingGeneralAndAdministrative": "24860000", "researchAndDevelopment": "None", "operatingExpenses": "28616000", "investmentIncomeNet": "None", "netInterestIncome": "None", "interestIncome": "None", "interestExpense": "3253000", "nonInterestIncome": "None", "otherNonOperatingIncome": "None", "depreciation": "None", "depreciationAndAmortization": "830000", "incomeBeforeTax": "832418000", "incomeTaxExpense": "1771000", "interestAndDebtExpense": "None", "netIncomeFromContinuingOperations": "None", "comprehensiveIncomeNetOfTax": "None", "ebit": "835671000", "ebitda": "836501000", "netIncome": "144041000"}]}