{"symbol": "RF", "annualReports": [{"fiscalDateEnding": "2025-12-31", "reportedCurrency": "USD", "grossProfit": "7171000000", "totalRevenue": "9608000000", "costOfRevenue": "2437000000", "costofGoodsAndServicesSold": "2437000000", "operatingIncome": "2743000000", "sellingGeneralAndAdministrative": "2829000000", "researchAndDevelopment": "None", "operatingExpenses": "4428000000", "investmentIncomeNet": "None", "netInterestIncome": "None", "interestIncome": "None", "interestExpense": "2082000000", "nonInterestIncome": "None", "otherNonOperatingIncome": "None", "depreciation": "None", "depreciationAndAmortization": "62000000", "incomeBeforeTax": "2743000000", "incomeTaxExpense": "587000000", "interestAndDebtExpense": "None", "netIncomeFromContinuingOperations": "None", "comprehensiveIncomeNetOfTax": "None", "ebit": "2743000000", "ebitda": "2805000000", "netIncome": "2156000000"}, {"fiscalDateEnding": "2024-12-31", "reportedCurrency": "USD", "grossProfit": "6596000000", "totalRevenue": "9373000000", "costOfRevenue": "2777000000", "costofGoodsAndServicesSold": "2777000000", "operatingIncome": "2354000000", "sellingGeneralAndAdministrative": "2529000000", "researchAndDevelopment": "None", "operatingExpenses": "4242000000", "investmentIncomeNet": "None", "netInterestIncome": "4818000000", "interestIncome": "7108000000", "interestExpense": "2290000000", "nonInterestIncome": "None", "otherNonOperatingIncome": "None", "depreciation": "None", "depreciationAndAmortization": "144000000", "incomeBeforeTax": "2354000000", "incomeTaxExpense": "461000000", "interestAndDebtExpense": "None", "netIncomeFromContinuingOperations": "1893000000", "comprehensiveIncomeNetOfTax": "None", "ebit": "2354000000", "ebitda": "2498000000", "netIncome": "1893000000"}, {"fiscalDateEnding": "2023-12-31", "reportedCurrency": "USD", "grossProfit": "7023000000", "totalRevenue": "9153000000", "costOfRevenue": "2130000000", "costofGoodsAndServicesSold": "2130000000", "operatingIncome": "2607000000", "sellingGeneralAndAdministrative": "2416000000", "researchAndDevelopment": "None", "operatingExpenses": "4416000000", "investmentIncomeNet": "None", "netInterestIncome": "5490000000", "interestIncome": "6698000000", "interestExpense": "1577000000", "nonInterestIncome": "None", "otherNonOperatingIncome": "None", "depreciation": "None", "depreciationAndAmortization": "236000000", "incomeBeforeTax": "2607000000", "incomeTaxExpense": "533000000", "interestAndDebtExpense": "None", "netIncomeFromContinuingOperations": "2368000000", "comprehensiveIncomeNetOfTax": "None", "ebit": "2607000000", "ebitda": "2843000000", "netIncome": "2074000000"}, {"fiscalDateEnding": "2022-12-31", "reportedCurrency": "USD", "grossProfit": "6894000000", "totalRevenue": "7481000000", "costOfRevenue": "587000000", "costofGoodsAndServicesSold": "587000000", "operatingIncome": "2876000000", "sellingGeneralAndAdministrative": "2318000000", "researchAndDevelopment": "None", "operatingExpenses": "4018000000", "investmentIncomeNet": "None", "netInterestIncome": "4786000000", "interestIncome": "5102000000", "interestExpense": "316000000", "nonInterestIncome": "None", "otherNonOperatingIncome": "None", "depreciation": "None", "depreciationAndAmortization": "353000000", "incomeBeforeTax": "2876000000", "incomeTaxExpense": "631000000", "interestAndDebtExpense": "None", "netIncomeFromContinuingOperations": "2245000000", "comprehensiveIncomeNetOfTax": "None", "ebit": "2876000000", "ebitda": "3229000000", "netIncome": "2245000000"}, {"fiscalDateEnding": "2021-12-31", "reportedCurrency": "USD", "grossProfit": "6960000000", "totalRevenue": "6603000000", "costOfRevenue": "-357000000", "costofGoodsAndServicesSold": "-357000000", "operatingIncome": "3215000000", "sellingGeneralAndAdministrative": "2244000000", "researchAndDevelopment": "None", "operatingExpenses": "3745000000", "investmentIncomeNet": "None", "netInterestIncome": "3914000000", "interestIncome": "4081000000", "interestExpense": "167000000", "nonInterestIncome": "None", "otherNonOperatingIncome": "None", "depreciation": "None", "depreciationAndAmortization": "371000000", "incomeBeforeTax": "3215000000", "incomeTaxExpense": "694000000", "interestAndDebtExpense": "None", "netIncomeFromContinuingOperations": "2521000000", "comprehensiveIncomeNetOfTax": "None", "ebit": "3215000000", "ebitda": "3586000000", "netIncome": "2521000000"}, {"fiscalDateEnding": "2020-12-31", "reportedCurrency": "USD", "grossProfit": "4945000000", "totalRevenue": "6643000000", "costOfRevenue": "1698000000", "costofGoodsAndServicesSold": "1698000000", "operatingIncome": "1314000000", "sellingGeneralAndAdministrative": "2136000000", "researchAndDevelopment": "None", "operatingExpenses": "3631000000", "investmentIncomeNet": "None", "netInterestIncome": "3894000000", "interestIncome": "4262000000", "interestExpense": "368000000", "nonInterestIncome": "None", "otherNonOperatingIncome": "None", "depreciation": "None", "depreciationAndAmortization": "421000000", "incomeBeforeTax": "1314000000", "incomeTaxExpense": "220000000", "interestAndDebtExpense": "None", "netIncomeFromContinuingOperations": "1094000000", "comprehensiveIncomeNetOfTax": "None", "ebit": "1314000000", "ebitda": "1735000000", "netIncome": "1094000000"}, {"fiscalDateEnding": "2019-12-31", "reportedCurrency": "USD", "grossProfit": "5464000000", "totalRevenue": "6696000000", "costOfRevenue": "1232000000", "costofGoodsAndServicesSold": "1232000000", "operatingIncome": "1985000000", "sellingGeneralAndAdministrative": "1948000000", "researchAndDevelopment": "None", "operatingExpenses": "3479000000", "investmentIncomeNet": "None", "netInterestIncome": "3788000000", "interestIncome": "4639000000", "interestExpense": "851000000", "nonInterestIncome": "None", "otherNonOperatingIncome": "None", "depreciation": "None", "depreciationAndAmortization": "426000000", "incomeBeforeTax": "1985000000", "incomeTaxExpense": "403000000", "interestAndDebtExpense": "None", "netIncomeFromContinuingOperations": "1582000000", "comprehensiveIncomeNetOfTax": "None", "ebit": "1985000000", "ebitda": "2411000000", "netIncome": "1582000000"}, {"fiscalDateEnding": "2018-12-31", "reportedCurrency": "USD", "grossProfit": "5532000000", "totalRevenue": "6361000000", "costOfRevenue": "829000000", "costofGoodsAndServicesSold": "829000000", "operatingIncome": "1955000000", "sellingGeneralAndAdministrative": "2037000000", "researchAndDevelopment": "0", "operatingExpenses": "3577000000", "investmentIncomeNet": "None", "netInterestIncome": "3791000000", "interestIncome": "4393000000", "interestExpense": "602000000", "nonInterestIncome": "None", "otherNonOperatingIncome": "None", "depreciation": "None", "depreciationAndAmortization": "462000000", "incomeBeforeTax": "1955000000", "incomeTaxExpense": "387000000", "interestAndDebtExpense": "None", "netIncomeFromContinuingOperations": "1568000000", "comprehensiveIncomeNetOfTax": "None", "ebit": "1955000000", "ebitda": "2417000000", "netIncome": "1759000000"}, {"fiscalDateEnding": "2017-12-31", "reportedCurrency": "USD", "grossProfit": "5426000000", "totalRevenue": "5933000000", "costOfRevenue": "507000000", "costofGoodsAndServicesSold": "507000000", "operatingIncome": "1860000000", "sellingGeneralAndAdministrative": "1966000000", "researchAndDevelopment": "0", "operatingExpenses": "3566000000", "investmentIncomeNet": "None", "netInterestIncome": "3615000000", "interestIncome": "3988000000", "interestExpense": "373000000", "nonInterestIncome": "None", "otherNonOperatingIncome": "None", "depreciation": "None", "depreciationAndAmortization": "537000000", "incomeBeforeTax": "1860000000", "incomeTaxExpense": "619000000", "interestAndDebtExpense": "None", "netIncomeFromContinuingOperations": "1257000000", "comprehensiveIncomeNetOfTax": "None", "ebit": "1860000000", "ebitda": "2397000000", "netIncome": "1263000000"}, {"fiscalDateEnding": "2016-12-31", "reportedCurrency": "USD", "grossProfit": "5230000000", "totalRevenue": "5822000000", "costOfRevenue": "592000000", "costofGoodsAndServicesSold": "592000000", "operatingIncome": "1664000000", "sellingGeneralAndAdministrative": "1938000000", "researchAndDevelopment": "0", "operatingExpenses": "3566000000", "investmentIncomeNet": "None", "netInterestIncome": "3501000000", "interestIncome": "3814000000", "interestExpense": "313000000", "nonInterestIncome": "None", "otherNonOperatingIncome": "None", "depreciation": "None", "depreciationAndAmortization": "574000000", "incomeBeforeTax": "1664000000", "incomeTaxExpense": "510000000", "interestAndDebtExpense": "None", "netIncomeFromContinuingOperations": "1158000000", "comprehensiveIncomeNetOfTax": "None", "ebit": "1664000000", "ebitda": "2238000000", "netIncome": "1163000000"}, {"fiscalDateEnding": "2015-12-31", "reportedCurrency": "USD", "grossProfit": "5178000000", "totalRevenue": "5674000000", "costOfRevenue": "496000000", "costofGoodsAndServicesSold": "496000000", "operatingIncome": "1530000000", "sellingGeneralAndAdministrative": "1988000000", "researchAndDevelopment": "0", "operatingExpenses": "3648000000", "investmentIncomeNet": "None", "netInterestIncome": "3335000000", "interestIncome": "3603000000", "interestExpense": "268000000", "nonInterestIncome": "None", "otherNonOperatingIncome": "None", "depreciation": "None", "depreciationAndAmortization": "523000000", "incomeBeforeTax": "1530000000", "incomeTaxExpense": "455000000", "interestAndDebtExpense": "None", "netIncomeFromContinuingOperations": "1075000000", "comprehensiveIncomeNetOfTax": "None", "ebit": "1530000000", "ebitda": "2053000000", "netIncome": "1062000000"}, {"fiscalDateEnding": "2014-12-31", "reportedCurrency": "USD", "grossProfit": "5162000000", "totalRevenue": "5527000000", "costOfRevenue": "365000000", "costofGoodsAndServicesSold": "365000000", "operatingIncome": "1682000000", "sellingGeneralAndAdministrative": "1885000000", "researchAndDevelopment": "0", "operatingExpenses": "3480000000", "investmentIncomeNet": "None", "netInterestIncome": "None", "interestIncome": "None", "interestExpense": "309000000", "nonInterestIncome": "None", "otherNonOperatingIncome": "None", "depreciation": "None", "depreciationAndAmortization": "523000000", "incomeBeforeTax": "1682000000", "incomeTaxExpense": "548000000", "interestAndDebtExpense": "None", "netIncomeFromContinuingOperations": "1142000000", "comprehensiveIncomeNetOfTax": "None", "ebit": "1682000000", "ebitda": "2205000000", "netIncome": "1147000000"}, {"fiscalDateEnding": "2013-12-31", "reportedCurrency": "USD", "grossProfit": "5226000000", "totalRevenue": "5743000000", "costOfRevenue": "517000000", "costofGoodsAndServicesSold": "517000000", "operatingIncome": "1665000000", "sellingGeneralAndAdministrative": "1943000000", "researchAndDevelopment": "0", "operatingExpenses": "3561000000", "investmentIncomeNet": "None", "netInterestIncome": "None", "interestIncome": "None", "interestExpense": "384000000", "nonInterestIncome": "None", "otherNonOperatingIncome": "None", "depreciation": "None", "depreciationAndAmortization": "645000000", "incomeBeforeTax": "1665000000", "incomeTaxExpense": "561000000", "interestAndDebtExpense": "None", "netIncomeFromContinuingOperations": "1135000000", "comprehensiveIncomeNetOfTax": "None", "ebit": "1665000000", "ebitda": "2310000000", "netIncome": "1091000000"}, {"fiscalDateEnding": "2012-12-31", "reportedCurrency": "USD", "grossProfit": "5039000000", "totalRevenue": "5860000000", "costOfRevenue": "821000000", "costofGoodsAndServicesSold": "821000000", "operatingIncome": "1661000000", "sellingGeneralAndAdministrative": "1763000000", "researchAndDevelopment": "0", "operatingExpenses": "3378000000", "investmentIncomeNet": "None", "netInterestIncome": "None", "interestIncome": "None", "interestExpense": "603000000", "nonInterestIncome": "None", "otherNonOperatingIncome": "None", "depreciation": "None", "depreciationAndAmortization": "717000000", "incomeBeforeTax": "1661000000", "incomeTaxExpense": "482000000", "interestAndDebtExpense": "None", "netIncomeFromContinuingOperations": "1179000000", "comprehensiveIncomeNetOfTax": "None", "ebit": "1661000000", "ebitda": "2378000000", "netIncome": "1120000000"}, {"fiscalDateEnding": "2011-12-31", "reportedCurrency": "USD", "grossProfit": "3805000000", "totalRevenue": "6177000000", "costOfRevenue": "2372000000", "costofGoodsAndServicesSold": "2372000000", "operatingIncome": "161000000", "sellingGeneralAndAdministrative": "1604000000", "researchAndDevelopment": "0", "operatingExpenses": "3644000000", "investmentIncomeNet": "None", "netInterestIncome": "None", "interestIncome": "None", "interestExpense": "842000000", "nonInterestIncome": "None", "otherNonOperatingIncome": "None", "depreciation": "None", "depreciationAndAmortization": "683000000", "incomeBeforeTax": "161000000", "incomeTaxExpense": "-28000000", "interestAndDebtExpense": "None", "netIncomeFromContinuingOperations": "None", "comprehensiveIncomeNetOfTax": "None", "ebit": "161000000", "ebitda": "844000000", "netIncome": "-215000000"}, {"fiscalDateEnding": "2010-12-31", "reportedCurrency": "USD", "grossProfit": "2763000000", "totalRevenue": "6874000000", "costOfRevenue": "4111000000", "costofGoodsAndServicesSold": "4111000000", "operatingIncome": "-844000000", "sellingGeneralAndAdministrative": "1640000000", "researchAndDevelopment": "None", "operatingExpenses": "3607000000", "investmentIncomeNet": "None", "netInterestIncome": "None", "interestIncome": "None", "interestExpense": "1248000000", "nonInterestIncome": "None", "otherNonOperatingIncome": "None", "depreciation": "None", "depreciationAndAmortization": "732000000", "incomeBeforeTax": "-844000000", "incomeTaxExpense": "-376000000", "interestAndDebtExpense": "None", "netIncomeFromContinuingOperations": "-539000000", "comprehensiveIncomeNetOfTax": "None", "ebit": "-844000000", "ebitda": "-112000000", "netIncome": "-539000000"}, {"fiscalDateEnding": "2009-12-31", "reportedCurrency": "USD", "grossProfit": "2442000000", "totalRevenue": "7967000000", "costOfRevenue": "5525000000", "costofGoodsAndServicesSold": "5525000000", "operatingIncome": "-1268000000", "sellingGeneralAndAdministrative": "1862000000", "researchAndDevelopment": "0", "operatingExpenses": "3710000000", "investmentIncomeNet": "None", "netInterestIncome": "None", "interestIncome": "None", "interestExpense": "1984000000", "nonInterestIncome": "None", "otherNonOperatingIncome": "None", "depreciation": "None", "depreciationAndAmortization": "284000000", "incomeBeforeTax": "-1268000000", "incomeTaxExpense": "-194000000", "interestAndDebtExpense": "None", "netIncomeFromContinuingOperations": "None", "comprehensiveIncomeNetOfTax": "None", "ebit": "-1268000000", "ebitda": "-984000000", "netIncome": "-1031000000"}, {"fiscalDateEnding": "2008-12-31", "reportedCurrency": "USD", "grossProfit": "4836000000", "totalRevenue": "9613000000", "costOfRevenue": "4777000000", "costofGoodsAndServicesSold": "4777000000", "operatingIncome": "-5933000000", "sellingGeneralAndAdministrative": "2371000000", "researchAndDevelopment": "None", "operatingExpenses": "10769000000", "investmentIncomeNet": "None", "netInterestIncome": "None", "interestIncome": "None", "interestExpense": "2720000000", "nonInterestIncome": "None", "otherNonOperatingIncome": "None", "depreciation": "None", "depreciationAndAmortization": "371000000", "incomeBeforeTax": "-5933000000", "incomeTaxExpense": "-348000000", "interestAndDebtExpense": "None", "netIncomeFromContinuingOperations": "None", "comprehensiveIncomeNetOfTax": "None", "ebit": "-5933000000", "ebitda": "-5562000000", "netIncome": "-5596000000"}, {"fiscalDateEnding": "2007-12-31", "reportedCurrency": "USD", "grossProfit": "6692000000", "totalRevenue": "10923000000", "costOfRevenue": "4231000000", "costofGoodsAndServicesSold": "4231000000", "operatingIncome": "2039000000", "sellingGeneralAndAdministrative": "2483000000", "researchAndDevelopment": "None", "operatingExpenses": "4653000000", "investmentIncomeNet": "None", "netInterestIncome": "None", "interestIncome": "None", "interestExpense": "3676000000", "nonInterestIncome": "None", "otherNonOperatingIncome": "None", "depreciation": "None", "depreciationAndAmortization": "270000000", "incomeBeforeTax": "2039000000", "incomeTaxExpense": "646000000", "interestAndDebtExpense": "None", "netIncomeFromContinuingOperations": "None", "comprehensiveIncomeNetOfTax": "None", "ebit": "2039000000", "ebitda": "2309000000", "netIncome": "1251000000"}, {"fiscalDateEnding": "2006-12-31", "reportedCurrency": "USD", "grossProfit": "5195649000", "totalRevenue": "7678838000", "costOfRevenue": "2483189000", "costofGoodsAndServicesSold": "2483189000", "operatingIncome": "1991621000", "sellingGeneralAndAdministrative": "1859851000", "researchAndDevelopment": "None", "operatingExpenses": "3204028000", "investmentIncomeNet": "None", "netInterestIncome": "None", "interestIncome": "None", "interestExpense": "2340816000", "nonInterestIncome": "None", "otherNonOperatingIncome": "None", "depreciation": "None", "depreciationAndAmortization": "160038000", "incomeBeforeTax": "1991621000", "incomeTaxExpense": "619100000", "interestAndDebtExpense": "None", "netIncomeFromContinuingOperations": "None", "comprehensiveIncomeNetOfTax": "None", "ebit": "1991621000", "ebitda": "2151659000", "netIncome": "1353145000"}], "quarterlyReports": [{"fiscalDateEnding": "2025-12-31", "reportedCurrency": "USD", "grossProfit": "1921000000", "totalRevenue": "2408000000", "costOfRevenue": "487000000", "costofGoodsAndServicesSold": "487000000", "operatingIncome": "708000000", "sellingGeneralAndAdministrative": "820000000", "researchAndDevelopment": "None", "operatingExpenses": "1213000000", "investmentIncomeNet": "None", "netInterestIncome": "None", "interestIncome": "None", "interestExpense": "487000000", "nonInterestIncome": "None", "otherNonOperatingIncome": "None", "depreciation": "None", "depreciationAndAmortization": "None", "incomeBeforeTax": "708000000", "incomeTaxExpense": "174000000", "interestAndDebtExpense": "None", "netIncomeFromContinuingOperations": "None", "comprehensiveIncomeNetOfTax": "None", "ebit": "None", "ebitda": "708000000", "netIncome": "534000000"}, {"fiscalDateEnding": "2025-09-30", "reportedCurrency": "USD", "grossProfit": "1811000000", "totalRevenue": "2455000000", "costOfRevenue": "644000000", "costofGoodsAndServicesSold": "644000000", "operatingIncome": "708000000", "sellingGeneralAndAdministrative": "686000000", "researchAndDevelopment": "None", "operatingExpenses": "1103000000", "investmentIncomeNet": "None", "netInterestIncome": "1257000000", "interestIncome": "1796000000", "interestExpense": "539000000", "nonInterestIncome": "None", "otherNonOperatingIncome": "None", "depreciation": "None", "depreciationAndAmortization": "21000000", "incomeBeforeTax": "708000000", "incomeTaxExpense": "139000000", "interestAndDebtExpense": "None", "netIncomeFromContinuingOperations": "569000000", "comprehensiveIncomeNetOfTax": "None", "ebit": "708000000", "ebitda": "729000000", "netIncome": "569000000"}, {"fiscalDateEnding": "2025-06-30", "reportedCurrency": "USD", "grossProfit": "1779000000", "totalRevenue": "2430000000", "costOfRevenue": "651000000", "costofGoodsAndServicesSold": "651000000", "operatingIncome": "706000000", "sellingGeneralAndAdministrative": "678000000", "researchAndDevelopment": "None", "operatingExpenses": "1073000000", "investmentIncomeNet": "None", "netInterestIncome": "1259000000", "interestIncome": "1784000000", "interestExpense": "525000000", "nonInterestIncome": "None", "otherNonOperatingIncome": "None", "depreciation": "None", "depreciationAndAmortization": "19000000", "incomeBeforeTax": "706000000", "incomeTaxExpense": "143000000", "interestAndDebtExpense": "None", "netIncomeFromContinuingOperations": "563000000", "comprehensiveIncomeNetOfTax": "None", "ebit": "706000000", "ebitda": "725000000", "netIncome": "563000000"}, {"fiscalDateEnding": "2025-03-31", "reportedCurrency": "USD", "grossProfit": "1660000000", "totalRevenue": "2315000000", "costOfRevenue": "655000000", "costofGoodsAndServicesSold": "655000000", "operatingIncome": "621000000", "sellingGeneralAndAdministrative": "645000000", "researchAndDevelopment": "None", "operatingExpenses": "1039000000", "investmentIncomeNet": "None", "netInterestIncome": "1194000000", "interestIncome": "1725000000", "interestExpense": "531000000", "nonInterestIncome": "None", "otherNonOperatingIncome": "None", "depreciation": "None", "depreciationAndAmortization": "22000000", "incomeBeforeTax": "621000000", "incomeTaxExpense": "131000000", "interestAndDebtExpense": "None", "netIncomeFromContinuingOperations": "490000000", "comprehensiveIncomeNetOfTax": "None", "ebit": "621000000", "ebitda": "643000000", "netIncome": "490000000"}, {"fiscalDateEnding": "2024-12-31", "reportedCurrency": "USD", "grossProfit": "1695000000", "totalRevenue": "2387000000", "costOfRevenue": "692000000", "costofGoodsAndServicesSold": "692000000", "operatingIncome": "657000000", "sellingGeneralAndAdministrative": "528000000", "researchAndDevelopment": "None", "operatingExpenses": "1038000000", "investmentIncomeNet": "None", "netInterestIncome": "1230000000", "interestIncome": "1802000000", "interestExpense": "572000000", "nonInterestIncome": "None", "otherNonOperatingIncome": "None", "depreciation": "None", "depreciationAndAmortization": "21000000", "incomeBeforeTax": "657000000", "incomeTaxExpense": "123000000", "interestAndDebtExpense": "None", "netIncomeFromContinuingOperations": "534000000", "comprehensiveIncomeNetOfTax": "None", "ebit": "657000000", "ebitda": "678000000", "netIncome": "534000000"}, {"fiscalDateEnding": "2024-09-30", "reportedCurrency": "USD", "grossProfit": "1677000000", "totalRevenue": "2392000000", "costOfRevenue": "715000000", "costofGoodsAndServicesSold": "715000000", "operatingIncome": "608000000", "sellingGeneralAndAdministrative": "662000000", "researchAndDevelopment": "None", "operatingExpenses": "1069000000", "investmentIncomeNet": "None", "netInterestIncome": "1218000000", "interestIncome": "1820000000", "interestExpense": "602000000", "nonInterestIncome": "None", "otherNonOperatingIncome": "None", "depreciation": "None", "depreciationAndAmortization": "34000000", "incomeBeforeTax": "608000000", "incomeTaxExpense": "118000000", "interestAndDebtExpense": "None", "netIncomeFromContinuingOperations": "490000000", "comprehensiveIncomeNetOfTax": "None", "ebit": "608000000", "ebitda": "642000000", "netIncome": "490000000"}, {"fiscalDateEnding": "2024-06-30", "reportedCurrency": "USD", "grossProfit": "1629000000", "totalRevenue": "2307000000", "costOfRevenue": "678000000", "costofGoodsAndServicesSold": "678000000", "operatingIncome": "625000000", "sellingGeneralAndAdministrative": "638000000", "researchAndDevelopment": "None", "operatingExpenses": "1004000000", "investmentIncomeNet": "None", "netInterestIncome": "1186000000", "interestIncome": "1762000000", "interestExpense": "576000000", "nonInterestIncome": "None", "otherNonOperatingIncome": "None", "depreciation": "None", "depreciationAndAmortization": "41000000", "incomeBeforeTax": "625000000", "incomeTaxExpense": "124000000", "interestAndDebtExpense": "None", "netIncomeFromContinuingOperations": "501000000", "comprehensiveIncomeNetOfTax": "None", "ebit": "625000000", "ebitda": "666000000", "netIncome": "501000000"}, {"fiscalDateEnding": "2024-03-31", "reportedCurrency": "USD", "grossProfit": "1595000000", "totalRevenue": "2287000000", "costOfRevenue": "692000000", "costofGoodsAndServicesSold": "692000000", "operatingIncome": "464000000", "sellingGeneralAndAdministrative": "701000000", "researchAndDevelopment": "None", "operatingExpenses": "1131000000", "investmentIncomeNet": "None", "netInterestIncome": "1184000000", "interestIncome": "1724000000", "interestExpense": "540000000", "nonInterestIncome": "None", "otherNonOperatingIncome": "None", "depreciation": "None", "depreciationAndAmortization": "48000000", "incomeBeforeTax": "464000000", "incomeTaxExpense": "96000000", "interestAndDebtExpense": "None", "netIncomeFromContinuingOperations": "368000000", "comprehensiveIncomeNetOfTax": "None", "ebit": "464000000", "ebitda": "512000000", "netIncome": "368000000"}, {"fiscalDateEnding": "2023-12-31", "reportedCurrency": "USD", "grossProfit": "1654000000", "totalRevenue": "2329000000", "costOfRevenue": "675000000", "costofGoodsAndServicesSold": "675000000", "operatingIncome": "471000000", "sellingGeneralAndAdministrative": "608000000", "researchAndDevelopment": "None", "operatingExpenses": "1183000000", "investmentIncomeNet": "None", "netInterestIncome": "1231000000", "interestIncome": "1751000000", "interestExpense": "520000000", "nonInterestIncome": "None", "otherNonOperatingIncome": "None", "depreciation": "None", "depreciationAndAmortization": "53000000", "incomeBeforeTax": "471000000", "incomeTaxExpense": "80000000", "interestAndDebtExpense": "None", "netIncomeFromContinuingOperations": "391000000", "comprehensiveIncomeNetOfTax": "None", "ebit": "471000000", "ebitda": "524000000", "netIncome": "391000000"}, {"fiscalDateEnding": "2023-09-30", "reportedCurrency": "USD", "grossProfit": "1712000000", "totalRevenue": "2332000000", "costOfRevenue": "620000000", "costofGoodsAndServicesSold": "620000000", "operatingIncome": "619000000", "sellingGeneralAndAdministrative": "616000000", "researchAndDevelopment": "None", "operatingExpenses": "1093000000", "investmentIncomeNet": "None", "netInterestIncome": "1291000000", "interestIncome": "1766000000", "interestExpense": "475000000", "nonInterestIncome": "None", "otherNonOperatingIncome": "None", "depreciation": "None", "depreciationAndAmortization": "59000000", "incomeBeforeTax": "619000000", "incomeTaxExpense": "129000000", "interestAndDebtExpense": "None", "netIncomeFromContinuingOperations": "490000000", "comprehensiveIncomeNetOfTax": "None", "ebit": "619000000", "ebitda": "678000000", "netIncome": "490000000"}, {"fiscalDateEnding": "2023-06-30", "reportedCurrency": "USD", "grossProfit": "1839000000", "totalRevenue": "2315000000", "costOfRevenue": "476000000", "costofGoodsAndServicesSold": "476000000", "operatingIncome": "728000000", "sellingGeneralAndAdministrative": "632000000", "researchAndDevelopment": "None", "operatingExpenses": "1111000000", "investmentIncomeNet": "None", "netInterestIncome": "1381000000", "interestIncome": "1739000000", "interestExpense": "358000000", "nonInterestIncome": "None", "otherNonOperatingIncome": "None", "depreciation": "None", "depreciationAndAmortization": "61000000", "incomeBeforeTax": "728000000", "incomeTaxExpense": "147000000", "interestAndDebtExpense": "None", "netIncomeFromContinuingOperations": "581000000", "comprehensiveIncomeNetOfTax": "None", "ebit": "728000000", "ebitda": "789000000", "netIncome": "581000000"}, {"fiscalDateEnding": "2023-03-31", "reportedCurrency": "USD", "grossProfit": "1816000000", "totalRevenue": "2175000000", "costOfRevenue": "359000000", "costofGoodsAndServicesSold": "359000000", "operatingIncome": "789000000", "sellingGeneralAndAdministrative": "641000000", "researchAndDevelopment": "None", "operatingExpenses": "1027000000", "investmentIncomeNet": "None", "netInterestIncome": "1417000000", "interestIncome": "1641000000", "interestExpense": "224000000", "nonInterestIncome": "None", "otherNonOperatingIncome": "None", "depreciation": "None", "depreciationAndAmortization": "63000000", "incomeBeforeTax": "789000000", "incomeTaxExpense": "177000000", "interestAndDebtExpense": "None", "netIncomeFromContinuingOperations": "612000000", "comprehensiveIncomeNetOfTax": "None", "ebit": "789000000", "ebitda": "852000000", "netIncome": "612000000"}, {"fiscalDateEnding": "2022-12-31", "reportedCurrency": "USD", "grossProfit": "14000000", "totalRevenue": "1951000000", "costOfRevenue": "263000000", "costofGoodsAndServicesSold": "263000000", "operatingIncome": "1023000000", "sellingGeneralAndAdministrative": "622000000", "researchAndDevelopment": "None", "operatingExpenses": "-1832000000", "investmentIncomeNet": "None", "netInterestIncome": "1401000000", "interestIncome": "1552000000", "interestExpense": "151000000", "nonInterestIncome": "None", "otherNonOperatingIncome": "None", "depreciation": "None", "depreciationAndAmortization": "69000000", "incomeBeforeTax": "872000000", "incomeTaxExpense": "187000000", "interestAndDebtExpense": "None", "netIncomeFromContinuingOperations": "685000000", "comprehensiveIncomeNetOfTax": "None", "ebit": "1023000000", "ebitda": "1092000000", "netIncome": "685000000"}, {"fiscalDateEnding": "2022-09-30", "reportedCurrency": "USD", "grossProfit": "523000000", "totalRevenue": "1866000000", "costOfRevenue": "216000000", "costofGoodsAndServicesSold": "216000000", "operatingIncome": "618000000", "sellingGeneralAndAdministrative": "609000000", "researchAndDevelopment": "None", "operatingExpenses": "1170000000", "investmentIncomeNet": "None", "netInterestIncome": "1262000000", "interestIncome": "1343000000", "interestExpense": "81000000", "nonInterestIncome": "None", "otherNonOperatingIncome": "None", "depreciation": "None", "depreciationAndAmortization": "83000000", "incomeBeforeTax": "562000000", "incomeTaxExpense": "133000000", "interestAndDebtExpense": "None", "netIncomeFromContinuingOperations": "429000000", "comprehensiveIncomeNetOfTax": "None", "ebit": "618000000", "ebitda": "701000000", "netIncome": "429000000"}, {"fiscalDateEnding": "2022-06-30", "reportedCurrency": "USD", "grossProfit": "13000000", "totalRevenue": "1748000000", "costOfRevenue": "107000000", "costofGoodsAndServicesSold": "107000000", "operatingIncome": "787000000", "sellingGeneralAndAdministrative": "588000000", "researchAndDevelopment": "None", "operatingExpenses": "948000000", "investmentIncomeNet": "None", "netInterestIncome": "1108000000", "interestIncome": "1155000000", "interestExpense": "47000000", "nonInterestIncome": "None", "otherNonOperatingIncome": "None", "depreciation": "None", "depreciationAndAmortization": "96000000", "incomeBeforeTax": "740000000", "incomeTaxExpense": "157000000", "interestAndDebtExpense": "None", "netIncomeFromContinuingOperations": "583000000", "comprehensiveIncomeNetOfTax": "None", "ebit": "787000000", "ebitda": "883000000", "netIncome": "583000000"}, {"fiscalDateEnding": "2022-03-31", "reportedCurrency": "USD", "grossProfit": "547000000", "totalRevenue": "1599000000", "costOfRevenue": "1000000", "costofGoodsAndServicesSold": "1000000", "operatingIncome": "715000000", "sellingGeneralAndAdministrative": "560000000", "researchAndDevelopment": "None", "operatingExpenses": "933000000", "investmentIncomeNet": "None", "netInterestIncome": "1015000000", "interestIncome": "1052000000", "interestExpense": "37000000", "nonInterestIncome": "None", "otherNonOperatingIncome": "None", "depreciation": "None", "depreciationAndAmortization": "105000000", "incomeBeforeTax": "702000000", "incomeTaxExpense": "154000000", "interestAndDebtExpense": "None", "netIncomeFromContinuingOperations": "548000000", "comprehensiveIncomeNetOfTax": "None", "ebit": "715000000", "ebitda": "820000000", "netIncome": "548000000"}, {"fiscalDateEnding": "2021-12-31", "reportedCurrency": "USD", "grossProfit": "1524000000", "totalRevenue": "1671000000", "costOfRevenue": "147000000", "costofGoodsAndServicesSold": "147000000", "operatingIncome": "541000000", "sellingGeneralAndAdministrative": "588000000", "researchAndDevelopment": "None", "operatingExpenses": "983000000", "investmentIncomeNet": "None", "netInterestIncome": "1019000000", "interestIncome": "1056000000", "interestExpense": "37000000", "nonInterestIncome": "None", "otherNonOperatingIncome": "None", "depreciation": "None", "depreciationAndAmortization": "78000000", "incomeBeforeTax": "541000000", "incomeTaxExpense": "103000000", "interestAndDebtExpense": "None", "netIncomeFromContinuingOperations": "438000000", "comprehensiveIncomeNetOfTax": "None", "ebit": "541000000", "ebitda": "619000000", "netIncome": "438000000"}, {"fiscalDateEnding": "2021-09-30", "reportedCurrency": "USD", "grossProfit": "1770000000", "totalRevenue": "1656000000", "costOfRevenue": "-114000000", "costofGoodsAndServicesSold": "-114000000", "operatingIncome": "831000000", "sellingGeneralAndAdministrative": "563000000", "researchAndDevelopment": "None", "operatingExpenses": "939000000", "investmentIncomeNet": "None", "netInterestIncome": "965000000", "interestIncome": "1006000000", "interestExpense": "41000000", "nonInterestIncome": "None", "otherNonOperatingIncome": "None", "depreciation": "None", "depreciationAndAmortization": "98000000", "incomeBeforeTax": "831000000", "incomeTaxExpense": "180000000", "interestAndDebtExpense": "None", "netIncomeFromContinuingOperations": "651000000", "comprehensiveIncomeNetOfTax": "None", "ebit": "831000000", "ebitda": "929000000", "netIncome": "651000000"}, {"fiscalDateEnding": "2021-06-30", "reportedCurrency": "USD", "grossProfit": "1919000000", "totalRevenue": "1625000000", "costOfRevenue": "-294000000", "costofGoodsAndServicesSold": "-294000000", "operatingIncome": "1021000000", "sellingGeneralAndAdministrative": "503000000", "researchAndDevelopment": "None", "operatingExpenses": "898000000", "investmentIncomeNet": "None", "netInterestIncome": "963000000", "interestIncome": "1006000000", "interestExpense": "43000000", "nonInterestIncome": "None", "otherNonOperatingIncome": "None", "depreciation": "None", "depreciationAndAmortization": "94000000", "incomeBeforeTax": "1021000000", "incomeTaxExpense": "231000000", "interestAndDebtExpense": "None", "netIncomeFromContinuingOperations": "790000000", "comprehensiveIncomeNetOfTax": "None", "ebit": "1021000000", "ebitda": "1115000000", "netIncome": "790000000"}, {"fiscalDateEnding": "2021-03-31", "reportedCurrency": "USD", "grossProfit": "1751000000", "totalRevenue": "1655000000", "costOfRevenue": "-96000000", "costofGoodsAndServicesSold": "-96000000", "operatingIncome": "822000000", "sellingGeneralAndAdministrative": "556000000", "researchAndDevelopment": "None", "operatingExpenses": "929000000", "investmentIncomeNet": "None", "netInterestIncome": "967000000", "interestIncome": "1013000000", "interestExpense": "46000000", "nonInterestIncome": "None", "otherNonOperatingIncome": "None", "depreciation": "None", "depreciationAndAmortization": "101000000", "incomeBeforeTax": "822000000", "incomeTaxExpense": "180000000", "interestAndDebtExpense": "None", "netIncomeFromContinuingOperations": "642000000", "comprehensiveIncomeNetOfTax": "None", "ebit": "822000000", "ebitda": "923000000", "netIncome": "642000000"}, {"fiscalDateEnding": "2020-12-31", "reportedCurrency": "USD", "grossProfit": "1717000000", "totalRevenue": "1734000000", "costOfRevenue": "17000000", "costofGoodsAndServicesSold": "17000000", "operatingIncome": "737000000", "sellingGeneralAndAdministrative": "586000000", "researchAndDevelopment": "None", "operatingExpenses": "980000000", "investmentIncomeNet": "None", "netInterestIncome": "1006000000", "interestIncome": "1061000000", "interestExpense": "55000000", "nonInterestIncome": "None", "otherNonOperatingIncome": "None", "depreciation": "None", "depreciationAndAmortization": "61000000", "incomeBeforeTax": "737000000", "incomeTaxExpense": "121000000", "interestAndDebtExpense": "None", "netIncomeFromContinuingOperations": "616000000", "comprehensiveIncomeNetOfTax": "None", "ebit": "737000000", "ebitda": "798000000", "netIncome": "616000000"}, {"fiscalDateEnding": "2020-09-30", "reportedCurrency": "USD", "grossProfit": "1516000000", "totalRevenue": "1700000000", "costOfRevenue": "184000000", "costofGoodsAndServicesSold": "184000000", "operatingIncome": "634000000", "sellingGeneralAndAdministrative": "521000000", "researchAndDevelopment": "None", "operatingExpenses": "882000000", "investmentIncomeNet": "None", "netInterestIncome": "988000000", "interestIncome": "1059000000", "interestExpense": "71000000", "nonInterestIncome": "None", "otherNonOperatingIncome": "None", "depreciation": "None", "depreciationAndAmortization": "132000000", "incomeBeforeTax": "634000000", "incomeTaxExpense": "104000000", "interestAndDebtExpense": "None", "netIncomeFromContinuingOperations": "530000000", "comprehensiveIncomeNetOfTax": "None", "ebit": "634000000", "ebitda": "766000000", "netIncome": "530000000"}, {"fiscalDateEnding": "2020-06-30", "reportedCurrency": "USD", "grossProfit": "647000000", "totalRevenue": "1620000000", "costOfRevenue": "973000000", "costofGoodsAndServicesSold": "973000000", "operatingIncome": "-261000000", "sellingGeneralAndAdministrative": "526000000", "researchAndDevelopment": "None", "operatingExpenses": "908000000", "investmentIncomeNet": "None", "netInterestIncome": "972000000", "interestIncome": "1063000000", "interestExpense": "91000000", "nonInterestIncome": "None", "otherNonOperatingIncome": "None", "depreciation": "None", "depreciationAndAmortization": "128000000", "incomeBeforeTax": "-261000000", "incomeTaxExpense": "-47000000", "interestAndDebtExpense": "None", "netIncomeFromContinuingOperations": "-214000000", "comprehensiveIncomeNetOfTax": "None", "ebit": "-261000000", "ebitda": "-133000000", "netIncome": "-214000000"}, {"fiscalDateEnding": "2020-03-31", "reportedCurrency": "USD", "grossProfit": "1065000000", "totalRevenue": "1589000000", "costOfRevenue": "524000000", "costofGoodsAndServicesSold": "524000000", "operatingIncome": "204000000", "sellingGeneralAndAdministrative": "503000000", "researchAndDevelopment": "None", "operatingExpenses": "861000000", "investmentIncomeNet": "None", "netInterestIncome": "928000000", "interestIncome": "1079000000", "interestExpense": "151000000", "nonInterestIncome": "None", "otherNonOperatingIncome": "None", "depreciation": "None", "depreciationAndAmortization": "100000000", "incomeBeforeTax": "204000000", "incomeTaxExpense": "42000000", "interestAndDebtExpense": "None", "netIncomeFromContinuingOperations": "162000000", "comprehensiveIncomeNetOfTax": "None", "ebit": "204000000", "ebitda": "304000000", "netIncome": "162000000"}, {"fiscalDateEnding": "2019-12-31", "reportedCurrency": "USD", "grossProfit": "1390000000", "totalRevenue": "1663000000", "costOfRevenue": "273000000", "costofGoodsAndServicesSold": "273000000", "operatingIncome": "487000000", "sellingGeneralAndAdministrative": "492000000", "researchAndDevelopment": "None", "operatingExpenses": "903000000", "investmentIncomeNet": "None", "netInterestIncome": "928000000", "interestIncome": "1108000000", "interestExpense": "180000000", "nonInterestIncome": "None", "otherNonOperatingIncome": "None", "depreciation": "None", "depreciationAndAmortization": "105000000", "incomeBeforeTax": "487000000", "incomeTaxExpense": "98000000", "interestAndDebtExpense": "None", "netIncomeFromContinuingOperations": "389000000", "comprehensiveIncomeNetOfTax": "None", "ebit": "487000000", "ebitda": "592000000", "netIncome": "389000000"}, {"fiscalDateEnding": "2019-09-30", "reportedCurrency": "USD", "grossProfit": "1382000000", "totalRevenue": "1701000000", "costOfRevenue": "319000000", "costofGoodsAndServicesSold": "319000000", "operatingIncome": "516000000", "sellingGeneralAndAdministrative": "486000000", "researchAndDevelopment": "None", "operatingExpenses": "866000000", "investmentIncomeNet": "None", "netInterestIncome": "947000000", "interestIncome": "1160000000", "interestExpense": "213000000", "nonInterestIncome": "None", "otherNonOperatingIncome": "None", "depreciation": "None", "depreciationAndAmortization": "109000000", "incomeBeforeTax": "516000000", "incomeTaxExpense": "107000000", "interestAndDebtExpense": "None", "netIncomeFromContinuingOperations": "409000000", "comprehensiveIncomeNetOfTax": "None", "ebit": "516000000", "ebitda": "625000000", "netIncome": "409000000"}, {"fiscalDateEnding": "2019-06-30", "reportedCurrency": "USD", "grossProfit": "1346000000", "totalRevenue": "1673000000", "costOfRevenue": "327000000", "costofGoodsAndServicesSold": "327000000", "operatingIncome": "483000000", "sellingGeneralAndAdministrative": "483000000", "researchAndDevelopment": "None", "operatingExpenses": "863000000", "investmentIncomeNet": "None", "netInterestIncome": "953000000", "interestIncome": "1188000000", "interestExpense": "235000000", "nonInterestIncome": "None", "otherNonOperatingIncome": "None", "depreciation": "None", "depreciationAndAmortization": "107000000", "incomeBeforeTax": "483000000", "incomeTaxExpense": "93000000", "interestAndDebtExpense": "None", "netIncomeFromContinuingOperations": "390000000", "comprehensiveIncomeNetOfTax": "None", "ebit": "483000000", "ebitda": "590000000", "netIncome": "390000000"}, {"fiscalDateEnding": "2019-03-31", "reportedCurrency": "USD", "grossProfit": "1361000000", "totalRevenue": "1674000000", "costOfRevenue": "313000000", "costofGoodsAndServicesSold": "313000000", "operatingIncome": "499000000", "sellingGeneralAndAdministrative": "492000000", "researchAndDevelopment": "None", "operatingExpenses": "862000000", "investmentIncomeNet": "None", "netInterestIncome": "960000000", "interestIncome": "1183000000", "interestExpense": "223000000", "nonInterestIncome": "None", "otherNonOperatingIncome": "None", "depreciation": "None", "depreciationAndAmortization": "105000000", "incomeBeforeTax": "499000000", "incomeTaxExpense": "105000000", "interestAndDebtExpense": "None", "netIncomeFromContinuingOperations": "394000000", "comprehensiveIncomeNetOfTax": "None", "ebit": "499000000", "ebitda": "604000000", "netIncome": "394000000"}, {"fiscalDateEnding": "2018-12-31", "reportedCurrency": "USD", "grossProfit": "1366000000", "totalRevenue": "1650000000", "costOfRevenue": "284000000", "costofGoodsAndServicesSold": "284000000", "operatingIncome": "491000000", "sellingGeneralAndAdministrative": "493000000", "researchAndDevelopment": "0", "operatingExpenses": "875000000", "investmentIncomeNet": "None", "netInterestIncome": "None", "interestIncome": "None", "interestExpense": "188000000", "nonInterestIncome": "None", "otherNonOperatingIncome": "None", "depreciation": "None", "depreciationAndAmortization": "107000000", "incomeBeforeTax": "491000000", "incomeTaxExpense": "85000000", "interestAndDebtExpense": "None", "netIncomeFromContinuingOperations": "406000000", "comprehensiveIncomeNetOfTax": "None", "ebit": "491000000", "ebitda": "598000000", "netIncome": "406000000"}, {"fiscalDateEnding": "2018-09-30", "reportedCurrency": "USD", "grossProfit": "1385000000", "totalRevenue": "1627000000", "costOfRevenue": "242000000", "costofGoodsAndServicesSold": "242000000", "operatingIncome": "455000000", "sellingGeneralAndAdministrative": "491000000", "researchAndDevelopment": "0", "operatingExpenses": "930000000", "investmentIncomeNet": "None", "netInterestIncome": "None", "interestIncome": "None", "interestExpense": "156000000", "nonInterestIncome": "None", "otherNonOperatingIncome": "None", "depreciation": "None", "depreciationAndAmortization": "116000000", "incomeBeforeTax": "455000000", "incomeTaxExpense": "85000000", "interestAndDebtExpense": "None", "netIncomeFromContinuingOperations": "370000000", "comprehensiveIncomeNetOfTax": "None", "ebit": "455000000", "ebitda": "571000000", "netIncome": "564000000"}, {"fiscalDateEnding": "2018-06-30", "reportedCurrency": "USD", "grossProfit": "1395000000", "totalRevenue": "1590000000", "costOfRevenue": "195000000", "costofGoodsAndServicesSold": "195000000", "operatingIncome": "467000000", "sellingGeneralAndAdministrative": "538000000", "researchAndDevelopment": "0", "operatingExpenses": "928000000", "investmentIncomeNet": "None", "netInterestIncome": "None", "interestIncome": "None", "interestExpense": "136000000", "nonInterestIncome": "None", "otherNonOperatingIncome": "None", "depreciation": "None", "depreciationAndAmortization": "118000000", "incomeBeforeTax": "467000000", "incomeTaxExpense": "89000000", "interestAndDebtExpense": "None", "netIncomeFromContinuingOperations": "378000000", "comprehensiveIncomeNetOfTax": "None", "ebit": "467000000", "ebitda": "585000000", "netIncome": "375000000"}, {"fiscalDateEnding": "2018-03-31", "reportedCurrency": "USD", "grossProfit": "1446000000", "totalRevenue": "1554000000", "costOfRevenue": "108000000", "costofGoodsAndServicesSold": "108000000", "operatingIncome": "542000000", "sellingGeneralAndAdministrative": "519000000", "researchAndDevelopment": "0", "operatingExpenses": "904000000", "investmentIncomeNet": "None", "netInterestIncome": "None", "interestIncome": "None", "interestExpense": "122000000", "nonInterestIncome": "None", "otherNonOperatingIncome": "None", "depreciation": "None", "depreciationAndAmortization": "121000000", "incomeBeforeTax": "542000000", "incomeTaxExpense": "128000000", "interestAndDebtExpense": "None", "netIncomeFromContinuingOperations": "414000000", "comprehensiveIncomeNetOfTax": "None", "ebit": "542000000", "ebitda": "663000000", "netIncome": "414000000"}, {"fiscalDateEnding": "2017-12-31", "reportedCurrency": "USD", "grossProfit": "1523000000", "totalRevenue": "1575000000", "costOfRevenue": "52000000", "costofGoodsAndServicesSold": "52000000", "operatingIncome": "548000000", "sellingGeneralAndAdministrative": "523000000", "researchAndDevelopment": "0", "operatingExpenses": "975000000", "investmentIncomeNet": "None", "netInterestIncome": "None", "interestIncome": "None", "interestExpense": "102000000", "nonInterestIncome": "None", "otherNonOperatingIncome": "None", "depreciation": "None", "depreciationAndAmortization": "127000000", "incomeBeforeTax": "548000000", "incomeTaxExpense": "214000000", "interestAndDebtExpense": "None", "netIncomeFromContinuingOperations": "334000000", "comprehensiveIncomeNetOfTax": "None", "ebit": "548000000", "ebitda": "675000000", "netIncome": "335000000"}, {"fiscalDateEnding": "2017-09-30", "reportedCurrency": "USD", "grossProfit": "1329000000", "totalRevenue": "1494000000", "costOfRevenue": "165000000", "costofGoodsAndServicesSold": "165000000", "operatingIncome": "450000000", "sellingGeneralAndAdministrative": "492000000", "researchAndDevelopment": "0", "operatingExpenses": "879000000", "investmentIncomeNet": "None", "netInterestIncome": "None", "interestIncome": "None", "interestExpense": "97000000", "nonInterestIncome": "None", "otherNonOperatingIncome": "None", "depreciation": "None", "depreciationAndAmortization": "136000000", "incomeBeforeTax": "450000000", "incomeTaxExpense": "138000000", "interestAndDebtExpense": "None", "netIncomeFromContinuingOperations": "312000000", "comprehensiveIncomeNetOfTax": "None", "ebit": "450000000", "ebitda": "586000000", "netIncome": "311000000"}, {"fiscalDateEnding": "2017-06-30", "reportedCurrency": "USD", "grossProfit": "1345000000", "totalRevenue": "1479000000", "costOfRevenue": "134000000", "costofGoodsAndServicesSold": "134000000", "operatingIncome": "449000000", "sellingGeneralAndAdministrative": "496000000", "researchAndDevelopment": "0", "operatingExpenses": "896000000", "investmentIncomeNet": "None", "netInterestIncome": "None", "interestIncome": "None", "interestExpense": "89000000", "nonInterestIncome": "None", "otherNonOperatingIncome": "None", "depreciation": "None", "depreciationAndAmortization": "134000000", "incomeBeforeTax": "449000000", "incomeTaxExpense": "133000000", "interestAndDebtExpense": "None", "netIncomeFromContinuingOperations": "317000000", "comprehensiveIncomeNetOfTax": "None", "ebit": "449000000", "ebitda": "583000000", "netIncome": "316000000"}, {"fiscalDateEnding": "2017-03-31", "reportedCurrency": "USD", "grossProfit": "1284000000", "totalRevenue": "1440000000", "costOfRevenue": "156000000", "costofGoodsAndServicesSold": "156000000", "operatingIncome": "420000000", "sellingGeneralAndAdministrative": "488000000", "researchAndDevelopment": "0", "operatingExpenses": "864000000", "investmentIncomeNet": "None", "netInterestIncome": "None", "interestIncome": "None", "interestExpense": "85000000", "nonInterestIncome": "None", "otherNonOperatingIncome": "None", "depreciation": "None", "depreciationAndAmortization": "140000000", "incomeBeforeTax": "420000000", "incomeTaxExpense": "127000000", "interestAndDebtExpense": "None", "netIncomeFromContinuingOperations": "294000000", "comprehensiveIncomeNetOfTax": "None", "ebit": "420000000", "ebitda": "560000000", "netIncome": "301000000"}, {"fiscalDateEnding": "2016-12-31", "reportedCurrency": "USD", "grossProfit": "1355000000", "totalRevenue": "1479000000", "costOfRevenue": "124000000", "costofGoodsAndServicesSold": "124000000", "operatingIncome": "428000000", "sellingGeneralAndAdministrative": "500000000", "researchAndDevelopment": "0", "operatingExpenses": "927000000", "investmentIncomeNet": "None", "netInterestIncome": "None", "interestIncome": "None", "interestExpense": "79000000", "nonInterestIncome": "None", "otherNonOperatingIncome": "None", "depreciation": "None", "depreciationAndAmortization": "149000000", "incomeBeforeTax": "428000000", "incomeTaxExpense": "134000000", "interestAndDebtExpense": "None", "netIncomeFromContinuingOperations": "294000000", "comprehensiveIncomeNetOfTax": "None", "ebit": "428000000", "ebitda": "577000000", "netIncome": "295000000"}, {"fiscalDateEnding": "2016-09-30", "reportedCurrency": "USD", "grossProfit": "1422000000", "totalRevenue": "1541000000", "costOfRevenue": "119000000", "costofGoodsAndServicesSold": "119000000", "operatingIncome": "471000000", "sellingGeneralAndAdministrative": "515000000", "researchAndDevelopment": "0", "operatingExpenses": "951000000", "investmentIncomeNet": "None", "netInterestIncome": "None", "interestIncome": "None", "interestExpense": "82000000", "nonInterestIncome": "None", "otherNonOperatingIncome": "None", "depreciation": "None", "depreciationAndAmortization": "158000000", "incomeBeforeTax": "471000000", "incomeTaxExpense": "152000000", "interestAndDebtExpense": "None", "netIncomeFromContinuingOperations": "319000000", "comprehensiveIncomeNetOfTax": "None", "ebit": "471000000", "ebitda": "629000000", "netIncome": "320000000"}, {"fiscalDateEnding": "2016-06-30", "reportedCurrency": "USD", "grossProfit": "1317000000", "totalRevenue": "1478000000", "costOfRevenue": "161000000", "costofGoodsAndServicesSold": "161000000", "operatingIncome": "387000000", "sellingGeneralAndAdministrative": "497000000", "researchAndDevelopment": "0", "operatingExpenses": "930000000", "investmentIncomeNet": "None", "netInterestIncome": "None", "interestIncome": "None", "interestExpense": "78000000", "nonInterestIncome": "None", "otherNonOperatingIncome": "None", "depreciation": "None", "depreciationAndAmortization": "137000000", "incomeBeforeTax": "387000000", "incomeTaxExpense": "115000000", "interestAndDebtExpense": "None", "netIncomeFromContinuingOperations": "272000000", "comprehensiveIncomeNetOfTax": "None", "ebit": "387000000", "ebitda": "524000000", "netIncome": "275000000"}, {"fiscalDateEnding": "2016-03-31", "reportedCurrency": "USD", "grossProfit": "1293000000", "totalRevenue": "1481000000", "costOfRevenue": "188000000", "costofGoodsAndServicesSold": "188000000", "operatingIncome": "386000000", "sellingGeneralAndAdministrative": "512000000", "researchAndDevelopment": "0", "operatingExpenses": "907000000", "investmentIncomeNet": "None", "netInterestIncome": "None", "interestIncome": "None", "interestExpense": "74000000", "nonInterestIncome": "None", "otherNonOperatingIncome": "None", "depreciation": "None", "depreciationAndAmortization": "130000000", "incomeBeforeTax": "386000000", "incomeTaxExpense": "113000000", "interestAndDebtExpense": "None", "netIncomeFromContinuingOperations": "273000000", "comprehensiveIncomeNetOfTax": "None", "ebit": "386000000", "ebitda": "516000000", "netIncome": "273000000"}, {"fiscalDateEnding": "2015-12-31", "reportedCurrency": "USD", "grossProfit": "1404000000", "totalRevenue": "1530000000", "costOfRevenue": "126000000", "costofGoodsAndServicesSold": "126000000", "operatingIncome": "408000000", "sellingGeneralAndAdministrative": "583000000", "researchAndDevelopment": "0", "operatingExpenses": "996000000", "investmentIncomeNet": "None", "netInterestIncome": "None", "interestIncome": "None", "interestExpense": "69000000", "nonInterestIncome": "None", "otherNonOperatingIncome": "None", "depreciation": "None", "depreciationAndAmortization": "139000000", "incomeBeforeTax": "408000000", "incomeTaxExpense": "120000000", "interestAndDebtExpense": "None", "netIncomeFromContinuingOperations": "288000000", "comprehensiveIncomeNetOfTax": "None", "ebit": "408000000", "ebitda": "547000000", "netIncome": "285000000"}, {"fiscalDateEnding": "2015-09-30", "reportedCurrency": "USD", "grossProfit": "1273000000", "totalRevenue": "1398000000", "costOfRevenue": "125000000", "costofGoodsAndServicesSold": "125000000", "operatingIncome": "378000000", "sellingGeneralAndAdministrative": "516000000", "researchAndDevelopment": "0", "operatingExpenses": "895000000", "investmentIncomeNet": "None", "netInterestIncome": "None", "interestIncome": "None", "interestExpense": "65000000", "nonInterestIncome": "None", "otherNonOperatingIncome": "None", "depreciation": "None", "depreciationAndAmortization": "132000000", "incomeBeforeTax": "378000000", "incomeTaxExpense": "116000000", "interestAndDebtExpense": "None", "netIncomeFromContinuingOperations": "262000000", "comprehensiveIncomeNetOfTax": "None", "ebit": "378000000", "ebitda": "510000000", "netIncome": "258000000"}, {"fiscalDateEnding": "2015-06-30", "reportedCurrency": "USD", "grossProfit": "1347000000", "totalRevenue": "1473000000", "costOfRevenue": "126000000", "costofGoodsAndServicesSold": "126000000", "operatingIncome": "413000000", "sellingGeneralAndAdministrative": "492000000", "researchAndDevelopment": "0", "operatingExpenses": "934000000", "investmentIncomeNet": "None", "netInterestIncome": "None", "interestIncome": "None", "interestExpense": "63000000", "nonInterestIncome": "None", "otherNonOperatingIncome": "None", "depreciation": "None", "depreciationAndAmortization": "129000000", "incomeBeforeTax": "413000000", "incomeTaxExpense": "124000000", "interestAndDebtExpense": "None", "netIncomeFromContinuingOperations": "289000000", "comprehensiveIncomeNetOfTax": "None", "ebit": "413000000", "ebitda": "542000000", "netIncome": "285000000"}, {"fiscalDateEnding": "2015-03-31", "reportedCurrency": "USD", "grossProfit": "1236000000", "totalRevenue": "1356000000", "costOfRevenue": "120000000", "costofGoodsAndServicesSold": "120000000", "operatingIncome": "331000000", "sellingGeneralAndAdministrative": "480000000", "researchAndDevelopment": "0", "operatingExpenses": "905000000", "investmentIncomeNet": "None", "netInterestIncome": "None", "interestIncome": "None", "interestExpense": "71000000", "nonInterestIncome": "None", "otherNonOperatingIncome": "None", "depreciation": "None", "depreciationAndAmortization": "123000000", "incomeBeforeTax": "331000000", "incomeTaxExpense": "95000000", "interestAndDebtExpense": "None", "netIncomeFromContinuingOperations": "236000000", "comprehensiveIncomeNetOfTax": "None", "ebit": "331000000", "ebitda": "454000000", "netIncome": "234000000"}, {"fiscalDateEnding": "2014-12-31", "reportedCurrency": "USD", "grossProfit": "1256000000", "totalRevenue": "1325000000", "costOfRevenue": "69000000", "costofGoodsAndServicesSold": "69000000", "operatingIncome": "291000000", "sellingGeneralAndAdministrative": "456000000", "researchAndDevelopment": "0", "operatingExpenses": "965000000", "investmentIncomeNet": "None", "netInterestIncome": "None", "interestIncome": "None", "interestExpense": "74000000", "nonInterestIncome": "None", "otherNonOperatingIncome": "None", "depreciation": "None", "depreciationAndAmortization": "132000000", "incomeBeforeTax": "291000000", "incomeTaxExpense": "77000000", "interestAndDebtExpense": "None", "netIncomeFromContinuingOperations": "214000000", "comprehensiveIncomeNetOfTax": "None", "ebit": "291000000", "ebitda": "423000000", "netIncome": "211000000"}, {"fiscalDateEnding": "2014-09-30", "reportedCurrency": "USD", "grossProfit": "1298000000", "totalRevenue": "1374000000", "costOfRevenue": "76000000", "costofGoodsAndServicesSold": "76000000", "operatingIncome": "468000000", "sellingGeneralAndAdministrative": "456000000", "researchAndDevelopment": "0", "operatingExpenses": "830000000", "investmentIncomeNet": "None", "netInterestIncome": "None", "interestIncome": "None", "interestExpense": "76000000", "nonInterestIncome": "None", "otherNonOperatingIncome": "None", "depreciation": "None", "depreciationAndAmortization": "143000000", "incomeBeforeTax": "468000000", "incomeTaxExpense": "151000000", "interestAndDebtExpense": "None", "netIncomeFromContinuingOperations": "322000000", "comprehensiveIncomeNetOfTax": "None", "ebit": "468000000", "ebitda": "611000000", "netIncome": "320000000"}, {"fiscalDateEnding": "2014-06-30", "reportedCurrency": "USD", "grossProfit": "1239000000", "totalRevenue": "1362000000", "costOfRevenue": "123000000", "costofGoodsAndServicesSold": "123000000", "operatingIncome": "443000000", "sellingGeneralAndAdministrative": "443000000", "researchAndDevelopment": "0", "operatingExpenses": "796000000", "investmentIncomeNet": "None", "netInterestIncome": "None", "interestIncome": "None", "interestExpense": "77000000", "nonInterestIncome": "None", "otherNonOperatingIncome": "None", "depreciation": "None", "depreciationAndAmortization": "126000000", "incomeBeforeTax": "443000000", "incomeTaxExpense": "148000000", "interestAndDebtExpense": "None", "netIncomeFromContinuingOperations": "299000000", "comprehensiveIncomeNetOfTax": "None", "ebit": "443000000", "ebitda": "569000000", "netIncome": "296000000"}, {"fiscalDateEnding": "2014-03-31", "reportedCurrency": "USD", "grossProfit": "1284000000", "totalRevenue": "1368000000", "costOfRevenue": "84000000", "costofGoodsAndServicesSold": "84000000", "operatingIncome": "454000000", "sellingGeneralAndAdministrative": "455000000", "researchAndDevelopment": "0", "operatingExpenses": "830000000", "investmentIncomeNet": "None", "netInterestIncome": "None", "interestIncome": "None", "interestExpense": "82000000", "nonInterestIncome": "None", "otherNonOperatingIncome": "None", "depreciation": "None", "depreciationAndAmortization": "122000000", "incomeBeforeTax": "454000000", "incomeTaxExpense": "151000000", "interestAndDebtExpense": "None", "netIncomeFromContinuingOperations": "307000000", "comprehensiveIncomeNetOfTax": "None", "ebit": "454000000", "ebitda": "576000000", "netIncome": "315000000"}, {"fiscalDateEnding": "2013-12-31", "reportedCurrency": "USD", "grossProfit": "1184000000", "totalRevenue": "1348000000", "costOfRevenue": "164000000", "costofGoodsAndServicesSold": "164000000", "operatingIncome": "333000000", "sellingGeneralAndAdministrative": "464000000", "researchAndDevelopment": "0", "operatingExpenses": "851000000", "investmentIncomeNet": "None", "netInterestIncome": "None", "interestIncome": "None", "interestExpense": "85000000", "nonInterestIncome": "None", "otherNonOperatingIncome": "None", "depreciation": "None", "depreciationAndAmortization": "148000000", "incomeBeforeTax": "333000000", "incomeTaxExpense": "92000000", "interestAndDebtExpense": "None", "netIncomeFromContinuingOperations": "241000000", "comprehensiveIncomeNetOfTax": "None", "ebit": "333000000", "ebitda": "481000000", "netIncome": "227000000"}, {"fiscalDateEnding": "2013-09-30", "reportedCurrency": "USD", "grossProfit": "1301000000", "totalRevenue": "1406000000", "costOfRevenue": "105000000", "costofGoodsAndServicesSold": "105000000", "operatingIncome": "417000000", "sellingGeneralAndAdministrative": "455000000", "researchAndDevelopment": "0", "operatingExpenses": "884000000", "investmentIncomeNet": "None", "netInterestIncome": "None", "interestIncome": "None", "interestExpense": "87000000", "nonInterestIncome": "None", "otherNonOperatingIncome": "None", "depreciation": "None", "depreciationAndAmortization": "155000000", "incomeBeforeTax": "417000000", "incomeTaxExpense": "124000000", "interestAndDebtExpense": "None", "netIncomeFromContinuingOperations": "293000000", "comprehensiveIncomeNetOfTax": "None", "ebit": "417000000", "ebitda": "572000000", "netIncome": "293000000"}, {"fiscalDateEnding": "2013-06-30", "reportedCurrency": "USD", "grossProfit": "1274000000", "totalRevenue": "1404000000", "costOfRevenue": "130000000", "costofGoodsAndServicesSold": "130000000", "operatingIncome": "390000000", "sellingGeneralAndAdministrative": "452000000", "researchAndDevelopment": "0", "operatingExpenses": "884000000", "investmentIncomeNet": "None", "netInterestIncome": "None", "interestIncome": "None", "interestExpense": "99000000", "nonInterestIncome": "None", "otherNonOperatingIncome": "None", "depreciation": "None", "depreciationAndAmortization": "171000000", "incomeBeforeTax": "390000000", "incomeTaxExpense": "122000000", "interestAndDebtExpense": "None", "netIncomeFromContinuingOperations": "268000000", "comprehensiveIncomeNetOfTax": "None", "ebit": "390000000", "ebitda": "561000000", "netIncome": "267000000"}, {"fiscalDateEnding": "2013-03-31", "reportedCurrency": "USD", "grossProfit": "1289000000", "totalRevenue": "1412000000", "costOfRevenue": "123000000", "costofGoodsAndServicesSold": "123000000", "operatingIncome": "447000000", "sellingGeneralAndAdministrative": "447000000", "researchAndDevelopment": "0", "operatingExpenses": "842000000", "investmentIncomeNet": "None", "netInterestIncome": "None", "interestIncome": "None", "interestExpense": "113000000", "nonInterestIncome": "None", "otherNonOperatingIncome": "None", "depreciation": "None", "depreciationAndAmortization": "171000000", "incomeBeforeTax": "447000000", "incomeTaxExpense": "114000000", "interestAndDebtExpense": "None", "netIncomeFromContinuingOperations": "333000000", "comprehensiveIncomeNetOfTax": "None", "ebit": "447000000", "ebitda": "618000000", "netIncome": "335000000"}, {"fiscalDateEnding": "2012-12-31", "reportedCurrency": "USD", "grossProfit": "1216000000", "totalRevenue": "1383000000", "costOfRevenue": "167000000", "costofGoodsAndServicesSold": "167000000", "operatingIncome": "415000000", "sellingGeneralAndAdministrative": "438000000", "researchAndDevelopment": "0", "operatingExpenses": "801000000", "investmentIncomeNet": "None", "netInterestIncome": "None", "interestIncome": "None", "interestExpense": "130000000", "nonInterestIncome": "None", "otherNonOperatingIncome": "None", "depreciation": "None", "depreciationAndAmortization": "187000000", "incomeBeforeTax": "415000000", "incomeTaxExpense": "138000000", "interestAndDebtExpense": "None", "netIncomeFromContinuingOperations": "0", "comprehensiveIncomeNetOfTax": "None", "ebit": "415000000", "ebitda": "602000000", "netIncome": "265000000"}, {"fiscalDateEnding": "2012-09-30", "reportedCurrency": "USD", "grossProfit": "1317000000", "totalRevenue": "1497000000", "costOfRevenue": "180000000", "costofGoodsAndServicesSold": "180000000", "operatingIncome": "448000000", "sellingGeneralAndAdministrative": "449000000", "researchAndDevelopment": "0", "operatingExpenses": "869000000", "investmentIncomeNet": "None", "netInterestIncome": "None", "interestIncome": "None", "interestExpense": "147000000", "nonInterestIncome": "None", "otherNonOperatingIncome": "None", "depreciation": "None", "depreciationAndAmortization": "182000000", "incomeBeforeTax": "448000000", "incomeTaxExpense": "136000000", "interestAndDebtExpense": "None", "netIncomeFromContinuingOperations": "0", "comprehensiveIncomeNetOfTax": "None", "ebit": "448000000", "ebitda": "630000000", "netIncome": "301000000"}, {"fiscalDateEnding": "2012-06-30", "reportedCurrency": "USD", "grossProfit": "1319000000", "totalRevenue": "1501000000", "costOfRevenue": "182000000", "costofGoodsAndServicesSold": "182000000", "operatingIncome": "477000000", "sellingGeneralAndAdministrative": "434000000", "researchAndDevelopment": "0", "operatingExpenses": "842000000", "investmentIncomeNet": "None", "netInterestIncome": "None", "interestIncome": "None", "interestExpense": "156000000", "nonInterestIncome": "None", "otherNonOperatingIncome": "None", "depreciation": "None", "depreciationAndAmortization": "177000000", "incomeBeforeTax": "477000000", "incomeTaxExpense": "126000000", "interestAndDebtExpense": "None", "netIncomeFromContinuingOperations": "0", "comprehensiveIncomeNetOfTax": "None", "ebit": "477000000", "ebitda": "654000000", "netIncome": "355000000"}, {"fiscalDateEnding": "2012-03-31", "reportedCurrency": "USD", "grossProfit": "1234000000", "totalRevenue": "1521000000", "costOfRevenue": "287000000", "costofGoodsAndServicesSold": "287000000", "operatingIncome": "321000000", "sellingGeneralAndAdministrative": "442000000", "researchAndDevelopment": "0", "operatingExpenses": "913000000", "investmentIncomeNet": "None", "netInterestIncome": "None", "interestIncome": "None", "interestExpense": "170000000", "nonInterestIncome": "None", "otherNonOperatingIncome": "None", "depreciation": "None", "depreciationAndAmortization": "171000000", "incomeBeforeTax": "321000000", "incomeTaxExpense": "82000000", "interestAndDebtExpense": "None", "netIncomeFromContinuingOperations": "0", "comprehensiveIncomeNetOfTax": "None", "ebit": "321000000", "ebitda": "492000000", "netIncome": "199000000"}, {"fiscalDateEnding": "2011-12-31", "reportedCurrency": "USD", "grossProfit": "302000000", "totalRevenue": "775000000", "costOfRevenue": "473000000", "costofGoodsAndServicesSold": "473000000", "operatingIncome": "-127000000", "sellingGeneralAndAdministrative": "137000000", "researchAndDevelopment": "0", "operatingExpenses": "429000000", "investmentIncomeNet": "None", "netInterestIncome": "None", "interestIncome": "None", "interestExpense": "178000000", "nonInterestIncome": "None", "otherNonOperatingIncome": "None", "depreciation": "None", "depreciationAndAmortization": "64000000", "incomeBeforeTax": "-127000000", "incomeTaxExpense": "17000000", "interestAndDebtExpense": "None", "netIncomeFromContinuingOperations": "0", "comprehensiveIncomeNetOfTax": "None", "ebit": "-127000000", "ebitda": "-63000000", "netIncome": "-548000000"}, {"fiscalDateEnding": "2011-09-30", "reportedCurrency": "USD", "grossProfit": "1008000000", "totalRevenue": "1568000000", "costOfRevenue": "560000000", "costofGoodsAndServicesSold": "560000000", "operatingIncome": "158000000", "sellingGeneralAndAdministrative": "383000000", "researchAndDevelopment": "0", "operatingExpenses": "850000000", "investmentIncomeNet": "None", "netInterestIncome": "None", "interestIncome": "None", "interestExpense": "205000000", "nonInterestIncome": "None", "otherNonOperatingIncome": "None", "depreciation": "None", "depreciationAndAmortization": "366000000", "incomeBeforeTax": "158000000", "incomeTaxExpense": "17000000", "interestAndDebtExpense": "None", "netIncomeFromContinuingOperations": "155000000", "comprehensiveIncomeNetOfTax": "None", "ebit": "158000000", "ebitda": "524000000", "netIncome": "155000000"}, {"fiscalDateEnding": "2011-06-30", "reportedCurrency": "USD", "grossProfit": "1001000000", "totalRevenue": "1619000000", "costOfRevenue": "618000000", "costofGoodsAndServicesSold": "618000000", "operatingIncome": "45000000", "sellingGeneralAndAdministrative": "401000000", "researchAndDevelopment": "0", "operatingExpenses": "956000000", "investmentIncomeNet": "None", "netInterestIncome": "None", "interestIncome": "None", "interestExpense": "220000000", "nonInterestIncome": "None", "otherNonOperatingIncome": "None", "depreciation": "None", "depreciationAndAmortization": "70000000", "incomeBeforeTax": "45000000", "incomeTaxExpense": "-34000000", "interestAndDebtExpense": "None", "netIncomeFromContinuingOperations": "109000000", "comprehensiveIncomeNetOfTax": "None", "ebit": "45000000", "ebitda": "115000000", "netIncome": "109000000"}, {"fiscalDateEnding": "2011-03-31", "reportedCurrency": "USD", "grossProfit": "953000000", "totalRevenue": "1670000000", "costOfRevenue": "717000000", "costofGoodsAndServicesSold": "717000000", "operatingIncome": "21000000", "sellingGeneralAndAdministrative": "428000000", "researchAndDevelopment": "0", "operatingExpenses": "932000000", "investmentIncomeNet": "None", "netInterestIncome": "None", "interestIncome": "None", "interestExpense": "235000000", "nonInterestIncome": "None", "otherNonOperatingIncome": "None", "depreciation": "None", "depreciationAndAmortization": "68000000", "incomeBeforeTax": "21000000", "incomeTaxExpense": "-29000000", "interestAndDebtExpense": "None", "netIncomeFromContinuingOperations": "69000000", "comprehensiveIncomeNetOfTax": "None", "ebit": "21000000", "ebitda": "89000000", "netIncome": "69000000"}, {"fiscalDateEnding": "2010-12-31", "reportedCurrency": "USD", "grossProfit": "1406000000", "totalRevenue": "2347000000", "costOfRevenue": "941000000", "costofGoodsAndServicesSold": "941000000", "operatingIncome": "142000000", "sellingGeneralAndAdministrative": "621000000", "researchAndDevelopment": "0", "operatingExpenses": "1264000000", "investmentIncomeNet": "None", "netInterestIncome": "None", "interestIncome": "None", "interestExpense": "259000000", "nonInterestIncome": "None", "otherNonOperatingIncome": "None", "depreciation": "None", "depreciationAndAmortization": "68000000", "incomeBeforeTax": "142000000", "incomeTaxExpense": "53000000", "interestAndDebtExpense": "None", "netIncomeFromContinuingOperations": "0", "comprehensiveIncomeNetOfTax": "None", "ebit": "142000000", "ebitda": "210000000", "netIncome": "89000000"}, {"fiscalDateEnding": "2010-09-30", "reportedCurrency": "USD", "grossProfit": "858000000", "totalRevenue": "1908000000", "costOfRevenue": "1050000000", "costofGoodsAndServicesSold": "1050000000", "operatingIncome": "-305000000", "sellingGeneralAndAdministrative": "582000000", "researchAndDevelopment": "0", "operatingExpenses": "1163000000", "investmentIncomeNet": "None", "netInterestIncome": "None", "interestIncome": "None", "interestExpense": "290000000", "nonInterestIncome": "None", "otherNonOperatingIncome": "None", "depreciation": "None", "depreciationAndAmortization": "71000000", "incomeBeforeTax": "-305000000", "incomeTaxExpense": "-150000000", "interestAndDebtExpense": "None", "netIncomeFromContinuingOperations": "0", "comprehensiveIncomeNetOfTax": "None", "ebit": "-305000000", "ebitda": "-234000000", "netIncome": "-155000000"}, {"fiscalDateEnding": "2010-06-30", "reportedCurrency": "USD", "grossProfit": "961000000", "totalRevenue": "1936000000", "costOfRevenue": "975000000", "costofGoodsAndServicesSold": "975000000", "operatingIncome": "-365000000", "sellingGeneralAndAdministrative": "760000000", "researchAndDevelopment": "0", "operatingExpenses": "1326000000", "investmentIncomeNet": "None", "netInterestIncome": "None", "interestIncome": "None", "interestExpense": "324000000", "nonInterestIncome": "None", "otherNonOperatingIncome": "None", "depreciation": "None", "depreciationAndAmortization": "72000000", "incomeBeforeTax": "-365000000", "incomeTaxExpense": "-88000000", "interestAndDebtExpense": "None", "netIncomeFromContinuingOperations": "0", "comprehensiveIncomeNetOfTax": "None", "ebit": "-365000000", "ebitda": "-293000000", "netIncome": "-277000000"}, {"fiscalDateEnding": "2010-03-31", "reportedCurrency": "USD", "grossProfit": "873000000", "totalRevenue": "2027000000", "costOfRevenue": "1154000000", "costofGoodsAndServicesSold": "1154000000", "operatingIncome": "-357000000", "sellingGeneralAndAdministrative": "575000000", "researchAndDevelopment": "0", "operatingExpenses": "1230000000", "investmentIncomeNet": "None", "netInterestIncome": "None", "interestIncome": "None", "interestExpense": "384000000", "nonInterestIncome": "None", "otherNonOperatingIncome": "None", "depreciation": "None", "depreciationAndAmortization": "73000000", "incomeBeforeTax": "-357000000", "incomeTaxExpense": "-161000000", "interestAndDebtExpense": "None", "netIncomeFromContinuingOperations": "0", "comprehensiveIncomeNetOfTax": "None", "ebit": "-357000000", "ebitda": "-284000000", "netIncome": "-196000000"}, {"fiscalDateEnding": "2009-12-31", "reportedCurrency": "USD", "grossProfit": "253000000", "totalRevenue": "1870000000", "costOfRevenue": "1617000000", "costofGoodsAndServicesSold": "1617000000", "operatingIncome": "-830000000", "sellingGeneralAndAdministrative": "793000000", "researchAndDevelopment": "0", "operatingExpenses": "1083000000", "investmentIncomeNet": "None", "netInterestIncome": "None", "interestIncome": "None", "interestExpense": "438000000", "nonInterestIncome": "None", "otherNonOperatingIncome": "None", "depreciation": "None", "depreciationAndAmortization": "72000000", "incomeBeforeTax": "-830000000", "incomeTaxExpense": "-287000000", "interestAndDebtExpense": "None", "netIncomeFromContinuingOperations": "0", "comprehensiveIncomeNetOfTax": "None", "ebit": "-830000000", "ebitda": "-758000000", "netIncome": "-543000000"}, {"fiscalDateEnding": "2009-09-30", "reportedCurrency": "USD", "grossProfit": "592000000", "totalRevenue": "2086000000", "costOfRevenue": "1494000000", "costofGoodsAndServicesSold": "1494000000", "operatingIncome": "-651000000", "sellingGeneralAndAdministrative": "578000000", "researchAndDevelopment": "0", "operatingExpenses": "1243000000", "investmentIncomeNet": "None", "netInterestIncome": "None", "interestIncome": "None", "interestExpense": "469000000", "nonInterestIncome": "None", "otherNonOperatingIncome": "None", "depreciation": "None", "depreciationAndAmortization": "72000000", "incomeBeforeTax": "-651000000", "incomeTaxExpense": "-274000000", "interestAndDebtExpense": "None", "netIncomeFromContinuingOperations": "0", "comprehensiveIncomeNetOfTax": "None", "ebit": "-651000000", "ebitda": "-579000000", "netIncome": "-377000000"}, {"fiscalDateEnding": "2009-06-30", "reportedCurrency": "USD", "grossProfit": "1118000000", "totalRevenue": "2550000000", "costOfRevenue": "1432000000", "costofGoodsAndServicesSold": "1432000000", "operatingIncome": "-113000000", "sellingGeneralAndAdministrative": "586000000", "researchAndDevelopment": "0", "operatingExpenses": "1231000000", "investmentIncomeNet": "None", "netInterestIncome": "None", "interestIncome": "None", "interestExpense": "520000000", "nonInterestIncome": "None", "otherNonOperatingIncome": "None", "depreciation": "None", "depreciationAndAmortization": "72000000", "incomeBeforeTax": "-113000000", "incomeTaxExpense": "75000000", "interestAndDebtExpense": "None", "netIncomeFromContinuingOperations": "0", "comprehensiveIncomeNetOfTax": "None", "ebit": "-113000000", "ebitda": "-41000000", "netIncome": "-188000000"}, {"fiscalDateEnding": "2009-03-31", "reportedCurrency": "USD", "grossProfit": "1450000000", "totalRevenue": "2445000000", "costOfRevenue": "995000000", "costofGoodsAndServicesSold": "995000000", "operatingIncome": "392000000", "sellingGeneralAndAdministrative": "539000000", "researchAndDevelopment": "0", "operatingExpenses": "1058000000", "investmentIncomeNet": "None", "netInterestIncome": "None", "interestIncome": "None", "interestExpense": "570000000", "nonInterestIncome": "None", "otherNonOperatingIncome": "None", "depreciation": "None", "depreciationAndAmortization": "68000000", "incomeBeforeTax": "392000000", "incomeTaxExpense": "315000000", "interestAndDebtExpense": "None", "netIncomeFromContinuingOperations": "0", "comprehensiveIncomeNetOfTax": "None", "ebit": "392000000", "ebitda": "460000000", "netIncome": "77000000"}, {"fiscalDateEnding": "2008-12-31", "reportedCurrency": "USD", "grossProfit": "476617000", "totalRevenue": "2283973000", "costOfRevenue": "1807356000", "costofGoodsAndServicesSold": "1807356000", "operatingIncome": "-6796733000", "sellingGeneralAndAdministrative": "561737000", "researchAndDevelopment": "0", "operatingExpenses": "7273350000", "investmentIncomeNet": "None", "netInterestIncome": "None", "interestIncome": "None", "interestExpense": "657356000", "nonInterestIncome": "None", "otherNonOperatingIncome": "None", "depreciation": "None", "depreciationAndAmortization": "54044000", "incomeBeforeTax": "-6796733000", "incomeTaxExpense": "-578706000", "interestAndDebtExpense": "None", "netIncomeFromContinuingOperations": "0", "comprehensiveIncomeNetOfTax": "None", "ebit": "-6796733000", "ebitda": "-6742689000", "netIncome": "-6218296000"}, {"fiscalDateEnding": "2008-09-30", "reportedCurrency": "USD", "grossProfit": "1224000000", "totalRevenue": "2288000000", "costOfRevenue": "1064000000", "costofGoodsAndServicesSold": "1064000000", "operatingIncome": "96000000", "sellingGeneralAndAdministrative": "552000000", "researchAndDevelopment": "0", "operatingExpenses": "1128000000", "investmentIncomeNet": "None", "netInterestIncome": "None", "interestIncome": "None", "interestExpense": "647000000", "nonInterestIncome": "None", "otherNonOperatingIncome": "None", "depreciation": "None", "depreciationAndAmortization": "-4839000", "incomeBeforeTax": "96000000", "incomeTaxExpense": "6000000", "interestAndDebtExpense": "None", "netIncomeFromContinuingOperations": "0", "comprehensiveIncomeNetOfTax": "None", "ebit": "96000000", "ebitda": "91161000", "netIncome": "79000000"}, {"fiscalDateEnding": "2008-06-30", "reportedCurrency": "USD", "grossProfit": "1413928000", "totalRevenue": "2373882000", "costOfRevenue": "959954000", "costofGoodsAndServicesSold": "959954000", "operatingIncome": "273554000", "sellingGeneralAndAdministrative": "598844000", "researchAndDevelopment": "0", "operatingExpenses": "1140374000", "investmentIncomeNet": "None", "netInterestIncome": "None", "interestIncome": "None", "interestExpense": "650954000", "nonInterestIncome": "None", "otherNonOperatingIncome": "None", "depreciation": "None", "depreciationAndAmortization": "103848000", "incomeBeforeTax": "273554000", "incomeTaxExpense": "66908000", "interestAndDebtExpense": "None", "netIncomeFromContinuingOperations": "0", "comprehensiveIncomeNetOfTax": "None", "ebit": "273554000", "ebitda": "377402000", "netIncome": "206393000"}, {"fiscalDateEnding": "2008-03-31", "reportedCurrency": "USD", "grossProfit": "1744783000", "totalRevenue": "2691107000", "costOfRevenue": "946324000", "costofGoodsAndServicesSold": "946324000", "operatingIncome": "494524000", "sellingGeneralAndAdministrative": "643487000", "researchAndDevelopment": "0", "operatingExpenses": "1250259000", "investmentIncomeNet": "None", "netInterestIncome": "None", "interestIncome": "None", "interestExpense": "765324000", "nonInterestIncome": "None", "otherNonOperatingIncome": "None", "depreciation": "None", "depreciationAndAmortization": "113991000", "incomeBeforeTax": "494524000", "incomeTaxExpense": "157814000", "interestAndDebtExpense": "None", "netIncomeFromContinuingOperations": "0", "comprehensiveIncomeNetOfTax": "None", "ebit": "494524000", "ebitda": "608515000", "netIncome": "336668000"}, {"fiscalDateEnding": "2007-12-31", "reportedCurrency": "USD", "grossProfit": "1419190000", "totalRevenue": "2667146000", "costOfRevenue": "1247956000", "costofGoodsAndServicesSold": "1247956000", "operatingIncome": "70934000", "sellingGeneralAndAdministrative": "678859000", "researchAndDevelopment": "0", "operatingExpenses": "1348256000", "investmentIncomeNet": "None", "netInterestIncome": "None", "interestIncome": "None", "interestExpense": "889956000", "nonInterestIncome": "None", "otherNonOperatingIncome": "None", "depreciation": "None", "depreciationAndAmortization": "-47987000", "incomeBeforeTax": "70934000", "incomeTaxExpense": "-181000", "interestAndDebtExpense": "None", "netIncomeFromContinuingOperations": "0", "comprehensiveIncomeNetOfTax": "None", "ebit": "70934000", "ebitda": "22947000", "netIncome": "70641000"}, {"fiscalDateEnding": "2007-09-30", "reportedCurrency": "USD", "grossProfit": "1718925000", "totalRevenue": "2742264000", "costOfRevenue": "1023339000", "costofGoodsAndServicesSold": "1023339000", "operatingIncome": "573531000", "sellingGeneralAndAdministrative": "581425000", "researchAndDevelopment": "0", "operatingExpenses": "1145394000", "investmentIncomeNet": "None", "netInterestIncome": "None", "interestIncome": "None", "interestExpense": "933339000", "nonInterestIncome": "None", "otherNonOperatingIncome": "None", "depreciation": "None", "depreciationAndAmortization": "116740000", "incomeBeforeTax": "573531000", "incomeTaxExpense": "179291000", "interestAndDebtExpense": "None", "netIncomeFromContinuingOperations": "0", "comprehensiveIncomeNetOfTax": "None", "ebit": "573531000", "ebitda": "690271000", "netIncome": "394164000"}, {"fiscalDateEnding": "2007-06-30", "reportedCurrency": "USD", "grossProfit": "1742136000", "totalRevenue": "2724281000", "costOfRevenue": "982145000", "costofGoodsAndServicesSold": "982145000", "operatingIncome": "684401000", "sellingGeneralAndAdministrative": "602646000", "researchAndDevelopment": "0", "operatingExpenses": "1057735000", "investmentIncomeNet": "None", "netInterestIncome": "None", "interestIncome": "None", "interestExpense": "922145000", "nonInterestIncome": "None", "otherNonOperatingIncome": "None", "depreciation": "None", "depreciationAndAmortization": "115024000", "incomeBeforeTax": "684401000", "incomeTaxExpense": "230669000", "interestAndDebtExpense": "None", "netIncomeFromContinuingOperations": "0", "comprehensiveIncomeNetOfTax": "None", "ebit": "684401000", "ebitda": "799425000", "netIncome": "453309000"}, {"fiscalDateEnding": "2007-03-31", "reportedCurrency": "USD", "grossProfit": "1818950000", "totalRevenue": "2796807000", "costOfRevenue": "977857000", "costofGoodsAndServicesSold": "977857000", "operatingIncome": "709984000", "sellingGeneralAndAdministrative": "608939000", "researchAndDevelopment": "0", "operatingExpenses": "1108966000", "investmentIncomeNet": "None", "netInterestIncome": "None", "interestIncome": "None", "interestExpense": "930857000", "nonInterestIncome": "None", "otherNonOperatingIncome": "None", "depreciation": "None", "depreciationAndAmortization": "149560000", "incomeBeforeTax": "709984000", "incomeTaxExpense": "235908000", "interestAndDebtExpense": "None", "netIncomeFromContinuingOperations": "0", "comprehensiveIncomeNetOfTax": "None", "ebit": "709984000", "ebitda": "859544000", "netIncome": "332981000"}, {"fiscalDateEnding": "2006-12-31", "reportedCurrency": "USD", "grossProfit": "1645808000", "totalRevenue": "2529246000", "costOfRevenue": "883438000", "costofGoodsAndServicesSold": "883438000", "operatingIncome": "528977000", "sellingGeneralAndAdministrative": "683001000", "researchAndDevelopment": "0", "operatingExpenses": "1116831000", "investmentIncomeNet": "None", "netInterestIncome": "None", "interestIncome": "None", "interestExpense": "823438000", "nonInterestIncome": "None", "otherNonOperatingIncome": "None", "depreciation": "None", "depreciationAndAmortization": "-55253000", "incomeBeforeTax": "528977000", "incomeTaxExpense": "167426000", "interestAndDebtExpense": "None", "netIncomeFromContinuingOperations": "0", "comprehensiveIncomeNetOfTax": "None", "ebit": "528977000", "ebitda": "473724000", "netIncome": "361551000"}, {"fiscalDateEnding": "2006-09-30", "reportedCurrency": "USD", "grossProfit": "1202848000", "totalRevenue": "1789684000", "costOfRevenue": "586836000", "costofGoodsAndServicesSold": "586836000", "operatingIncome": "514497000", "sellingGeneralAndAdministrative": "398848000", "researchAndDevelopment": "0", "operatingExpenses": "688351000", "investmentIncomeNet": "None", "netInterestIncome": "None", "interestIncome": "None", "interestExpense": "561922000", "nonInterestIncome": "None", "otherNonOperatingIncome": "None", "depreciation": "None", "depreciationAndAmortization": "70195000", "incomeBeforeTax": "514497000", "incomeTaxExpense": "156575000", "interestAndDebtExpense": "None", "netIncomeFromContinuingOperations": "0", "comprehensiveIncomeNetOfTax": "None", "ebit": "514497000", "ebitda": "584692000", "netIncome": "351657000"}, {"fiscalDateEnding": "2006-06-30", "reportedCurrency": "USD", "grossProfit": "1189205000", "totalRevenue": "1721670000", "costOfRevenue": "532465000", "costofGoodsAndServicesSold": "532465000", "operatingIncome": "493742000", "sellingGeneralAndAdministrative": "424889000", "researchAndDevelopment": "0", "operatingExpenses": "695463000", "investmentIncomeNet": "None", "netInterestIncome": "None", "interestIncome": "None", "interestExpense": "502451000", "nonInterestIncome": "None", "otherNonOperatingIncome": "None", "depreciation": "None", "depreciationAndAmortization": "71419000", "incomeBeforeTax": "493742000", "incomeTaxExpense": "150280000", "interestAndDebtExpense": "None", "netIncomeFromContinuingOperations": "0", "comprehensiveIncomeNetOfTax": "None", "ebit": "493742000", "ebitda": "565161000", "netIncome": "345257000"}, {"fiscalDateEnding": "2006-03-31", "reportedCurrency": "USD", "grossProfit": "1165699000", "totalRevenue": "1646324000", "costOfRevenue": "480625000", "costofGoodsAndServicesSold": "480625000", "operatingIncome": "436687000", "sellingGeneralAndAdministrative": "429949000", "researchAndDevelopment": "0", "operatingExpenses": "729012000", "investmentIncomeNet": "None", "netInterestIncome": "None", "interestIncome": "None", "interestExpense": "453005000", "nonInterestIncome": "None", "otherNonOperatingIncome": "None", "depreciation": "None", "depreciationAndAmortization": "73677000", "incomeBeforeTax": "436687000", "incomeTaxExpense": "137545000", "interestAndDebtExpense": "None", "netIncomeFromContinuingOperations": "0", "comprehensiveIncomeNetOfTax": "None", "ebit": "436687000", "ebitda": "510364000", "netIncome": "294680000"}, {"fiscalDateEnding": "2005-12-31", "reportedCurrency": "USD", "grossProfit": "1108698000", "totalRevenue": "1571945000", "costOfRevenue": "463247000", "costofGoodsAndServicesSold": "463247000", "operatingIncome": "354662000", "sellingGeneralAndAdministrative": "436965000", "researchAndDevelopment": "0", "operatingExpenses": "754036000", "investmentIncomeNet": "None", "netInterestIncome": "None", "interestIncome": "None", "interestExpense": "423247000", "nonInterestIncome": "None", "otherNonOperatingIncome": "None", "depreciation": "None", "depreciationAndAmortization": "60631000", "incomeBeforeTax": "354662000", "incomeTaxExpense": "100666000", "interestAndDebtExpense": "None", "netIncomeFromContinuingOperations": "0", "comprehensiveIncomeNetOfTax": "None", "ebit": "354662000", "ebitda": "415293000", "netIncome": "253996000"}]}