{"symbol": "ALNY", "annualReports": [{"fiscalDateEnding": "2025-12-31", "reportedCurrency": "USD", "grossProfit": "3036771000", "totalRevenue": "3713937000", "costOfRevenue": "677166000", "costofGoodsAndServicesSold": "677166000", "operatingIncome": "501578000", "sellingGeneralAndAdministrative": "1210713000", "researchAndDevelopment": "1324480000", "operatingExpenses": "2535193000", "investmentIncomeNet": "None", "netInterestIncome": "-141157000", "interestIncome": "111470000", "interestExpense": "252627000", "nonInterestIncome": "None", "otherNonOperatingIncome": "None", "depreciation": "None", "depreciationAndAmortization": "55658000", "incomeBeforeTax": "323152000", "incomeTaxExpense": "9405000", "interestAndDebtExpense": "None", "netIncomeFromContinuingOperations": "313747000", "comprehensiveIncomeNetOfTax": "None", "ebit": "501578000", "ebitda": "557236000", "netIncome": "313747000"}, {"fiscalDateEnding": "2024-12-31", "reportedCurrency": "USD", "grossProfit": "1924873000", "totalRevenue": "2248243000", "costOfRevenue": "323370000", "costofGoodsAndServicesSold": "323370000", "operatingIncome": "-176885000", "sellingGeneralAndAdministrative": "975526000", "researchAndDevelopment": "1126232000", "operatingExpenses": "2101758000", "investmentIncomeNet": "None", "netInterestIncome": "-19866000", "interestIncome": "121992000", "interestExpense": "141858000", "nonInterestIncome": "None", "otherNonOperatingIncome": "None", "depreciation": "None", "depreciationAndAmortization": "56670000", "incomeBeforeTax": "-377375000", "incomeTaxExpense": "-99218000", "interestAndDebtExpense": "None", "netIncomeFromContinuingOperations": "-278157000", "comprehensiveIncomeNetOfTax": "None", "ebit": "-235517000", "ebitda": "-178847000", "netIncome": "-278157000"}, {"fiscalDateEnding": "2023-12-31", "reportedCurrency": "USD", "grossProfit": "1517886000", "totalRevenue": "1828292000", "costOfRevenue": "310406000", "costofGoodsAndServicesSold": "310406000", "operatingIncome": "-282175000", "sellingGeneralAndAdministrative": "795646000", "researchAndDevelopment": "1004415000", "operatingExpenses": "1800061000", "investmentIncomeNet": "None", "netInterestIncome": "-25660000", "interestIncome": "95561000", "interestExpense": "121221000", "nonInterestIncome": "None", "otherNonOperatingIncome": "None", "depreciation": "None", "depreciationAndAmortization": "54054000", "incomeBeforeTax": "-433517000", "incomeTaxExpense": "6725000", "interestAndDebtExpense": "None", "netIncomeFromContinuingOperations": "-440242000", "comprehensiveIncomeNetOfTax": "None", "ebit": "-312296000", "ebitda": "-258242000", "netIncome": "-440242000"}, {"fiscalDateEnding": "2022-12-31", "reportedCurrency": "USD", "grossProfit": "868601000", "totalRevenue": "1037418000", "costOfRevenue": "168817000", "costofGoodsAndServicesSold": "168817000", "operatingIncome": "-785072000", "sellingGeneralAndAdministrative": "770658000", "researchAndDevelopment": "883015000", "operatingExpenses": "1653673000", "investmentIncomeNet": "None", "netInterestIncome": "-131160000", "interestIncome": "24808000", "interestExpense": "155968000", "nonInterestIncome": "None", "otherNonOperatingIncome": "-185953000", "depreciation": "None", "depreciationAndAmortization": "44468000", "incomeBeforeTax": "-1126993000", "incomeTaxExpense": "4163000", "interestAndDebtExpense": "None", "netIncomeFromContinuingOperations": "-1131156000", "comprehensiveIncomeNetOfTax": "None", "ebit": "-971025000", "ebitda": "-926557000", "netIncome": "-1131156000"}, {"fiscalDateEnding": "2021-12-31", "reportedCurrency": "USD", "grossProfit": "704143000", "totalRevenue": "844287000", "costOfRevenue": "140144000", "costofGoodsAndServicesSold": "140144000", "operatingIncome": "-708652000", "sellingGeneralAndAdministrative": "620639000", "researchAndDevelopment": "792156000", "operatingExpenses": "1412795000", "investmentIncomeNet": "None", "netInterestIncome": "-141442000", "interestIncome": "1579000", "interestExpense": "143021000", "nonInterestIncome": "None", "otherNonOperatingIncome": "-471000", "depreciation": "None", "depreciationAndAmortization": "47567000", "incomeBeforeTax": "-852144000", "incomeTaxExpense": "680000", "interestAndDebtExpense": "None", "netIncomeFromContinuingOperations": "-852824000", "comprehensiveIncomeNetOfTax": "None", "ebit": "-709123000", "ebitda": "-661556000", "netIncome": "-852824000"}, {"fiscalDateEnding": "2020-12-31", "reportedCurrency": "USD", "grossProfit": "414801000", "totalRevenue": "492853000", "costOfRevenue": "78052000", "costofGoodsAndServicesSold": "78052000", "operatingIncome": "-828438000", "sellingGeneralAndAdministrative": "588420000", "researchAndDevelopment": "654819000", "operatingExpenses": "1243239000", "investmentIncomeNet": "None", "netInterestIncome": "-72687000", "interestIncome": "11809000", "interestExpense": "84496000", "nonInterestIncome": "None", "otherNonOperatingIncome": "57334000", "depreciation": "None", "depreciationAndAmortization": "34772000", "incomeBeforeTax": "-855600000", "incomeTaxExpense": "2681000", "interestAndDebtExpense": "None", "netIncomeFromContinuingOperations": "-858281000", "comprehensiveIncomeNetOfTax": "None", "ebit": "-771104000", "ebitda": "-736332000", "netIncome": "-858281000"}, {"fiscalDateEnding": "2019-12-31", "reportedCurrency": "USD", "grossProfit": "194688000", "totalRevenue": "219750000", "costOfRevenue": "25062000", "costofGoodsAndServicesSold": "25062000", "operatingIncome": "-939431000", "sellingGeneralAndAdministrative": "479005000", "researchAndDevelopment": "655114000", "operatingExpenses": "1134119000", "investmentIncomeNet": "None", "netInterestIncome": "33448000", "interestIncome": "33448000", "interestExpense": "108546000", "nonInterestIncome": "None", "otherNonOperatingIncome": "54178000", "depreciation": "None", "depreciationAndAmortization": "54368000", "incomeBeforeTax": "-885253000", "incomeTaxExpense": "863000", "interestAndDebtExpense": "None", "netIncomeFromContinuingOperations": "-886116000", "comprehensiveIncomeNetOfTax": "None", "ebit": "-939431000", "ebitda": "-885063000", "netIncome": "-886116000"}, {"fiscalDateEnding": "2018-12-31", "reportedCurrency": "USD", "grossProfit": "73106000", "totalRevenue": "74908000", "costOfRevenue": "1802000", "costofGoodsAndServicesSold": "1802000", "operatingIncome": "-814673000", "sellingGeneralAndAdministrative": "382359000", "researchAndDevelopment": "505420000", "operatingExpenses": "887779000", "investmentIncomeNet": "None", "netInterestIncome": "29262000", "interestIncome": "29262000", "interestExpense": "29262000", "nonInterestIncome": "None", "otherNonOperatingIncome": "53999000", "depreciation": "None", "depreciationAndAmortization": "6435000", "incomeBeforeTax": "-760674000", "incomeTaxExpense": "823000", "interestAndDebtExpense": "None", "netIncomeFromContinuingOperations": "-761497000", "comprehensiveIncomeNetOfTax": "None", "ebit": "-760674000", "ebitda": "-754239000", "netIncome": "-761497000"}, {"fiscalDateEnding": "2017-12-31", "reportedCurrency": "USD", "grossProfit": "89912000", "totalRevenue": "89912000", "costOfRevenue": "578100000", "costofGoodsAndServicesSold": "578100000", "operatingIncome": "-500088000", "sellingGeneralAndAdministrative": "199365000", "researchAndDevelopment": "390635000", "operatingExpenses": "590000000", "investmentIncomeNet": "None", "netInterestIncome": "12236000", "interestIncome": "12236000", "interestExpense": "12236000", "nonInterestIncome": "None", "otherNonOperatingIncome": "9214000", "depreciation": "None", "depreciationAndAmortization": "13367000", "incomeBeforeTax": "-490874000", "incomeTaxExpense": "-25603000", "interestAndDebtExpense": "None", "netIncomeFromContinuingOperations": "-490874000", "comprehensiveIncomeNetOfTax": "None", "ebit": "-500088000", "ebitda": "-486721000", "netIncome": "-490874000"}, {"fiscalDateEnding": "2016-12-31", "reportedCurrency": "USD", "grossProfit": "47159000", "totalRevenue": "47159000", "costOfRevenue": "462146000", "costofGoodsAndServicesSold": "462146000", "operatingIncome": "-424587000", "sellingGeneralAndAdministrative": "89354000", "researchAndDevelopment": "382392000", "operatingExpenses": "471746000", "investmentIncomeNet": "None", "netInterestIncome": "8308000", "interestIncome": "8308000", "interestExpense": "8308000", "nonInterestIncome": "None", "otherNonOperatingIncome": "14479000", "depreciation": "None", "depreciationAndAmortization": "15130000", "incomeBeforeTax": "-410108000", "incomeTaxExpense": "-23438000", "interestAndDebtExpense": "None", "netIncomeFromContinuingOperations": "-410108000", "comprehensiveIncomeNetOfTax": "None", "ebit": "-424587000", "ebitda": "-409457000", "netIncome": "-410108000"}, {"fiscalDateEnding": "2015-12-31", "reportedCurrency": "USD", "grossProfit": "41097000", "totalRevenue": "41097000", "costOfRevenue": "330405000", "costofGoodsAndServicesSold": "330405000", "operatingIncome": "-296008000", "sellingGeneralAndAdministrative": "60610000", "researchAndDevelopment": "276495000", "operatingExpenses": "337105000", "investmentIncomeNet": "None", "netInterestIncome": "None", "interestIncome": "5859000", "interestExpense": "5859000", "nonInterestIncome": "None", "otherNonOperatingIncome": "5935000", "depreciation": "None", "depreciationAndAmortization": "19050000", "incomeBeforeTax": "-290073000", "incomeTaxExpense": "-24909000", "interestAndDebtExpense": "None", "netIncomeFromContinuingOperations": "-290073000", "comprehensiveIncomeNetOfTax": "None", "ebit": "-296008000", "ebitda": "-276958000", "netIncome": "-290073000"}, {"fiscalDateEnding": "2014-12-31", "reportedCurrency": "USD", "grossProfit": "50561000", "totalRevenue": "50561000", "costOfRevenue": "229775000", "costofGoodsAndServicesSold": "229775000", "operatingIncome": "-404980000", "sellingGeneralAndAdministrative": "44526000", "researchAndDevelopment": "190249000", "operatingExpenses": "234775000", "investmentIncomeNet": "None", "netInterestIncome": "None", "interestIncome": "None", "interestExpense": "2559000", "nonInterestIncome": "None", "otherNonOperatingIncome": "4376000", "depreciation": "None", "depreciationAndAmortization": "11926000", "incomeBeforeTax": "-400604000", "incomeTaxExpense": "-40209000", "interestAndDebtExpense": "None", "netIncomeFromContinuingOperations": "-360395000", "comprehensiveIncomeNetOfTax": "None", "ebit": "-184214000", "ebitda": "-172288000", "netIncome": "-360395000"}, {"fiscalDateEnding": "2013-12-31", "reportedCurrency": "USD", "grossProfit": "47167000", "totalRevenue": "47167000", "costOfRevenue": "134188000", "costofGoodsAndServicesSold": "134188000", "operatingIncome": "-92942000", "sellingGeneralAndAdministrative": "27152000", "researchAndDevelopment": "112957000", "operatingExpenses": "140109000", "investmentIncomeNet": "None", "netInterestIncome": "None", "interestIncome": "None", "interestExpense": "1069000", "nonInterestIncome": "None", "otherNonOperatingIncome": "1022000", "depreciation": "None", "depreciationAndAmortization": "10229000", "incomeBeforeTax": "-91920000", "incomeTaxExpense": "-2695000", "interestAndDebtExpense": "None", "netIncomeFromContinuingOperations": "-89225000", "comprehensiveIncomeNetOfTax": "None", "ebit": "-92942000", "ebitda": "-82713000", "netIncome": "-89225000"}, {"fiscalDateEnding": "2012-12-31", "reportedCurrency": "USD", "grossProfit": "66725000", "totalRevenue": "66725000", "costOfRevenue": "122874000", "costofGoodsAndServicesSold": "122874000", "operatingIncome": "-129456000", "sellingGeneralAndAdministrative": "44612000", "researchAndDevelopment": "86569000", "operatingExpenses": "131181000", "investmentIncomeNet": "None", "netInterestIncome": "None", "interestIncome": "None", "interestExpense": "977000", "nonInterestIncome": "None", "otherNonOperatingIncome": "12870000", "depreciation": "None", "depreciationAndAmortization": "9035000", "incomeBeforeTax": "-116586000", "incomeTaxExpense": "-10572000", "interestAndDebtExpense": "None", "netIncomeFromContinuingOperations": "-106014000", "comprehensiveIncomeNetOfTax": "None", "ebit": "-60749000", "ebitda": "-51714000", "netIncome": "-106014000"}, {"fiscalDateEnding": "2011-12-31", "reportedCurrency": "USD", "grossProfit": "82757000", "totalRevenue": "82757000", "costOfRevenue": "132450000", "costofGoodsAndServicesSold": "132450000", "operatingIncome": "-54818000", "sellingGeneralAndAdministrative": "38280000", "researchAndDevelopment": "99295000", "operatingExpenses": "137575000", "investmentIncomeNet": "None", "netInterestIncome": "None", "interestIncome": "None", "interestExpense": "1205000", "nonInterestIncome": "None", "otherNonOperatingIncome": "-2831000", "depreciation": "None", "depreciationAndAmortization": "5125000", "incomeBeforeTax": "-57649000", "incomeTaxExpense": "-5799000", "interestAndDebtExpense": "None", "netIncomeFromContinuingOperations": "-57649000", "comprehensiveIncomeNetOfTax": "None", "ebit": "-54818000", "ebitda": "-49693000", "netIncome": "-57649000"}, {"fiscalDateEnding": "2010-12-31", "reportedCurrency": "USD", "grossProfit": "100041000", "totalRevenue": "100041000", "costOfRevenue": "136977000", "costofGoodsAndServicesSold": "136977000", "operatingIncome": "-44070000", "sellingGeneralAndAdministrative": "37727000", "researchAndDevelopment": "106384000", "operatingExpenses": "144111000", "investmentIncomeNet": "None", "netInterestIncome": "None", "interestIncome": "None", "interestExpense": "2305000", "nonInterestIncome": "None", "otherNonOperatingIncome": "1069000", "depreciation": "None", "depreciationAndAmortization": "4941000", "incomeBeforeTax": "-43001000", "incomeTaxExpense": "514000", "interestAndDebtExpense": "None", "netIncomeFromContinuingOperations": "-43515000", "comprehensiveIncomeNetOfTax": "None", "ebit": "-43001000", "ebitda": "-38060000", "netIncome": "-43515000"}, {"fiscalDateEnding": "2009-12-31", "reportedCurrency": "USD", "grossProfit": "100533000", "totalRevenue": "100533000", "costOfRevenue": "142652000", "costofGoodsAndServicesSold": "142652000", "operatingIncome": "-48111000", "sellingGeneralAndAdministrative": "39914000", "researchAndDevelopment": "108730000", "operatingExpenses": "148644000", "investmentIncomeNet": "None", "netInterestIncome": "None", "interestIncome": "None", "interestExpense": "5385000", "nonInterestIncome": "None", "otherNonOperatingIncome": "None", "depreciation": "None", "depreciationAndAmortization": "5992000", "incomeBeforeTax": "-47008000", "incomeTaxExpense": "582000", "interestAndDebtExpense": "None", "netIncomeFromContinuingOperations": "None", "comprehensiveIncomeNetOfTax": "None", "ebit": "-47008000", "ebitda": "-41016000", "netIncome": "-47590000"}, {"fiscalDateEnding": "2008-12-31", "reportedCurrency": "USD", "grossProfit": "96163000", "totalRevenue": "96163000", "costOfRevenue": "118398000", "costofGoodsAndServicesSold": "118398000", "operatingIncome": "-27835000", "sellingGeneralAndAdministrative": "27115000", "researchAndDevelopment": "96883000", "operatingExpenses": "123998000", "investmentIncomeNet": "None", "netInterestIncome": "None", "interestIncome": "None", "interestExpense": "872000", "nonInterestIncome": "None", "otherNonOperatingIncome": "None", "depreciation": "None", "depreciationAndAmortization": "5726000", "incomeBeforeTax": "-25530000", "incomeTaxExpense": "719000", "interestAndDebtExpense": "None", "netIncomeFromContinuingOperations": "None", "comprehensiveIncomeNetOfTax": "None", "ebit": "-24658000", "ebitda": "-18932000", "netIncome": "-26249000"}, {"fiscalDateEnding": "2007-12-31", "reportedCurrency": "USD", "grossProfit": "50897000", "totalRevenue": "50897000", "costOfRevenue": "136192000", "costofGoodsAndServicesSold": "136192000", "operatingIncome": "-93177000", "sellingGeneralAndAdministrative": "23388000", "researchAndDevelopment": "120686000", "operatingExpenses": "144074000", "investmentIncomeNet": "None", "netInterestIncome": "None", "interestIncome": "None", "interestExpense": "1083000", "nonInterestIncome": "None", "otherNonOperatingIncome": "None", "depreciation": "None", "depreciationAndAmortization": "4082000", "incomeBeforeTax": "-80221000", "incomeTaxExpense": "5245000", "interestAndDebtExpense": "None", "netIncomeFromContinuingOperations": "None", "comprehensiveIncomeNetOfTax": "None", "ebit": "-79138000", "ebitda": "-75056000", "netIncome": "-85466000"}, {"fiscalDateEnding": "2006-12-31", "reportedCurrency": "USD", "grossProfit": "26930000", "totalRevenue": "26930000", "costOfRevenue": "62616000", "costofGoodsAndServicesSold": "62616000", "operatingIncome": "-39501000", "sellingGeneralAndAdministrative": "16633000", "researchAndDevelopment": "49798000", "operatingExpenses": "66431000", "investmentIncomeNet": "None", "netInterestIncome": "None", "interestIncome": "None", "interestExpense": "1029000", "nonInterestIncome": "None", "otherNonOperatingIncome": "None", "depreciation": "None", "depreciationAndAmortization": "3815000", "incomeBeforeTax": "-34608000", "incomeTaxExpense": "-4893000", "interestAndDebtExpense": "None", "netIncomeFromContinuingOperations": "None", "comprehensiveIncomeNetOfTax": "None", "ebit": "-39501000", "ebitda": "-35686000", "netIncome": "-34608000"}], "quarterlyReports": [{"fiscalDateEnding": "2025-12-31", "reportedCurrency": "USD", "grossProfit": "834015000", "totalRevenue": "1097033000", "costOfRevenue": "263017999", "costofGoodsAndServicesSold": "263017999", "operatingIncome": "131718000", "sellingGeneralAndAdministrative": "325374000", "researchAndDevelopment": "372218000", "operatingExpenses": "697592000", "investmentIncomeNet": "None", "netInterestIncome": "-102707000", "interestIncome": "26630000", "interestExpense": "-65400000", "nonInterestIncome": "None", "otherNonOperatingIncome": "None", "depreciation": "None", "depreciationAndAmortization": "13506000", "incomeBeforeTax": "161137000", "incomeTaxExpense": "25282000", "interestAndDebtExpense": "None", "netIncomeFromContinuingOperations": "186419000", "comprehensiveIncomeNetOfTax": "None", "ebit": "131718000", "ebitda": "145224000", "netIncome": "186419000"}, {"fiscalDateEnding": "2025-09-30", "reportedCurrency": "USD", "grossProfit": "1051795000", "totalRevenue": "1249026000", "costOfRevenue": "197231000", "costofGoodsAndServicesSold": "197231000", "operatingIncome": "367982000", "sellingGeneralAndAdministrative": "322076000", "researchAndDevelopment": "358814000", "operatingExpenses": "683813000", "investmentIncomeNet": "None", "netInterestIncome": "-15717000", "interestIncome": "28681000", "interestExpense": "44398000", "nonInterestIncome": "None", "otherNonOperatingIncome": "None", "depreciation": "None", "depreciationAndAmortization": "13803000", "incomeBeforeTax": "238969000", "incomeTaxExpense": "-12115000", "interestAndDebtExpense": "None", "netIncomeFromContinuingOperations": "251084000", "comprehensiveIncomeNetOfTax": "None", "ebit": "283367000", "ebitda": "297170000", "netIncome": "251084000"}, {"fiscalDateEnding": "2025-06-30", "reportedCurrency": "USD", "grossProfit": "630736000", "totalRevenue": "773689000", "costOfRevenue": "142953000", "costofGoodsAndServicesSold": "142953000", "operatingIncome": "-16199000", "sellingGeneralAndAdministrative": "323314000", "researchAndDevelopment": "323621000", "operatingExpenses": "646935000", "investmentIncomeNet": "None", "netInterestIncome": "-12760000", "interestIncome": "27486000", "interestExpense": "40246000", "nonInterestIncome": "None", "otherNonOperatingIncome": "None", "depreciation": "None", "depreciationAndAmortization": "13944000", "incomeBeforeTax": "-35358000", "incomeTaxExpense": "30919000", "interestAndDebtExpense": "None", "netIncomeFromContinuingOperations": "-66277000", "comprehensiveIncomeNetOfTax": "None", "ebit": "4888000", "ebitda": "18832000", "netIncome": "-66277000"}, {"fiscalDateEnding": "2025-03-31", "reportedCurrency": "USD", "grossProfit": "523148000", "totalRevenue": "594189000", "costOfRevenue": "71041000", "costofGoodsAndServicesSold": "71041000", "operatingIncome": "18077000", "sellingGeneralAndAdministrative": "239949000", "researchAndDevelopment": "265122000", "operatingExpenses": "505071000", "investmentIncomeNet": "None", "netInterestIncome": "-9973000", "interestIncome": "28673000", "interestExpense": "38646000", "nonInterestIncome": "None", "otherNonOperatingIncome": "None", "depreciation": "None", "depreciationAndAmortization": "14405000", "incomeBeforeTax": "-41596000", "incomeTaxExpense": "15883000", "interestAndDebtExpense": "None", "netIncomeFromContinuingOperations": "-57479000", "comprehensiveIncomeNetOfTax": "None", "ebit": "-2950000", "ebitda": "11455000", "netIncome": "-57479000"}, {"fiscalDateEnding": "2024-12-31", "reportedCurrency": "USD", "grossProfit": "490349000", "totalRevenue": "593166000", "costOfRevenue": "102817000", "costofGoodsAndServicesSold": "102817000", "operatingIncome": "-105159000", "sellingGeneralAndAdministrative": "295339000", "researchAndDevelopment": "300169000", "operatingExpenses": "595508000", "investmentIncomeNet": "None", "netInterestIncome": "-7952000", "interestIncome": "31019000", "interestExpense": "38971000", "nonInterestIncome": "None", "otherNonOperatingIncome": "None", "depreciation": "None", "depreciationAndAmortization": "14168000", "incomeBeforeTax": "-193958000", "incomeTaxExpense": "-110195000", "interestAndDebtExpense": "None", "netIncomeFromContinuingOperations": "-83763000", "comprehensiveIncomeNetOfTax": "None", "ebit": "-155079000", "ebitda": "-140911000", "netIncome": "-83763000"}, {"fiscalDateEnding": "2024-09-30", "reportedCurrency": "USD", "grossProfit": "415014000", "totalRevenue": "500919000", "costOfRevenue": "85905000", "costofGoodsAndServicesSold": "85905000", "operatingIncome": "-76905000", "sellingGeneralAndAdministrative": "220993000", "researchAndDevelopment": "270926000", "operatingExpenses": "491919000", "investmentIncomeNet": "None", "netInterestIncome": "-2230000", "interestIncome": "32146000", "interestExpense": "34376000", "nonInterestIncome": "None", "otherNonOperatingIncome": "None", "depreciation": "None", "depreciationAndAmortization": "13982000", "incomeBeforeTax": "-108663000", "incomeTaxExpense": "2907000", "interestAndDebtExpense": "None", "netIncomeFromContinuingOperations": "-111570000", "comprehensiveIncomeNetOfTax": "None", "ebit": "-74287000", "ebitda": "-60305000", "netIncome": "-111570000"}, {"fiscalDateEnding": "2024-06-30", "reportedCurrency": "USD", "grossProfit": "591153000", "totalRevenue": "659825000", "costOfRevenue": "68672000", "costofGoodsAndServicesSold": "68672000", "operatingIncome": "48614000", "sellingGeneralAndAdministrative": "248397000", "researchAndDevelopment": "294142000", "operatingExpenses": "542539000", "investmentIncomeNet": "None", "netInterestIncome": "-4076000", "interestIncome": "29182000", "interestExpense": "33258000", "nonInterestIncome": "None", "otherNonOperatingIncome": "None", "depreciation": "None", "depreciationAndAmortization": "15003000", "incomeBeforeTax": "-11167000", "incomeTaxExpense": "5722000", "interestAndDebtExpense": "None", "netIncomeFromContinuingOperations": "-16889000", "comprehensiveIncomeNetOfTax": "None", "ebit": "22091000", "ebitda": "37094000", "netIncome": "-16889000"}, {"fiscalDateEnding": "2024-03-31", "reportedCurrency": "USD", "grossProfit": "428357000", "totalRevenue": "494333000", "costOfRevenue": "65976000", "costofGoodsAndServicesSold": "65976000", "operatingIncome": "-43435000", "sellingGeneralAndAdministrative": "210797000", "researchAndDevelopment": "260995000", "operatingExpenses": "471792000", "investmentIncomeNet": "None", "netInterestIncome": "-5608000", "interestIncome": "29645000", "interestExpense": "35253000", "nonInterestIncome": "None", "otherNonOperatingIncome": "None", "depreciation": "None", "depreciationAndAmortization": "13517000", "incomeBeforeTax": "-63587000", "incomeTaxExpense": "2348000", "interestAndDebtExpense": "None", "netIncomeFromContinuingOperations": "-65935000", "comprehensiveIncomeNetOfTax": "None", "ebit": "-28334000", "ebitda": "-14817000", "netIncome": "-65935000"}, {"fiscalDateEnding": "2023-12-31", "reportedCurrency": "USD", "grossProfit": "353860000", "totalRevenue": "439718000", "costOfRevenue": "85858000", "costofGoodsAndServicesSold": "85858000", "operatingIncome": "-116404000", "sellingGeneralAndAdministrative": "198123000", "researchAndDevelopment": "272141000", "operatingExpenses": "470264000", "investmentIncomeNet": "None", "netInterestIncome": "-932000", "interestIncome": "30406000", "interestExpense": "31338000", "nonInterestIncome": "None", "otherNonOperatingIncome": "None", "depreciation": "None", "depreciationAndAmortization": "13482000", "incomeBeforeTax": "-137687000", "incomeTaxExpense": "183000", "interestAndDebtExpense": "None", "netIncomeFromContinuingOperations": "-137870000", "comprehensiveIncomeNetOfTax": "None", "ebit": "-106349000", "ebitda": "-92867000", "netIncome": "-137870000"}, {"fiscalDateEnding": "2023-09-30", "reportedCurrency": "USD", "grossProfit": "666221000", "totalRevenue": "750530000", "costOfRevenue": "84309000", "costofGoodsAndServicesSold": "84309000", "operatingIncome": "213867000", "sellingGeneralAndAdministrative": "199175000", "researchAndDevelopment": "253179000", "operatingExpenses": "452354000", "investmentIncomeNet": "None", "netInterestIncome": "-5468000", "interestIncome": "25425000", "interestExpense": "30893000", "nonInterestIncome": "None", "otherNonOperatingIncome": "None", "depreciation": "None", "depreciationAndAmortization": "13328000", "incomeBeforeTax": "150741000", "incomeTaxExpense": "2988000", "interestAndDebtExpense": "None", "netIncomeFromContinuingOperations": "147753000", "comprehensiveIncomeNetOfTax": "None", "ebit": "181634000", "ebitda": "194962000", "netIncome": "147753000"}, {"fiscalDateEnding": "2023-06-30", "reportedCurrency": "USD", "grossProfit": "233384000", "totalRevenue": "318754000", "costOfRevenue": "85370000", "costofGoodsAndServicesSold": "85370000", "operatingIncome": "-229831000", "sellingGeneralAndAdministrative": "214689000", "researchAndDevelopment": "248526000", "operatingExpenses": "463215000", "investmentIncomeNet": "None", "netInterestIncome": "-8960000", "interestIncome": "21075000", "interestExpense": "30035000", "nonInterestIncome": "None", "otherNonOperatingIncome": "-14343000", "depreciation": "None", "depreciationAndAmortization": "13179000", "incomeBeforeTax": "-274209000", "incomeTaxExpense": "1815000", "interestAndDebtExpense": "None", "netIncomeFromContinuingOperations": "-276024000", "comprehensiveIncomeNetOfTax": "None", "ebit": "-244174000", "ebitda": "-230995000", "netIncome": "-276024000"}, {"fiscalDateEnding": "2023-03-31", "reportedCurrency": "USD", "grossProfit": "264421000", "totalRevenue": "319290000", "costOfRevenue": "54869000", "costofGoodsAndServicesSold": "54869000", "operatingIncome": "-149807000", "sellingGeneralAndAdministrative": "183659000", "researchAndDevelopment": "230569000", "operatingExpenses": "414228000", "investmentIncomeNet": "None", "netInterestIncome": "-10300000", "interestIncome": "18655000", "interestExpense": "28955000", "nonInterestIncome": "None", "otherNonOperatingIncome": "6400000", "depreciation": "None", "depreciationAndAmortization": "14065000", "incomeBeforeTax": "-172362000", "incomeTaxExpense": "1739000", "interestAndDebtExpense": "None", "netIncomeFromContinuingOperations": "-174101000", "comprehensiveIncomeNetOfTax": "None", "ebit": "-143407000", "ebitda": "-129342000", "netIncome": "-174101000"}, {"fiscalDateEnding": "2022-12-31", "reportedCurrency": "USD", "grossProfit": "283769000", "totalRevenue": "335035000", "costOfRevenue": "51266000", "costofGoodsAndServicesSold": "51266000", "operatingIncome": "-188614000", "sellingGeneralAndAdministrative": "210344000", "researchAndDevelopment": "262039000", "operatingExpenses": "472383000", "investmentIncomeNet": "None", "netInterestIncome": "-15836000", "interestIncome": "14077000", "interestExpense": "29913000", "nonInterestIncome": "None", "otherNonOperatingIncome": "11506000", "depreciation": "None", "depreciationAndAmortization": "14311000", "incomeBeforeTax": "-207021000", "incomeTaxExpense": "472000", "interestAndDebtExpense": "None", "netIncomeFromContinuingOperations": "-207493000", "comprehensiveIncomeNetOfTax": "None", "ebit": "-177108000", "ebitda": "-162797000", "netIncome": "-207493000"}, {"fiscalDateEnding": "2022-09-30", "reportedCurrency": "USD", "grossProfit": "223190000", "totalRevenue": "264306000", "costOfRevenue": "41116000", "costofGoodsAndServicesSold": "41116000", "operatingIncome": "-258040000", "sellingGeneralAndAdministrative": "235859000", "researchAndDevelopment": "245371000", "operatingExpenses": "481230000", "investmentIncomeNet": "None", "netInterestIncome": "-33264000", "interestIncome": "7820000", "interestExpense": "41084000", "nonInterestIncome": "None", "otherNonOperatingIncome": "-106819000", "depreciation": "None", "depreciationAndAmortization": "10600000", "incomeBeforeTax": "-405943000", "incomeTaxExpense": "-23000", "interestAndDebtExpense": "None", "netIncomeFromContinuingOperations": "-405920000", "comprehensiveIncomeNetOfTax": "None", "ebit": "-364859000", "ebitda": "-354259000", "netIncome": "-405920000"}, {"fiscalDateEnding": "2022-06-30", "reportedCurrency": "USD", "grossProfit": "184010000", "totalRevenue": "224818000", "costOfRevenue": "40808000", "costofGoodsAndServicesSold": "40808000", "operatingIncome": "-191686000", "sellingGeneralAndAdministrative": "169984000", "researchAndDevelopment": "205712000", "operatingExpenses": "375696000", "investmentIncomeNet": "None", "netInterestIncome": "-40710000", "interestIncome": "1899000", "interestExpense": "42609000", "nonInterestIncome": "None", "otherNonOperatingIncome": "-40378000", "depreciation": "None", "depreciationAndAmortization": "10097000", "incomeBeforeTax": "-274673000", "incomeTaxExpense": "2729000", "interestAndDebtExpense": "None", "netIncomeFromContinuingOperations": "-277402000", "comprehensiveIncomeNetOfTax": "None", "ebit": "-232064000", "ebitda": "-221967000", "netIncome": "-277402000"}, {"fiscalDateEnding": "2022-03-31", "reportedCurrency": "USD", "grossProfit": "177632000", "totalRevenue": "213259000", "costOfRevenue": "35627000", "costofGoodsAndServicesSold": "35627000", "operatingIncome": "-146732000", "sellingGeneralAndAdministrative": "154471000", "researchAndDevelopment": "169893000", "operatingExpenses": "324364000", "investmentIncomeNet": "None", "netInterestIncome": "-41350000", "interestIncome": "1012000", "interestExpense": "42362000", "nonInterestIncome": "None", "otherNonOperatingIncome": "-50262000", "depreciation": "None", "depreciationAndAmortization": "9460000", "incomeBeforeTax": "-239356000", "incomeTaxExpense": "985000", "interestAndDebtExpense": "None", "netIncomeFromContinuingOperations": "-240341000", "comprehensiveIncomeNetOfTax": "None", "ebit": "-196994000", "ebitda": "-187534000", "netIncome": "-240341000"}, {"fiscalDateEnding": "2021-12-31", "reportedCurrency": "USD", "grossProfit": "220871000", "totalRevenue": "258535000", "costOfRevenue": "37664000", "costofGoodsAndServicesSold": "37664000", "operatingIncome": "-194561000", "sellingGeneralAndAdministrative": "186382000", "researchAndDevelopment": "229050000", "operatingExpenses": "415432000", "investmentIncomeNet": "None", "netInterestIncome": "-36321000", "interestIncome": "495000", "interestExpense": "36816000", "nonInterestIncome": "None", "otherNonOperatingIncome": "-28925000", "depreciation": "None", "depreciationAndAmortization": "11375000", "incomeBeforeTax": "-260302000", "incomeTaxExpense": "-1842000", "interestAndDebtExpense": "None", "netIncomeFromContinuingOperations": "-258460000", "comprehensiveIncomeNetOfTax": "None", "ebit": "-223486000", "ebitda": "-212111000", "netIncome": "-258460000"}, {"fiscalDateEnding": "2021-09-30", "reportedCurrency": "USD", "grossProfit": "154970000", "totalRevenue": "187633000", "costOfRevenue": "32663000", "costofGoodsAndServicesSold": "32663000", "operatingIncome": "-181677000", "sellingGeneralAndAdministrative": "142075000", "researchAndDevelopment": "194572000", "operatingExpenses": "336647000", "investmentIncomeNet": "None", "netInterestIncome": "-40049000", "interestIncome": "225000", "interestExpense": "40274000", "nonInterestIncome": "None", "otherNonOperatingIncome": "17715000", "depreciation": "None", "depreciationAndAmortization": "11786000", "incomeBeforeTax": "-204236000", "incomeTaxExpense": "278000", "interestAndDebtExpense": "None", "netIncomeFromContinuingOperations": "-204514000", "comprehensiveIncomeNetOfTax": "None", "ebit": "-163962000", "ebitda": "-152176000", "netIncome": "-204514000"}, {"fiscalDateEnding": "2021-06-30", "reportedCurrency": "USD", "grossProfit": "181798000", "totalRevenue": "220553000", "costOfRevenue": "38755000", "costofGoodsAndServicesSold": "38755000", "operatingIncome": "-146160000", "sellingGeneralAndAdministrative": "145323000", "researchAndDevelopment": "182635000", "operatingExpenses": "327958000", "investmentIncomeNet": "None", "netInterestIncome": "-33007000", "interestIncome": "409000", "interestExpense": "33416000", "nonInterestIncome": "None", "otherNonOperatingIncome": "-8755000", "depreciation": "None", "depreciationAndAmortization": "11805000", "incomeBeforeTax": "-188331000", "incomeTaxExpense": "1228000", "interestAndDebtExpense": "None", "netIncomeFromContinuingOperations": "-189559000", "comprehensiveIncomeNetOfTax": "None", "ebit": "-154915000", "ebitda": "-143110000", "netIncome": "-189559000"}, {"fiscalDateEnding": "2021-03-31", "reportedCurrency": "USD", "grossProfit": "146504000", "totalRevenue": "177566000", "costOfRevenue": "31062000", "costofGoodsAndServicesSold": "31062000", "operatingIncome": "-186254000", "sellingGeneralAndAdministrative": "146859000", "researchAndDevelopment": "185899000", "operatingExpenses": "332758000", "investmentIncomeNet": "None", "netInterestIncome": "-32065000", "interestIncome": "450000", "interestExpense": "32515000", "nonInterestIncome": "None", "otherNonOperatingIncome": "19494000", "depreciation": "None", "depreciationAndAmortization": "12601000", "incomeBeforeTax": "-199275000", "incomeTaxExpense": "1016000", "interestAndDebtExpense": "None", "netIncomeFromContinuingOperations": "-200291000", "comprehensiveIncomeNetOfTax": "None", "ebit": "-166760000", "ebitda": "-154159000", "netIncome": "-200291000"}, {"fiscalDateEnding": "2020-12-31", "reportedCurrency": "USD", "grossProfit": "140538000", "totalRevenue": "163562000", "costOfRevenue": "23024000", "costofGoodsAndServicesSold": "23024000", "operatingIncome": "-194222000", "sellingGeneralAndAdministrative": "166291000", "researchAndDevelopment": "168469000", "operatingExpenses": "334760000", "investmentIncomeNet": "None", "netInterestIncome": "-27425000", "interestIncome": "1092000", "interestExpense": "28517000", "nonInterestIncome": "None", "otherNonOperatingIncome": "-20860000", "depreciation": "None", "depreciationAndAmortization": "10386000", "incomeBeforeTax": "-243599000", "incomeTaxExpense": "-59000", "interestAndDebtExpense": "None", "netIncomeFromContinuingOperations": "-243540000", "comprehensiveIncomeNetOfTax": "None", "ebit": "-215082000", "ebitda": "-204696000", "netIncome": "-243540000"}, {"fiscalDateEnding": "2020-09-30", "reportedCurrency": "USD", "grossProfit": "104056000", "totalRevenue": "125853000", "costOfRevenue": "21797000", "costofGoodsAndServicesSold": "21797000", "operatingIncome": "-225199000", "sellingGeneralAndAdministrative": "167472000", "researchAndDevelopment": "161783000", "operatingExpenses": "329255000", "investmentIncomeNet": "None", "netInterestIncome": "-26659000", "interestIncome": "2072000", "interestExpense": "28731000", "nonInterestIncome": "None", "otherNonOperatingIncome": "1478000", "depreciation": "None", "depreciationAndAmortization": "8573000", "incomeBeforeTax": "-252452000", "incomeTaxExpense": "839000", "interestAndDebtExpense": "None", "netIncomeFromContinuingOperations": "-253291000", "comprehensiveIncomeNetOfTax": "None", "ebit": "-223721000", "ebitda": "-215148000", "netIncome": "-253291000"}, {"fiscalDateEnding": "2020-06-30", "reportedCurrency": "USD", "grossProfit": "84033000", "totalRevenue": "103962000", "costOfRevenue": "19929000", "costofGoodsAndServicesSold": "19929000", "operatingIncome": "-198859000", "sellingGeneralAndAdministrative": "127896000", "researchAndDevelopment": "154996000", "operatingExpenses": "282892000", "investmentIncomeNet": "None", "netInterestIncome": "-24083000", "interestIncome": "3165000", "interestExpense": "27248000", "nonInterestIncome": "None", "otherNonOperatingIncome": "48204000", "depreciation": "None", "depreciationAndAmortization": "8200000", "incomeBeforeTax": "-177903000", "incomeTaxExpense": "1326000", "interestAndDebtExpense": "None", "netIncomeFromContinuingOperations": "-179229000", "comprehensiveIncomeNetOfTax": "None", "ebit": "-150655000", "ebitda": "-142455000", "netIncome": "-179229000"}, {"fiscalDateEnding": "2020-03-31", "reportedCurrency": "USD", "grossProfit": "86174000", "totalRevenue": "99476000", "costOfRevenue": "13302000", "costofGoodsAndServicesSold": "13302000", "operatingIncome": "-210158000", "sellingGeneralAndAdministrative": "126761000", "researchAndDevelopment": "169571000", "operatingExpenses": "296332000", "investmentIncomeNet": "None", "netInterestIncome": "5480000", "interestIncome": "5480000", "interestExpense": "5480000", "nonInterestIncome": "None", "otherNonOperatingIncome": "28512000", "depreciation": "None", "depreciationAndAmortization": "7613000", "incomeBeforeTax": "-181646000", "incomeTaxExpense": "575000", "interestAndDebtExpense": "None", "netIncomeFromContinuingOperations": "-182221000", "comprehensiveIncomeNetOfTax": "None", "ebit": "-181646000", "ebitda": "-174033000", "netIncome": "-182221000"}, {"fiscalDateEnding": "2019-12-31", "reportedCurrency": "USD", "grossProfit": "59505000", "totalRevenue": "71681000", "costOfRevenue": "12176000", "costofGoodsAndServicesSold": "12176000", "operatingIncome": "-298073000", "sellingGeneralAndAdministrative": "156277000", "researchAndDevelopment": "201301000", "operatingExpenses": "357578000", "investmentIncomeNet": "None", "netInterestIncome": "7253000", "interestIncome": "7253000", "interestExpense": "7253000", "nonInterestIncome": "None", "otherNonOperatingIncome": "21490000", "depreciation": "None", "depreciationAndAmortization": "14762000", "incomeBeforeTax": "-276583000", "incomeTaxExpense": "-398000", "interestAndDebtExpense": "None", "netIncomeFromContinuingOperations": "-276185000", "comprehensiveIncomeNetOfTax": "None", "ebit": "-298073000", "ebitda": "-283311000", "netIncome": "-276185000"}, {"fiscalDateEnding": "2019-09-30", "reportedCurrency": "USD", "grossProfit": "64848000", "totalRevenue": "70061000", "costOfRevenue": "5213000", "costofGoodsAndServicesSold": "5213000", "operatingIncome": "-216299000", "sellingGeneralAndAdministrative": "120351000", "researchAndDevelopment": "160796000", "operatingExpenses": "281147000", "investmentIncomeNet": "None", "netInterestIncome": "9889000", "interestIncome": "9889000", "interestExpense": "9889000", "nonInterestIncome": "None", "otherNonOperatingIncome": "7370000", "depreciation": "None", "depreciationAndAmortization": "13328000", "incomeBeforeTax": "-208929000", "incomeTaxExpense": "-394000", "interestAndDebtExpense": "None", "netIncomeFromContinuingOperations": "-208535000", "comprehensiveIncomeNetOfTax": "None", "ebit": "-208929000", "ebitda": "-195601000", "netIncome": "-208535000"}, {"fiscalDateEnding": "2019-06-30", "reportedCurrency": "USD", "grossProfit": "40388000", "totalRevenue": "44714000", "costOfRevenue": "4326000", "costofGoodsAndServicesSold": "4326000", "operatingIncome": "-236271000", "sellingGeneralAndAdministrative": "112769000", "researchAndDevelopment": "163890000", "operatingExpenses": "276659000", "investmentIncomeNet": "None", "netInterestIncome": "8781000", "interestIncome": "8781000", "interestExpense": "8781000", "nonInterestIncome": "None", "otherNonOperatingIncome": "17750000", "depreciation": "None", "depreciationAndAmortization": "12185000", "incomeBeforeTax": "-218521000", "incomeTaxExpense": "960000", "interestAndDebtExpense": "None", "netIncomeFromContinuingOperations": "-219481000", "comprehensiveIncomeNetOfTax": "None", "ebit": "-220961000", "ebitda": "-208776000", "netIncome": "-219481000"}, {"fiscalDateEnding": "2019-03-31", "reportedCurrency": "USD", "grossProfit": "29947000", "totalRevenue": "33294000", "costOfRevenue": "3347000", "costofGoodsAndServicesSold": "3347000", "operatingIncome": "-188788000", "sellingGeneralAndAdministrative": "89608000", "researchAndDevelopment": "129127000", "operatingExpenses": "218735000", "investmentIncomeNet": "None", "netInterestIncome": "7525000", "interestIncome": "7525000", "interestExpense": "7525000", "nonInterestIncome": "None", "otherNonOperatingIncome": "7568000", "depreciation": "None", "depreciationAndAmortization": "14093000", "incomeBeforeTax": "-181220000", "incomeTaxExpense": "695000", "interestAndDebtExpense": "None", "netIncomeFromContinuingOperations": "-181915000", "comprehensiveIncomeNetOfTax": "None", "ebit": "-188788000", "ebitda": "-174695000", "netIncome": "-181915000"}, {"fiscalDateEnding": "2018-12-31", "reportedCurrency": "USD", "grossProfit": "19368000", "totalRevenue": "21033000", "costOfRevenue": "1665000", "costofGoodsAndServicesSold": "1665000", "operatingIncome": "-220356000", "sellingGeneralAndAdministrative": "108688000", "researchAndDevelopment": "131036000", "operatingExpenses": "239724000", "investmentIncomeNet": "None", "netInterestIncome": "None", "interestIncome": "None", "interestExpense": "10571000", "nonInterestIncome": "None", "otherNonOperatingIncome": "9276000", "depreciation": "None", "depreciationAndAmortization": "-2228000", "incomeBeforeTax": "-211080000", "incomeTaxExpense": "361000", "interestAndDebtExpense": "None", "netIncomeFromContinuingOperations": "-211441000", "comprehensiveIncomeNetOfTax": "None", "ebit": "-218128000", "ebitda": "-220356000", "netIncome": "-211441000"}, {"fiscalDateEnding": "2018-09-30", "reportedCurrency": "USD", "grossProfit": "1932000", "totalRevenue": "2069000", "costOfRevenue": "137000", "costofGoodsAndServicesSold": "137000", "operatingIncome": "-254558000", "sellingGeneralAndAdministrative": "116545000", "researchAndDevelopment": "139945000", "operatingExpenses": "256490000", "investmentIncomeNet": "None", "netInterestIncome": "None", "interestIncome": "None", "interestExpense": "6796000", "nonInterestIncome": "None", "otherNonOperatingIncome": "9721000", "depreciation": "None", "depreciationAndAmortization": "3246000", "incomeBeforeTax": "-244837000", "incomeTaxExpense": "445000", "interestAndDebtExpense": "None", "netIncomeFromContinuingOperations": "-245282000", "comprehensiveIncomeNetOfTax": "None", "ebit": "-257804000", "ebitda": "-254558000", "netIncome": "-245282000"}, {"fiscalDateEnding": "2018-06-30", "reportedCurrency": "USD", "grossProfit": "29907000", "totalRevenue": "29907000", "costOfRevenue": "220022000", "costofGoodsAndServicesSold": "220022000", "operatingIncome": "-192354000", "sellingGeneralAndAdministrative": "84679000", "researchAndDevelopment": "137582000", "operatingExpenses": "222261000", "investmentIncomeNet": "None", "netInterestIncome": "None", "interestIncome": "None", "interestExpense": "6101000", "nonInterestIncome": "None", "otherNonOperatingIncome": "28873000", "depreciation": "None", "depreciationAndAmortization": "2239000", "incomeBeforeTax": "-163481000", "incomeTaxExpense": "79000", "interestAndDebtExpense": "None", "netIncomeFromContinuingOperations": "-163560000", "comprehensiveIncomeNetOfTax": "None", "ebit": "-192354000", "ebitda": "-190115000", "netIncome": "-163560000"}, {"fiscalDateEnding": "2018-03-31", "reportedCurrency": "USD", "grossProfit": "21899000", "totalRevenue": "21899000", "costOfRevenue": "166126000", "costofGoodsAndServicesSold": "166126000", "operatingIncome": "-147405000", "sellingGeneralAndAdministrative": "72447000", "researchAndDevelopment": "96857000", "operatingExpenses": "169304000", "investmentIncomeNet": "None", "netInterestIncome": "None", "interestIncome": "None", "interestExpense": "5794000", "nonInterestIncome": "None", "otherNonOperatingIncome": "6129000", "depreciation": "None", "depreciationAndAmortization": "3178000", "incomeBeforeTax": "-141276000", "incomeTaxExpense": "-62000", "interestAndDebtExpense": "None", "netIncomeFromContinuingOperations": "-141214000", "comprehensiveIncomeNetOfTax": "None", "ebit": "-147405000", "ebitda": "-144227000", "netIncome": "-141214000"}, {"fiscalDateEnding": "2017-12-31", "reportedCurrency": "USD", "grossProfit": "37924000", "totalRevenue": "37924000", "costOfRevenue": "181513000", "costofGoodsAndServicesSold": "181513000", "operatingIncome": "-147303000", "sellingGeneralAndAdministrative": "67455000", "researchAndDevelopment": "117772000", "operatingExpenses": "185227000", "investmentIncomeNet": "None", "netInterestIncome": "None", "interestIncome": "None", "interestExpense": "4235000", "nonInterestIncome": "None", "otherNonOperatingIncome": "5076000", "depreciation": "None", "depreciationAndAmortization": "3714000", "incomeBeforeTax": "-142227000", "incomeTaxExpense": "-7949000", "interestAndDebtExpense": "None", "netIncomeFromContinuingOperations": "-142227000", "comprehensiveIncomeNetOfTax": "None", "ebit": "-147303000", "ebitda": "-143589000", "netIncome": "-142227000"}, {"fiscalDateEnding": "2017-09-30", "reportedCurrency": "USD", "grossProfit": "17096000", "totalRevenue": "17096000", "costOfRevenue": "139309000", "costofGoodsAndServicesSold": "139309000", "operatingIncome": "-125800000", "sellingGeneralAndAdministrative": "47644000", "researchAndDevelopment": "95252000", "operatingExpenses": "142896000", "investmentIncomeNet": "None", "netInterestIncome": "None", "interestIncome": "None", "interestExpense": "3296000", "nonInterestIncome": "None", "otherNonOperatingIncome": "2863000", "depreciation": "None", "depreciationAndAmortization": "3587000", "incomeBeforeTax": "-122937000", "incomeTaxExpense": "-3296000", "interestAndDebtExpense": "None", "netIncomeFromContinuingOperations": "-122937000", "comprehensiveIncomeNetOfTax": "None", "ebit": "-125800000", "ebitda": "-122213000", "netIncome": "-122937000"}, {"fiscalDateEnding": "2017-06-30", "reportedCurrency": "USD", "grossProfit": "15932000", "totalRevenue": "15932000", "costOfRevenue": "133340000", "costofGoodsAndServicesSold": "133340000", "operatingIncome": "-120474000", "sellingGeneralAndAdministrative": "45779000", "researchAndDevelopment": "90627000", "operatingExpenses": "136406000", "investmentIncomeNet": "None", "netInterestIncome": "None", "interestIncome": "None", "interestExpense": "2577000", "nonInterestIncome": "None", "otherNonOperatingIncome": "2054000", "depreciation": "None", "depreciationAndAmortization": "3066000", "incomeBeforeTax": "-118420000", "incomeTaxExpense": "-2577000", "interestAndDebtExpense": "None", "netIncomeFromContinuingOperations": "-118420000", "comprehensiveIncomeNetOfTax": "None", "ebit": "-120474000", "ebitda": "-117408000", "netIncome": "-118420000"}, {"fiscalDateEnding": "2017-03-31", "reportedCurrency": "USD", "grossProfit": "18960000", "totalRevenue": "18960000", "costOfRevenue": "122471000", "costofGoodsAndServicesSold": "122471000", "operatingIncome": "-106511000", "sellingGeneralAndAdministrative": "38487000", "researchAndDevelopment": "86984000", "operatingExpenses": "125471000", "investmentIncomeNet": "None", "netInterestIncome": "None", "interestIncome": "None", "interestExpense": "2128000", "nonInterestIncome": "None", "otherNonOperatingIncome": "-779000", "depreciation": "None", "depreciationAndAmortization": "3000000", "incomeBeforeTax": "-107290000", "incomeTaxExpense": "-2128000", "interestAndDebtExpense": "None", "netIncomeFromContinuingOperations": "-107290000", "comprehensiveIncomeNetOfTax": "None", "ebit": "-106511000", "ebitda": "-103511000", "netIncome": "-107290000"}, {"fiscalDateEnding": "2016-12-31", "reportedCurrency": "USD", "grossProfit": "17454000", "totalRevenue": "17454000", "costOfRevenue": "129869000", "costofGoodsAndServicesSold": "129869000", "operatingIncome": "-115433000", "sellingGeneralAndAdministrative": "27876000", "researchAndDevelopment": "105011000", "operatingExpenses": "132887000", "investmentIncomeNet": "None", "netInterestIncome": "None", "interestIncome": "None", "interestExpense": "2199000", "nonInterestIncome": "None", "otherNonOperatingIncome": "2499000", "depreciation": "None", "depreciationAndAmortization": "3018000", "incomeBeforeTax": "-112934000", "incomeTaxExpense": "-5217000", "interestAndDebtExpense": "None", "netIncomeFromContinuingOperations": "-112934000", "comprehensiveIncomeNetOfTax": "None", "ebit": "-115433000", "ebitda": "-112415000", "netIncome": "-112934000"}, {"fiscalDateEnding": "2016-09-30", "reportedCurrency": "USD", "grossProfit": "13651000", "totalRevenue": "13651000", "costOfRevenue": "116827000", "costofGoodsAndServicesSold": "116827000", "operatingIncome": "-106676000", "sellingGeneralAndAdministrative": "22391000", "researchAndDevelopment": "97936000", "operatingExpenses": "120327000", "investmentIncomeNet": "None", "netInterestIncome": "None", "interestIncome": "None", "interestExpense": "2204000", "nonInterestIncome": "None", "otherNonOperatingIncome": "2605000", "depreciation": "None", "depreciationAndAmortization": "3500000", "incomeBeforeTax": "-104071000", "incomeTaxExpense": "-2204000", "interestAndDebtExpense": "None", "netIncomeFromContinuingOperations": "-104071000", "comprehensiveIncomeNetOfTax": "None", "ebit": "-106676000", "ebitda": "-103176000", "netIncome": "-104071000"}, {"fiscalDateEnding": "2016-06-30", "reportedCurrency": "USD", "grossProfit": "8709000", "totalRevenue": "8709000", "costOfRevenue": "97148000", "costofGoodsAndServicesSold": "97148000", "operatingIncome": "-92450000", "sellingGeneralAndAdministrative": "17987000", "researchAndDevelopment": "83172000", "operatingExpenses": "101159000", "investmentIncomeNet": "None", "netInterestIncome": "None", "interestIncome": "None", "interestExpense": "2092000", "nonInterestIncome": "None", "otherNonOperatingIncome": "2321000", "depreciation": "None", "depreciationAndAmortization": "4011000", "incomeBeforeTax": "-90129000", "incomeTaxExpense": "-2092000", "interestAndDebtExpense": "None", "netIncomeFromContinuingOperations": "-90129000", "comprehensiveIncomeNetOfTax": "None", "ebit": "-92450000", "ebitda": "-88439000", "netIncome": "-90129000"}, {"fiscalDateEnding": "2016-03-31", "reportedCurrency": "USD", "grossProfit": "7345000", "totalRevenue": "7345000", "costOfRevenue": "112772000", "costofGoodsAndServicesSold": "112772000", "operatingIncome": "-110028000", "sellingGeneralAndAdministrative": "21100000", "researchAndDevelopment": "96273000", "operatingExpenses": "117373000", "investmentIncomeNet": "None", "netInterestIncome": "None", "interestIncome": "None", "interestExpense": "1813000", "nonInterestIncome": "None", "otherNonOperatingIncome": "7054000", "depreciation": "None", "depreciationAndAmortization": "4601000", "incomeBeforeTax": "-102974000", "incomeTaxExpense": "-6414000", "interestAndDebtExpense": "None", "netIncomeFromContinuingOperations": "-102974000", "comprehensiveIncomeNetOfTax": "None", "ebit": "-110028000", "ebitda": "-105427000", "netIncome": "-102974000"}, {"fiscalDateEnding": "2015-12-31", "reportedCurrency": "USD", "grossProfit": "7551000", "totalRevenue": "7551000", "costOfRevenue": "94994000", "costofGoodsAndServicesSold": "94994000", "operatingIncome": "-92512000", "sellingGeneralAndAdministrative": "17228000", "researchAndDevelopment": "82835000", "operatingExpenses": "100063000", "investmentIncomeNet": "None", "netInterestIncome": "None", "interestIncome": "None", "interestExpense": "1616000", "nonInterestIncome": "None", "otherNonOperatingIncome": "1791000", "depreciation": "None", "depreciationAndAmortization": "5069000", "incomeBeforeTax": "-90721000", "incomeTaxExpense": "-6685000", "interestAndDebtExpense": "None", "netIncomeFromContinuingOperations": "-90721000", "comprehensiveIncomeNetOfTax": "None", "ebit": "-92512000", "ebitda": "-87443000", "netIncome": "-90721000"}, {"fiscalDateEnding": "2015-09-30", "reportedCurrency": "USD", "grossProfit": "6324000", "totalRevenue": "6324000", "costOfRevenue": "79384000", "costofGoodsAndServicesSold": "79384000", "operatingIncome": "-78330000", "sellingGeneralAndAdministrative": "16036000", "researchAndDevelopment": "68618000", "operatingExpenses": "84654000", "investmentIncomeNet": "None", "netInterestIncome": "None", "interestIncome": "None", "interestExpense": "1610000", "nonInterestIncome": "None", "otherNonOperatingIncome": "1538000", "depreciation": "None", "depreciationAndAmortization": "5270000", "incomeBeforeTax": "-76792000", "incomeTaxExpense": "-1610000", "interestAndDebtExpense": "None", "netIncomeFromContinuingOperations": "-76792000", "comprehensiveIncomeNetOfTax": "None", "ebit": "-78330000", "ebitda": "-73060000", "netIncome": "-76792000"}, {"fiscalDateEnding": "2015-06-30", "reportedCurrency": "USD", "grossProfit": "8685000", "totalRevenue": "8685000", "costOfRevenue": "76608000", "costofGoodsAndServicesSold": "76608000", "operatingIncome": "-72944000", "sellingGeneralAndAdministrative": "14622000", "researchAndDevelopment": "67007000", "operatingExpenses": "81629000", "investmentIncomeNet": "None", "netInterestIncome": "None", "interestIncome": "None", "interestExpense": "1619000", "nonInterestIncome": "None", "otherNonOperatingIncome": "1592000", "depreciation": "None", "depreciationAndAmortization": "5021000", "incomeBeforeTax": "-71352000", "incomeTaxExpense": "431000", "interestAndDebtExpense": "None", "netIncomeFromContinuingOperations": "-71783000", "comprehensiveIncomeNetOfTax": "None", "ebit": "-72944000", "ebitda": "-67923000", "netIncome": "-71783000"}, {"fiscalDateEnding": "2015-03-31", "reportedCurrency": "USD", "grossProfit": "18537000", "totalRevenue": "18537000", "costOfRevenue": "67069000", "costofGoodsAndServicesSold": "67069000", "operatingIncome": "-52222000", "sellingGeneralAndAdministrative": "12724000", "researchAndDevelopment": "58035000", "operatingExpenses": "70759000", "investmentIncomeNet": "None", "netInterestIncome": "None", "interestIncome": "None", "interestExpense": "1014000", "nonInterestIncome": "None", "otherNonOperatingIncome": "1014000", "depreciation": "None", "depreciationAndAmortization": "3690000", "incomeBeforeTax": "-51208000", "incomeTaxExpense": "-431000", "interestAndDebtExpense": "None", "netIncomeFromContinuingOperations": "-50777000", "comprehensiveIncomeNetOfTax": "None", "ebit": "-52222000", "ebitda": "-48532000", "netIncome": "-50777000"}, {"fiscalDateEnding": "2014-12-31", "reportedCurrency": "USD", "grossProfit": "24019000", "totalRevenue": "24019000", "costOfRevenue": "66390000", "costofGoodsAndServicesSold": "66390000", "operatingIncome": "-45712000", "sellingGeneralAndAdministrative": "14185000", "researchAndDevelopment": "55546000", "operatingExpenses": "69731000", "investmentIncomeNet": "None", "netInterestIncome": "None", "interestIncome": "None", "interestExpense": "780000", "nonInterestIncome": "None", "otherNonOperatingIncome": "2232000", "depreciation": "None", "depreciationAndAmortization": "3341000", "incomeBeforeTax": "-43480000", "incomeTaxExpense": "-22091000", "interestAndDebtExpense": "None", "netIncomeFromContinuingOperations": "-21389000", "comprehensiveIncomeNetOfTax": "None", "ebit": "-45712000", "ebitda": "-42371000", "netIncome": "-21389000"}, {"fiscalDateEnding": "2014-09-30", "reportedCurrency": "USD", "grossProfit": "10972000", "totalRevenue": "10972000", "costOfRevenue": "53054000", "costofGoodsAndServicesSold": "53054000", "operatingIncome": "-45199000", "sellingGeneralAndAdministrative": "9898000", "researchAndDevelopment": "46273000", "operatingExpenses": "56171000", "investmentIncomeNet": "None", "netInterestIncome": "None", "interestIncome": "None", "interestExpense": "753000", "nonInterestIncome": "None", "otherNonOperatingIncome": "1277000", "depreciation": "None", "depreciationAndAmortization": "3117000", "incomeBeforeTax": "-43922000", "incomeTaxExpense": "67000", "interestAndDebtExpense": "None", "netIncomeFromContinuingOperations": "-43989000", "comprehensiveIncomeNetOfTax": "None", "ebit": "-45199000", "ebitda": "-42082000", "netIncome": "-43989000"}, {"fiscalDateEnding": "2014-06-30", "reportedCurrency": "USD", "grossProfit": "7295000", "totalRevenue": "7295000", "costOfRevenue": "53322000", "costofGoodsAndServicesSold": "53322000", "operatingIncome": "-45005000", "sellingGeneralAndAdministrative": "11518000", "researchAndDevelopment": "44672000", "operatingExpenses": "56190000", "investmentIncomeNet": "None", "netInterestIncome": "None", "interestIncome": "None", "interestExpense": "693000", "nonInterestIncome": "None", "otherNonOperatingIncome": "616000", "depreciation": "None", "depreciationAndAmortization": "2868000", "incomeBeforeTax": "-44389000", "incomeTaxExpense": "-315000", "interestAndDebtExpense": "None", "netIncomeFromContinuingOperations": "-44074000", "comprehensiveIncomeNetOfTax": "None", "ebit": "-48895000", "ebitda": "-46027000", "netIncome": "-44074000"}, {"fiscalDateEnding": "2014-03-31", "reportedCurrency": "USD", "grossProfit": "8275000", "totalRevenue": "8275000", "costOfRevenue": "50083000", "costofGoodsAndServicesSold": "50083000", "operatingIncome": "-269064000", "sellingGeneralAndAdministrative": "8925000", "researchAndDevelopment": "43758000", "operatingExpenses": "52683000", "investmentIncomeNet": "None", "netInterestIncome": "None", "interestIncome": "None", "interestExpense": "333000", "nonInterestIncome": "None", "otherNonOperatingIncome": "251000", "depreciation": "None", "depreciationAndAmortization": "2600000", "incomeBeforeTax": "-268813000", "incomeTaxExpense": "-17870000", "interestAndDebtExpense": "None", "netIncomeFromContinuingOperations": "-250943000", "comprehensiveIncomeNetOfTax": "None", "ebit": "-44408000", "ebitda": "-41808000", "netIncome": "-250943000"}, {"fiscalDateEnding": "2013-12-31", "reportedCurrency": "USD", "grossProfit": "10847000", "totalRevenue": "10847000", "costOfRevenue": "37991000", "costofGoodsAndServicesSold": "37991000", "operatingIncome": "-29592000", "sellingGeneralAndAdministrative": "8333000", "researchAndDevelopment": "32106000", "operatingExpenses": "40439000", "investmentIncomeNet": "None", "netInterestIncome": "None", "interestIncome": "None", "interestExpense": "285000", "nonInterestIncome": "None", "otherNonOperatingIncome": "256000", "depreciation": "None", "depreciationAndAmortization": "2627000", "incomeBeforeTax": "-29336000", "incomeTaxExpense": "3021000", "interestAndDebtExpense": "None", "netIncomeFromContinuingOperations": "-32357000", "comprehensiveIncomeNetOfTax": "None", "ebit": "-29592000", "ebitda": "-26965000", "netIncome": "-32357000"}, {"fiscalDateEnding": "2013-09-30", "reportedCurrency": "USD", "grossProfit": "8991000", "totalRevenue": "8991000", "costOfRevenue": "38461000", "costofGoodsAndServicesSold": "38461000", "operatingIncome": "-32234000", "sellingGeneralAndAdministrative": "6768000", "researchAndDevelopment": "34457000", "operatingExpenses": "41225000", "investmentIncomeNet": "None", "netInterestIncome": "None", "interestIncome": "None", "interestExpense": "290000", "nonInterestIncome": "None", "otherNonOperatingIncome": "278000", "depreciation": "None", "depreciationAndAmortization": "2764000", "incomeBeforeTax": "-31956000", "incomeTaxExpense": "-2270000", "interestAndDebtExpense": "None", "netIncomeFromContinuingOperations": "-29686000", "comprehensiveIncomeNetOfTax": "None", "ebit": "-32234000", "ebitda": "-29470000", "netIncome": "-29686000"}, {"fiscalDateEnding": "2013-06-30", "reportedCurrency": "USD", "grossProfit": "8687000", "totalRevenue": "8687000", "costOfRevenue": "27288000", "costofGoodsAndServicesSold": "27288000", "operatingIncome": "-21312000", "sellingGeneralAndAdministrative": "5784000", "researchAndDevelopment": "24215000", "operatingExpenses": "29999000", "investmentIncomeNet": "None", "netInterestIncome": "None", "interestIncome": "None", "interestExpense": "270000", "nonInterestIncome": "None", "otherNonOperatingIncome": "259000", "depreciation": "None", "depreciationAndAmortization": "2711000", "incomeBeforeTax": "-21053000", "incomeTaxExpense": "-2884000", "interestAndDebtExpense": "None", "netIncomeFromContinuingOperations": "-18169000", "comprehensiveIncomeNetOfTax": "None", "ebit": "-21312000", "ebitda": "-18601000", "netIncome": "-18169000"}, {"fiscalDateEnding": "2013-03-31", "reportedCurrency": "USD", "grossProfit": "18642000", "totalRevenue": "18642000", "costOfRevenue": "26319000", "costofGoodsAndServicesSold": "26319000", "operatingIncome": "-9804000", "sellingGeneralAndAdministrative": "6267000", "researchAndDevelopment": "22179000", "operatingExpenses": "28446000", "investmentIncomeNet": "None", "netInterestIncome": "None", "interestIncome": "None", "interestExpense": "224000", "nonInterestIncome": "None", "otherNonOperatingIncome": "229000", "depreciation": "None", "depreciationAndAmortization": "2127000", "incomeBeforeTax": "-9575000", "incomeTaxExpense": "-562000", "interestAndDebtExpense": "None", "netIncomeFromContinuingOperations": "-9013000", "comprehensiveIncomeNetOfTax": "None", "ebit": "-9804000", "ebitda": "-7677000", "netIncome": "-9013000"}, {"fiscalDateEnding": "2012-12-31", "reportedCurrency": "USD", "grossProfit": "8495000", "totalRevenue": "8495000", "costOfRevenue": "29839000", "costofGoodsAndServicesSold": "29839000", "operatingIncome": "-88349000", "sellingGeneralAndAdministrative": "10166000", "researchAndDevelopment": "21678000", "operatingExpenses": "31844000", "investmentIncomeNet": "None", "netInterestIncome": "None", "interestIncome": "None", "interestExpense": "222000", "nonInterestIncome": "None", "otherNonOperatingIncome": "15589000", "depreciation": "None", "depreciationAndAmortization": "2024000", "incomeBeforeTax": "-72760000", "incomeTaxExpense": "-10572000", "interestAndDebtExpense": "None", "netIncomeFromContinuingOperations": "-62188000", "comprehensiveIncomeNetOfTax": "None", "ebit": "-23368000", "ebitda": "-21344000", "netIncome": "-62188000"}, {"fiscalDateEnding": "2012-09-30", "reportedCurrency": "USD", "grossProfit": "16759000", "totalRevenue": "16759000", "costOfRevenue": "32621000", "costofGoodsAndServicesSold": "32621000", "operatingIncome": "-18147000", "sellingGeneralAndAdministrative": "12812000", "researchAndDevelopment": "22094000", "operatingExpenses": "34906000", "investmentIncomeNet": "None", "netInterestIncome": "None", "interestIncome": "None", "interestExpense": "261000", "nonInterestIncome": "None", "otherNonOperatingIncome": "-1355000", "depreciation": "None", "depreciationAndAmortization": "2285000", "incomeBeforeTax": "-19502000", "incomeTaxExpense": "-2543000", "interestAndDebtExpense": "None", "netIncomeFromContinuingOperations": "-19502000", "comprehensiveIncomeNetOfTax": "None", "ebit": "-18147000", "ebitda": "-15862000", "netIncome": "-19502000"}, {"fiscalDateEnding": "2012-06-30", "reportedCurrency": "USD", "grossProfit": "20884000", "totalRevenue": "20884000", "costOfRevenue": "30529000", "costofGoodsAndServicesSold": "30529000", "operatingIncome": "-12067000", "sellingGeneralAndAdministrative": "11228000", "researchAndDevelopment": "21723000", "operatingExpenses": "32951000", "investmentIncomeNet": "None", "netInterestIncome": "None", "interestIncome": "None", "interestExpense": "271000", "nonInterestIncome": "None", "otherNonOperatingIncome": "-889000", "depreciation": "None", "depreciationAndAmortization": "2605000", "incomeBeforeTax": "-12956000", "incomeTaxExpense": "-2855000", "interestAndDebtExpense": "None", "netIncomeFromContinuingOperations": "-12956000", "comprehensiveIncomeNetOfTax": "None", "ebit": "-12067000", "ebitda": "-9462000", "netIncome": "-12956000"}, {"fiscalDateEnding": "2012-03-31", "reportedCurrency": "USD", "grossProfit": "20587000", "totalRevenue": "20587000", "costOfRevenue": "25450000", "costofGoodsAndServicesSold": "25450000", "operatingIncome": "-10893000", "sellingGeneralAndAdministrative": "10406000", "researchAndDevelopment": "21074000", "operatingExpenses": "31480000", "investmentIncomeNet": "None", "netInterestIncome": "None", "interestIncome": "None", "interestExpense": "223000", "nonInterestIncome": "None", "otherNonOperatingIncome": "-475000", "depreciation": "None", "depreciationAndAmortization": "2121000", "incomeBeforeTax": "-11368000", "incomeTaxExpense": "-414000", "interestAndDebtExpense": "None", "netIncomeFromContinuingOperations": "-11368000", "comprehensiveIncomeNetOfTax": "None", "ebit": "-11084000", "ebitda": "-8963000", "netIncome": "-11368000"}, {"fiscalDateEnding": "2011-12-31", "reportedCurrency": "USD", "grossProfit": "20455000", "totalRevenue": "20455000", "costOfRevenue": "32804000", "costofGoodsAndServicesSold": "32804000", "operatingIncome": "-13586000", "sellingGeneralAndAdministrative": "38280000", "researchAndDevelopment": "23369000", "operatingExpenses": "34041000", "investmentIncomeNet": "None", "netInterestIncome": "None", "interestIncome": "None", "interestExpense": "236000", "nonInterestIncome": "None", "otherNonOperatingIncome": "-717000", "depreciation": "None", "depreciationAndAmortization": "1237000", "incomeBeforeTax": "-14303000", "incomeTaxExpense": "-237000", "interestAndDebtExpense": "None", "netIncomeFromContinuingOperations": "-14303000", "comprehensiveIncomeNetOfTax": "None", "ebit": "-13586000", "ebitda": "-12349000", "netIncome": "-14303000"}, {"fiscalDateEnding": "2011-09-30", "reportedCurrency": "USD", "grossProfit": "20791000", "totalRevenue": "20791000", "costOfRevenue": "31967000", "costofGoodsAndServicesSold": "31967000", "operatingIncome": "-12438000", "sellingGeneralAndAdministrative": "8955000", "researchAndDevelopment": "24274000", "operatingExpenses": "33229000", "investmentIncomeNet": "None", "netInterestIncome": "None", "interestIncome": "None", "interestExpense": "265000", "nonInterestIncome": "None", "otherNonOperatingIncome": "-799000", "depreciation": "None", "depreciationAndAmortization": "1262000", "incomeBeforeTax": "-13237000", "incomeTaxExpense": "-930000", "interestAndDebtExpense": "None", "netIncomeFromContinuingOperations": "-13237000", "comprehensiveIncomeNetOfTax": "None", "ebit": "-12438000", "ebitda": "-11176000", "netIncome": "-13237000"}, {"fiscalDateEnding": "2011-06-30", "reportedCurrency": "USD", "grossProfit": "20614000", "totalRevenue": "20614000", "costOfRevenue": "32445000", "costofGoodsAndServicesSold": "32445000", "operatingIncome": "-13118000", "sellingGeneralAndAdministrative": "8429000", "researchAndDevelopment": "25303000", "operatingExpenses": "33732000", "investmentIncomeNet": "None", "netInterestIncome": "None", "interestIncome": "None", "interestExpense": "322000", "nonInterestIncome": "None", "otherNonOperatingIncome": "-706000", "depreciation": "None", "depreciationAndAmortization": "1287000", "incomeBeforeTax": "-13824000", "incomeTaxExpense": "-1593000", "interestAndDebtExpense": "None", "netIncomeFromContinuingOperations": "-13824000", "comprehensiveIncomeNetOfTax": "None", "ebit": "-13118000", "ebitda": "-11831000", "netIncome": "-13824000"}, {"fiscalDateEnding": "2011-03-31", "reportedCurrency": "USD", "grossProfit": "20897000", "totalRevenue": "20897000", "costOfRevenue": "35234000", "costofGoodsAndServicesSold": "35234000", "operatingIncome": "-15676000", "sellingGeneralAndAdministrative": "10224000", "researchAndDevelopment": "26349000", "operatingExpenses": "36573000", "investmentIncomeNet": "None", "netInterestIncome": "None", "interestIncome": "None", "interestExpense": "382000", "nonInterestIncome": "None", "otherNonOperatingIncome": "-609000", "depreciation": "None", "depreciationAndAmortization": "1339000", "incomeBeforeTax": "-16285000", "incomeTaxExpense": "-1802000", "interestAndDebtExpense": "None", "netIncomeFromContinuingOperations": "-16285000", "comprehensiveIncomeNetOfTax": "None", "ebit": "-15676000", "ebitda": "-14337000", "netIncome": "-16285000"}, {"fiscalDateEnding": "2010-12-31", "reportedCurrency": "USD", "grossProfit": "21192000", "totalRevenue": "21192000", "costOfRevenue": "32311000", "costofGoodsAndServicesSold": "32311000", "operatingIncome": "-12410000", "sellingGeneralAndAdministrative": "37727000", "researchAndDevelopment": "26080000", "operatingExpenses": "33602000", "investmentIncomeNet": "None", "netInterestIncome": "None", "interestIncome": "None", "interestExpense": "472000", "nonInterestIncome": "None", "otherNonOperatingIncome": "None", "depreciation": "None", "depreciationAndAmortization": "1291000", "incomeBeforeTax": "-6503000", "incomeTaxExpense": "427000", "interestAndDebtExpense": "None", "netIncomeFromContinuingOperations": "0", "comprehensiveIncomeNetOfTax": "None", "ebit": "-14305000", "ebitda": "-13014000", "netIncome": "-6930000"}, {"fiscalDateEnding": "2010-09-30", "reportedCurrency": "USD", "grossProfit": "27668000", "totalRevenue": "27668000", "costOfRevenue": "32937000", "costofGoodsAndServicesSold": "32937000", "operatingIncome": "-8728000", "sellingGeneralAndAdministrative": "8928000", "researchAndDevelopment": "27468000", "operatingExpenses": "36396000", "investmentIncomeNet": "None", "netInterestIncome": "None", "interestIncome": "None", "interestExpense": "602000", "nonInterestIncome": "None", "otherNonOperatingIncome": "-604000", "depreciation": "None", "depreciationAndAmortization": "1266000", "incomeBeforeTax": "-9332000", "incomeTaxExpense": "298000", "interestAndDebtExpense": "None", "netIncomeFromContinuingOperations": "-9630000", "comprehensiveIncomeNetOfTax": "None", "ebit": "-8728000", "ebitda": "-7462000", "netIncome": "-9630000"}, {"fiscalDateEnding": "2010-06-30", "reportedCurrency": "USD", "grossProfit": "26617000", "totalRevenue": "26617000", "costOfRevenue": "37020000", "costofGoodsAndServicesSold": "37020000", "operatingIncome": "-11626000", "sellingGeneralAndAdministrative": "10107000", "researchAndDevelopment": "28136000", "operatingExpenses": "38243000", "investmentIncomeNet": "None", "netInterestIncome": "None", "interestIncome": "None", "interestExpense": "641000", "nonInterestIncome": "None", "otherNonOperatingIncome": "-3235000", "depreciation": "None", "depreciationAndAmortization": "1223000", "incomeBeforeTax": "-14861000", "incomeTaxExpense": "-229000", "interestAndDebtExpense": "None", "netIncomeFromContinuingOperations": "-14632000", "comprehensiveIncomeNetOfTax": "None", "ebit": "-11626000", "ebitda": "-10403000", "netIncome": "-14632000"}, {"fiscalDateEnding": "2010-03-31", "reportedCurrency": "USD", "grossProfit": "24564000", "totalRevenue": "24564000", "costOfRevenue": "34709000", "costofGoodsAndServicesSold": "34709000", "operatingIncome": "-11306000", "sellingGeneralAndAdministrative": "11170000", "researchAndDevelopment": "24700000", "operatingExpenses": "35870000", "investmentIncomeNet": "None", "netInterestIncome": "None", "interestIncome": "None", "interestExpense": "590000", "nonInterestIncome": "None", "otherNonOperatingIncome": "None", "depreciation": "None", "depreciationAndAmortization": "1161000", "incomeBeforeTax": "-12305000", "incomeTaxExpense": "18000", "interestAndDebtExpense": "None", "netIncomeFromContinuingOperations": "0", "comprehensiveIncomeNetOfTax": "None", "ebit": "-11306000", "ebitda": "-10145000", "netIncome": "-12323000"}, {"fiscalDateEnding": "2009-12-31", "reportedCurrency": "USD", "grossProfit": "26626000", "totalRevenue": "26626000", "costOfRevenue": "33559000", "costofGoodsAndServicesSold": "33559000", "operatingIncome": "-8069000", "sellingGeneralAndAdministrative": "39914000", "researchAndDevelopment": "21575000", "operatingExpenses": "34695000", "investmentIncomeNet": "None", "netInterestIncome": "None", "interestIncome": "None", "interestExpense": "843000", "nonInterestIncome": "None", "otherNonOperatingIncome": "None", "depreciation": "None", "depreciationAndAmortization": "1136000", "incomeBeforeTax": "-8230000", "incomeTaxExpense": "-439000", "interestAndDebtExpense": "None", "netIncomeFromContinuingOperations": "0", "comprehensiveIncomeNetOfTax": "None", "ebit": "-8230000", "ebitda": "-7094000", "netIncome": "-7791000"}, {"fiscalDateEnding": "2009-09-30", "reportedCurrency": "USD", "grossProfit": "24249000", "totalRevenue": "24249000", "costOfRevenue": "32788000", "costofGoodsAndServicesSold": "32788000", "operatingIncome": "-9650000", "sellingGeneralAndAdministrative": "10680000", "researchAndDevelopment": "23219000", "operatingExpenses": "33899000", "investmentIncomeNet": "None", "netInterestIncome": "None", "interestIncome": "None", "interestExpense": "1036000", "nonInterestIncome": "None", "otherNonOperatingIncome": "None", "depreciation": "None", "depreciationAndAmortization": "1111000", "incomeBeforeTax": "-9760000", "incomeTaxExpense": "-552000", "interestAndDebtExpense": "None", "netIncomeFromContinuingOperations": "0", "comprehensiveIncomeNetOfTax": "None", "ebit": "-9650000", "ebitda": "-8539000", "netIncome": "-9208000"}, {"fiscalDateEnding": "2009-06-30", "reportedCurrency": "USD", "grossProfit": "24601000", "totalRevenue": "24601000", "costOfRevenue": "45070000", "costofGoodsAndServicesSold": "45070000", "operatingIncome": "-22412000", "sellingGeneralAndAdministrative": "8398000", "researchAndDevelopment": "38615000", "operatingExpenses": "47013000", "investmentIncomeNet": "None", "netInterestIncome": "None", "interestIncome": "None", "interestExpense": "1458000", "nonInterestIncome": "None", "otherNonOperatingIncome": "None", "depreciation": "None", "depreciationAndAmortization": "1943000", "incomeBeforeTax": "-21794000", "incomeTaxExpense": "908000", "interestAndDebtExpense": "None", "netIncomeFromContinuingOperations": "0", "comprehensiveIncomeNetOfTax": "None", "ebit": "-22412000", "ebitda": "-20469000", "netIncome": "-22702000"}, {"fiscalDateEnding": "2009-03-31", "reportedCurrency": "USD", "grossProfit": "25057000", "totalRevenue": "25057000", "costOfRevenue": "31235000", "costofGoodsAndServicesSold": "31235000", "operatingIncome": "-7980000", "sellingGeneralAndAdministrative": "7716000", "researchAndDevelopment": "25321000", "operatingExpenses": "33037000", "investmentIncomeNet": "None", "netInterestIncome": "None", "interestIncome": "None", "interestExpense": "2048000", "nonInterestIncome": "None", "otherNonOperatingIncome": "None", "depreciation": "None", "depreciationAndAmortization": "1802000", "incomeBeforeTax": "-7224000", "incomeTaxExpense": "665000", "interestAndDebtExpense": "None", "netIncomeFromContinuingOperations": "0", "comprehensiveIncomeNetOfTax": "None", "ebit": "-7980000", "ebitda": "-6178000", "netIncome": "-7889000"}, {"fiscalDateEnding": "2008-12-31", "reportedCurrency": "USD", "grossProfit": "24404000", "totalRevenue": "24404000", "costOfRevenue": "30419000", "costofGoodsAndServicesSold": "30419000", "operatingIncome": "-7813000", "sellingGeneralAndAdministrative": "27115000", "researchAndDevelopment": "24943000", "operatingExpenses": "32217000", "investmentIncomeNet": "None", "netInterestIncome": "None", "interestIncome": "None", "interestExpense": "872000", "nonInterestIncome": "None", "otherNonOperatingIncome": "None", "depreciation": "None", "depreciationAndAmortization": "1798000", "incomeBeforeTax": "-9336000", "incomeTaxExpense": "56000", "interestAndDebtExpense": "None", "netIncomeFromContinuingOperations": "0", "comprehensiveIncomeNetOfTax": "None", "ebit": "-4636000", "ebitda": "-2838000", "netIncome": "-9392000"}, {"fiscalDateEnding": "2008-09-30", "reportedCurrency": "USD", "grossProfit": "25734000", "totalRevenue": "25734000", "costOfRevenue": "27337000", "costofGoodsAndServicesSold": "27337000", "operatingIncome": "-3234000", "sellingGeneralAndAdministrative": "6863000", "researchAndDevelopment": "22105000", "operatingExpenses": "28968000", "investmentIncomeNet": "None", "netInterestIncome": "None", "interestIncome": "None", "interestExpense": "176000", "nonInterestIncome": "None", "otherNonOperatingIncome": "None", "depreciation": "None", "depreciationAndAmortization": "1631000", "incomeBeforeTax": "-3651000", "incomeTaxExpense": "-793000", "interestAndDebtExpense": "None", "netIncomeFromContinuingOperations": "0", "comprehensiveIncomeNetOfTax": "None", "ebit": "-3234000", "ebitda": "-1603000", "netIncome": "-2858000"}, {"fiscalDateEnding": "2008-06-30", "reportedCurrency": "USD", "grossProfit": "23833000", "totalRevenue": "23833000", "costOfRevenue": "35318000", "costofGoodsAndServicesSold": "35318000", "operatingIncome": "-12831000", "sellingGeneralAndAdministrative": "7106000", "researchAndDevelopment": "29558000", "operatingExpenses": "36664000", "investmentIncomeNet": "None", "netInterestIncome": "None", "interestIncome": "None", "interestExpense": "208000", "nonInterestIncome": "None", "otherNonOperatingIncome": "None", "depreciation": "None", "depreciationAndAmortization": "1346000", "incomeBeforeTax": "-11509000", "incomeTaxExpense": "1251000", "interestAndDebtExpense": "None", "netIncomeFromContinuingOperations": "0", "comprehensiveIncomeNetOfTax": "None", "ebit": "-12831000", "ebitda": "-11485000", "netIncome": "-12760000"}, {"fiscalDateEnding": "2008-03-31", "reportedCurrency": "USD", "grossProfit": "22192000", "totalRevenue": "22192000", "costOfRevenue": "25198000", "costofGoodsAndServicesSold": "25198000", "operatingIncome": "-3957000", "sellingGeneralAndAdministrative": "5872000", "researchAndDevelopment": "20277000", "operatingExpenses": "26149000", "investmentIncomeNet": "None", "netInterestIncome": "None", "interestIncome": "None", "interestExpense": "232000", "nonInterestIncome": "None", "otherNonOperatingIncome": "None", "depreciation": "None", "depreciationAndAmortization": "951000", "incomeBeforeTax": "-1034000", "incomeTaxExpense": "205000", "interestAndDebtExpense": "None", "netIncomeFromContinuingOperations": "0", "comprehensiveIncomeNetOfTax": "None", "ebit": "-3957000", "ebitda": "-3006000", "netIncome": "-1239000"}, {"fiscalDateEnding": "2007-12-31", "reportedCurrency": "USD", "grossProfit": "18232000", "totalRevenue": "18232000", "costOfRevenue": "20222000", "costofGoodsAndServicesSold": "20222000", "operatingIncome": "-2892000", "sellingGeneralAndAdministrative": "23388000", "researchAndDevelopment": "15584000", "operatingExpenses": "21124000", "investmentIncomeNet": "None", "netInterestIncome": "None", "interestIncome": "None", "interestExpense": "1083000", "nonInterestIncome": "None", "otherNonOperatingIncome": "None", "depreciation": "None", "depreciationAndAmortization": "902000", "incomeBeforeTax": "1722000", "incomeTaxExpense": "60000", "interestAndDebtExpense": "None", "netIncomeFromContinuingOperations": "0", "comprehensiveIncomeNetOfTax": "None", "ebit": "-2892000", "ebitda": "-1990000", "netIncome": "1662000"}, {"fiscalDateEnding": "2007-09-30", "reportedCurrency": "USD", "grossProfit": "16315000", "totalRevenue": "16315000", "costOfRevenue": "62805000", "costofGoodsAndServicesSold": "62805000", "operatingIncome": "-51338000", "sellingGeneralAndAdministrative": "8035000", "researchAndDevelopment": "59618000", "operatingExpenses": "67653000", "investmentIncomeNet": "None", "netInterestIncome": "None", "interestIncome": "None", "interestExpense": "272000", "nonInterestIncome": "None", "otherNonOperatingIncome": "None", "depreciation": "None", "depreciationAndAmortization": "1048000", "incomeBeforeTax": "-47607000", "incomeTaxExpense": "5185000", "interestAndDebtExpense": "None", "netIncomeFromContinuingOperations": "0", "comprehensiveIncomeNetOfTax": "None", "ebit": "-51338000", "ebitda": "-50290000", "netIncome": "-52792000"}, {"fiscalDateEnding": "2007-06-30", "reportedCurrency": "USD", "grossProfit": "9133000", "totalRevenue": "9133000", "costOfRevenue": "23149000", "costofGoodsAndServicesSold": "23149000", "operatingIncome": "-14953000", "sellingGeneralAndAdministrative": "5273000", "researchAndDevelopment": "18813000", "operatingExpenses": "24086000", "investmentIncomeNet": "None", "netInterestIncome": "None", "interestIncome": "None", "interestExpense": "275000", "nonInterestIncome": "None", "otherNonOperatingIncome": "None", "depreciation": "None", "depreciationAndAmortization": "937000", "incomeBeforeTax": "-12691000", "incomeTaxExpense": "-2262000", "interestAndDebtExpense": "None", "netIncomeFromContinuingOperations": "0", "comprehensiveIncomeNetOfTax": "None", "ebit": "-14953000", "ebitda": "-14016000", "netIncome": "-12691000"}, {"fiscalDateEnding": "2007-03-31", "reportedCurrency": "USD", "grossProfit": "7217000", "totalRevenue": "7217000", "costOfRevenue": "30016000", "costofGoodsAndServicesSold": "30016000", "operatingIncome": "-23994000", "sellingGeneralAndAdministrative": "4540000", "researchAndDevelopment": "26671000", "operatingExpenses": "31211000", "investmentIncomeNet": "None", "netInterestIncome": "None", "interestIncome": "None", "interestExpense": "286000", "nonInterestIncome": "None", "otherNonOperatingIncome": "None", "depreciation": "None", "depreciationAndAmortization": "1195000", "incomeBeforeTax": "-21645000", "incomeTaxExpense": "-2349000", "interestAndDebtExpense": "None", "netIncomeFromContinuingOperations": "0", "comprehensiveIncomeNetOfTax": "None", "ebit": "-23994000", "ebitda": "-22799000", "netIncome": "-21645000"}, {"fiscalDateEnding": "2006-12-31", "reportedCurrency": "USD", "grossProfit": "6981000", "totalRevenue": "6981000", "costOfRevenue": "15770000", "costofGoodsAndServicesSold": "15770000", "operatingIncome": "-9991000", "sellingGeneralAndAdministrative": "4629000", "researchAndDevelopment": "12343000", "operatingExpenses": "16972000", "investmentIncomeNet": "None", "netInterestIncome": "None", "interestIncome": "None", "interestExpense": "296000", "nonInterestIncome": "None", "otherNonOperatingIncome": "None", "depreciation": "None", "depreciationAndAmortization": "1087000", "incomeBeforeTax": "-34608000", "incomeTaxExpense": "-26170000", "interestAndDebtExpense": "None", "netIncomeFromContinuingOperations": "0", "comprehensiveIncomeNetOfTax": "None", "ebit": "-9991000", "ebitda": "-8904000", "netIncome": "-8438000"}, {"fiscalDateEnding": "2006-09-30", "reportedCurrency": "USD", "grossProfit": "8211000", "totalRevenue": "8211000", "costOfRevenue": "14824000", "costofGoodsAndServicesSold": "14824000", "operatingIncome": "-8604000", "sellingGeneralAndAdministrative": "3982000", "researchAndDevelopment": "12833000", "operatingExpenses": "16815000", "investmentIncomeNet": "None", "netInterestIncome": "None", "interestIncome": "None", "interestExpense": "265000", "nonInterestIncome": "None", "otherNonOperatingIncome": "None", "depreciation": "None", "depreciationAndAmortization": "992000", "incomeBeforeTax": "-7400000", "incomeTaxExpense": "-1204000", "interestAndDebtExpense": "None", "netIncomeFromContinuingOperations": "0", "comprehensiveIncomeNetOfTax": "None", "ebit": "-8518000", "ebitda": "-7526000", "netIncome": "-7400000"}, {"fiscalDateEnding": "2006-06-30", "reportedCurrency": "USD", "grossProfit": "6021000", "totalRevenue": "6021000", "costOfRevenue": "31767000", "costofGoodsAndServicesSold": "31767000", "operatingIncome": "-11109000", "sellingGeneralAndAdministrative": "4438000", "researchAndDevelopment": "12692000", "operatingExpenses": "17130000", "investmentIncomeNet": "None", "netInterestIncome": "None", "interestIncome": "None", "interestExpense": "230000", "nonInterestIncome": "None", "otherNonOperatingIncome": "None", "depreciation": "None", "depreciationAndAmortization": "947000", "incomeBeforeTax": "-9910000", "incomeTaxExpense": "-1199000", "interestAndDebtExpense": "None", "netIncomeFromContinuingOperations": "0", "comprehensiveIncomeNetOfTax": "None", "ebit": "-11968000", "ebitda": "-11021000", "netIncome": "-9910000"}, {"fiscalDateEnding": "2006-03-31", "reportedCurrency": "USD", "grossProfit": "5717000", "totalRevenue": "5717000", "costOfRevenue": "0", "costofGoodsAndServicesSold": "0", "operatingIncome": "-9797000", "sellingGeneralAndAdministrative": "3584000", "researchAndDevelopment": "11930000", "operatingExpenses": "15514000", "investmentIncomeNet": "None", "netInterestIncome": "None", "interestIncome": "None", "interestExpense": "238000", "nonInterestIncome": "None", "otherNonOperatingIncome": "None", "depreciation": "None", "depreciationAndAmortization": "789000", "incomeBeforeTax": "-8860000", "incomeTaxExpense": "-937000", "interestAndDebtExpense": "None", "netIncomeFromContinuingOperations": "0", "comprehensiveIncomeNetOfTax": "None", "ebit": "-9797000", "ebitda": "-9008000", "netIncome": "-8860000"}, {"fiscalDateEnding": "2005-12-31", "reportedCurrency": "USD", "grossProfit": "1552000", "totalRevenue": "1552000", "costOfRevenue": "15717000", "costofGoodsAndServicesSold": "15717000", "operatingIncome": "-14917000", "sellingGeneralAndAdministrative": "3707000", "researchAndDevelopment": "12762000", "operatingExpenses": "16469000", "investmentIncomeNet": "None", "netInterestIncome": "None", "interestIncome": "None", "interestExpense": "252000", "nonInterestIncome": "None", "otherNonOperatingIncome": "None", "depreciation": "None", "depreciationAndAmortization": "752000", "incomeBeforeTax": "-42914000", "incomeTaxExpense": "-28423000", "interestAndDebtExpense": "None", "netIncomeFromContinuingOperations": "0", "comprehensiveIncomeNetOfTax": "None", "ebit": "-14917000", "ebitda": "-14165000", "netIncome": "-14491000"}]}