{"symbol": "CTRA", "annualReports": [{"fiscalDateEnding": "2024-12-31", "reportedCurrency": "USD", "grossProfit": "1691000000", "totalRevenue": "5461000000", "costOfRevenue": "3770000000", "costofGoodsAndServicesSold": "3770000000", "operatingIncome": "1389000000", "sellingGeneralAndAdministrative": "302000000", "researchAndDevelopment": "None", "operatingExpenses": "302000000", "investmentIncomeNet": "None", "netInterestIncome": "-44000000", "interestIncome": "83000000", "interestExpense": "106000000", "nonInterestIncome": "None", "otherNonOperatingIncome": "None", "depreciation": "None", "depreciationAndAmortization": "1845000000", "incomeBeforeTax": "1345000000", "incomeTaxExpense": "224000000", "interestAndDebtExpense": "None", "netIncomeFromContinuingOperations": "1121000000", "comprehensiveIncomeNetOfTax": "None", "ebit": "1451000000", "ebitda": "3296000000", "netIncome": "1121000000"}, {"fiscalDateEnding": "2023-12-31", "reportedCurrency": "USD", "grossProfit": "2203000000", "totalRevenue": "5684000000", "costOfRevenue": "3481000000", "costofGoodsAndServicesSold": "3481000000", "operatingIncome": "1924000000", "sellingGeneralAndAdministrative": "279000000", "researchAndDevelopment": "None", "operatingExpenses": "279000000", "investmentIncomeNet": "None", "netInterestIncome": "-26000000", "interestIncome": "68000000", "interestExpense": "73000000", "nonInterestIncome": "None", "otherNonOperatingIncome": "None", "depreciation": "None", "depreciationAndAmortization": "1641000000", "incomeBeforeTax": "2128000000", "incomeTaxExpense": "503000000", "interestAndDebtExpense": "None", "netIncomeFromContinuingOperations": "1625000000", "comprehensiveIncomeNetOfTax": "None", "ebit": "2201000000", "ebitda": "3842000000", "netIncome": "1625000000"}, {"fiscalDateEnding": "2022-12-31", "reportedCurrency": "USD", "grossProfit": "3899000000", "totalRevenue": "9051000000", "costOfRevenue": "1635000000", "costofGoodsAndServicesSold": "1635000000", "operatingIncome": "5209000000", "sellingGeneralAndAdministrative": "396000000", "researchAndDevelopment": "None", "operatingExpenses": "396000000", "investmentIncomeNet": "None", "netInterestIncome": "-70000000", "interestIncome": "44000000", "interestExpense": "70000000", "nonInterestIncome": "None", "otherNonOperatingIncome": "None", "depreciation": "None", "depreciationAndAmortization": "1635000000", "incomeBeforeTax": "5169000000", "incomeTaxExpense": "1104000000", "interestAndDebtExpense": "None", "netIncomeFromContinuingOperations": "4065000000", "comprehensiveIncomeNetOfTax": "None", "ebit": "5239000000", "ebitda": "6874000000", "netIncome": "4065000000"}, {"fiscalDateEnding": "2021-12-31", "reportedCurrency": "USD", "grossProfit": "2057000000", "totalRevenue": "3670000000", "costOfRevenue": "1613000000", "costofGoodsAndServicesSold": "1613000000", "operatingIncome": "1893000000", "sellingGeneralAndAdministrative": "270000000", "researchAndDevelopment": "None", "operatingExpenses": "164000000", "investmentIncomeNet": "None", "netInterestIncome": "-62000000", "interestIncome": "10000000", "interestExpense": "62000000", "nonInterestIncome": "None", "otherNonOperatingIncome": "None", "depreciation": "None", "depreciationAndAmortization": "693000000", "incomeBeforeTax": "1502000000", "incomeTaxExpense": "344000000", "interestAndDebtExpense": "None", "netIncomeFromContinuingOperations": "1158000000", "comprehensiveIncomeNetOfTax": "None", "ebit": "1564000000", "ebitda": "2257000000", "netIncome": "1158000000"}, {"fiscalDateEnding": "2020-12-31", "reportedCurrency": "USD", "grossProfit": "340013000", "totalRevenue": "1405220000", "costOfRevenue": "1065207000", "costofGoodsAndServicesSold": "1065207000", "operatingIncome": "234622000", "sellingGeneralAndAdministrative": "105391000", "researchAndDevelopment": "None", "operatingExpenses": "105391000", "investmentIncomeNet": "None", "netInterestIncome": "-54124000", "interestIncome": "None", "interestExpense": "54124000", "nonInterestIncome": "None", "otherNonOperatingIncome": "-229000", "depreciation": "None", "depreciationAndAmortization": "394535000", "incomeBeforeTax": "241123000", "incomeTaxExpense": "40594000", "interestAndDebtExpense": "None", "netIncomeFromContinuingOperations": "200529000", "comprehensiveIncomeNetOfTax": "None", "ebit": "295247000", "ebitda": "689782000", "netIncome": "200529000"}, {"fiscalDateEnding": "2019-12-31", "reportedCurrency": "USD", "grossProfit": "890778000", "totalRevenue": "1985469000", "costOfRevenue": "1094691000", "costofGoodsAndServicesSold": "1094691000", "operatingIncome": "795908000", "sellingGeneralAndAdministrative": "94870000", "researchAndDevelopment": "None", "operatingExpenses": "94870000", "investmentIncomeNet": "None", "netInterestIncome": "-54952000", "interestIncome": "None", "interestExpense": "54952000", "nonInterestIncome": "None", "otherNonOperatingIncome": "None", "depreciation": "None", "depreciationAndAmortization": "407969000", "incomeBeforeTax": "900224000", "incomeTaxExpense": "219154000", "interestAndDebtExpense": "None", "netIncomeFromContinuingOperations": "681070000", "comprehensiveIncomeNetOfTax": "None", "ebit": "955176000", "ebitda": "1363145000", "netIncome": "681070000"}, {"fiscalDateEnding": "2018-12-31", "reportedCurrency": "USD", "grossProfit": "839200000", "totalRevenue": "2143716000", "costOfRevenue": "1304516000", "costofGoodsAndServicesSold": "1304516000", "operatingIncome": "742559000", "sellingGeneralAndAdministrative": "96641000", "researchAndDevelopment": "None", "operatingExpenses": "96641000", "investmentIncomeNet": "None", "netInterestIncome": "-73201000", "interestIncome": "None", "interestExpense": "73201000", "nonInterestIncome": "None", "otherNonOperatingIncome": "None", "depreciation": "None", "depreciationAndAmortization": "515220000", "incomeBeforeTax": "698137000", "incomeTaxExpense": "141094000", "interestAndDebtExpense": "None", "netIncomeFromContinuingOperations": "557043000", "comprehensiveIncomeNetOfTax": "None", "ebit": "771338000", "ebitda": "1286558000", "netIncome": "557043000"}, {"fiscalDateEnding": "2017-12-31", "reportedCurrency": "USD", "grossProfit": "524462000", "totalRevenue": "1747293000", "costOfRevenue": "1222831000", "costofGoodsAndServicesSold": "1222831000", "operatingIncome": "426676000", "sellingGeneralAndAdministrative": "97786000", "researchAndDevelopment": "None", "operatingExpenses": "97786000", "investmentIncomeNet": "None", "netInterestIncome": "-82130000", "interestIncome": "None", "interestExpense": "82130000", "nonInterestIncome": "None", "otherNonOperatingIncome": "None", "depreciation": "None", "depreciationAndAmortization": "572637000", "incomeBeforeTax": "-228435000", "incomeTaxExpense": "-328828000", "interestAndDebtExpense": "None", "netIncomeFromContinuingOperations": "100393000", "comprehensiveIncomeNetOfTax": "None", "ebit": "-146305000", "ebitda": "426332000", "netIncome": "100393000"}, {"fiscalDateEnding": "2016-12-31", "reportedCurrency": "USD", "grossProfit": "-409000", "totalRevenue": "1194627000", "costOfRevenue": "1195036000", "costofGoodsAndServicesSold": "1195036000", "operatingIncome": "-87651000", "sellingGeneralAndAdministrative": "87242000", "researchAndDevelopment": "None", "operatingExpenses": "87242000", "investmentIncomeNet": "None", "netInterestIncome": "None", "interestIncome": "None", "interestExpense": "88336000", "nonInterestIncome": "None", "otherNonOperatingIncome": "None", "depreciation": "None", "depreciationAndAmortization": "600248000", "incomeBeforeTax": "-659599000", "incomeTaxExpense": "-242475000", "interestAndDebtExpense": "None", "netIncomeFromContinuingOperations": "None", "comprehensiveIncomeNetOfTax": "None", "ebit": "-571263000", "ebitda": "28985000", "netIncome": "-417124000"}, {"fiscalDateEnding": "2015-12-31", "reportedCurrency": "USD", "grossProfit": "26989999", "totalRevenue": "1300464000", "costOfRevenue": "1273474000", "costofGoodsAndServicesSold": "1273474000", "operatingIncome": "-42454000", "sellingGeneralAndAdministrative": "69444000", "researchAndDevelopment": "None", "operatingExpenses": "69444000", "investmentIncomeNet": "None", "netInterestIncome": "None", "interestIncome": "None", "interestExpense": "96911000", "nonInterestIncome": "None", "otherNonOperatingIncome": "None", "depreciation": "None", "depreciationAndAmortization": "625663000", "incomeBeforeTax": "-187273000", "incomeTaxExpense": "-73382000", "interestAndDebtExpense": "None", "netIncomeFromContinuingOperations": "None", "comprehensiveIncomeNetOfTax": "None", "ebit": "-90362000", "ebitda": "535301000", "netIncome": "-113891000"}, {"fiscalDateEnding": "2014-12-31", "reportedCurrency": "USD", "grossProfit": "864497000", "totalRevenue": "2097895000", "costOfRevenue": "1233398000", "costofGoodsAndServicesSold": "1233398000", "operatingIncome": "781907000", "sellingGeneralAndAdministrative": "82590000", "researchAndDevelopment": "None", "operatingExpenses": "82590000", "investmentIncomeNet": "None", "netInterestIncome": "None", "interestIncome": "None", "interestExpense": "73785000", "nonInterestIncome": "None", "otherNonOperatingIncome": "None", "depreciation": "None", "depreciationAndAmortization": "632760000", "incomeBeforeTax": "32401000", "incomeTaxExpense": "-72067000", "interestAndDebtExpense": "None", "netIncomeFromContinuingOperations": "None", "comprehensiveIncomeNetOfTax": "None", "ebit": "106186000", "ebitda": "738946000", "netIncome": "104468000"}, {"fiscalDateEnding": "2013-12-31", "reportedCurrency": "USD", "grossProfit": "576733000", "totalRevenue": "1689276000", "costOfRevenue": "1112543000", "costofGoodsAndServicesSold": "1112543000", "operatingIncome": "472127000", "sellingGeneralAndAdministrative": "104606000", "researchAndDevelopment": "None", "operatingExpenses": "104606000", "investmentIncomeNet": "None", "netInterestIncome": "None", "interestIncome": "None", "interestExpense": "64941999", "nonInterestIncome": "None", "otherNonOperatingIncome": "None", "depreciation": "None", "depreciationAndAmortization": "651052000", "incomeBeforeTax": "485538000", "incomeTaxExpense": "205765000", "interestAndDebtExpense": "None", "netIncomeFromContinuingOperations": "None", "comprehensiveIncomeNetOfTax": "None", "ebit": "550480000", "ebitda": "1201532000", "netIncome": "279773000"}, {"fiscalDateEnding": "2012-12-31", "reportedCurrency": "USD", "grossProfit": "140905000", "totalRevenue": "968714000", "costOfRevenue": "827809000", "costofGoodsAndServicesSold": "827809000", "operatingIncome": "19666000", "sellingGeneralAndAdministrative": "121239000", "researchAndDevelopment": "None", "operatingExpenses": "121239000", "investmentIncomeNet": "None", "netInterestIncome": "None", "interestIncome": "None", "interestExpense": "66992999", "nonInterestIncome": "None", "otherNonOperatingIncome": "None", "depreciation": "None", "depreciationAndAmortization": "451405000", "incomeBeforeTax": "237840000", "incomeTaxExpense": "106110000", "interestAndDebtExpense": "None", "netIncomeFromContinuingOperations": "None", "comprehensiveIncomeNetOfTax": "None", "ebit": "304833000", "ebitda": "756238000", "netIncome": "131729999"}, {"fiscalDateEnding": "2011-12-31", "reportedCurrency": "USD", "grossProfit": "262760000", "totalRevenue": "894489000", "costOfRevenue": "631729000", "costofGoodsAndServicesSold": "631729000", "operatingIncome": "158093000", "sellingGeneralAndAdministrative": "104667000", "researchAndDevelopment": "None", "operatingExpenses": "104667000", "investmentIncomeNet": "None", "netInterestIncome": "None", "interestIncome": "None", "interestExpense": "71663000", "nonInterestIncome": "None", "otherNonOperatingIncome": "None", "depreciation": "None", "depreciationAndAmortization": "343141000", "incomeBeforeTax": "235187000", "incomeTaxExpense": "112779000", "interestAndDebtExpense": "None", "netIncomeFromContinuingOperations": "None", "comprehensiveIncomeNetOfTax": "None", "ebit": "306850000", "ebitda": "649991000", "netIncome": "122408000"}, {"fiscalDateEnding": "2010-12-31", "reportedCurrency": "USD", "grossProfit": "107461000", "totalRevenue": "671271000", "costOfRevenue": "563810000", "costofGoodsAndServicesSold": "563810000", "operatingIncome": "28284000", "sellingGeneralAndAdministrative": "79177000", "researchAndDevelopment": "None", "operatingExpenses": "79177000", "investmentIncomeNet": "None", "netInterestIncome": "None", "interestIncome": "None", "interestExpense": "67941000", "nonInterestIncome": "None", "otherNonOperatingIncome": "None", "depreciation": "None", "depreciationAndAmortization": "327083000", "incomeBeforeTax": "198498000", "incomeTaxExpense": "95112000", "interestAndDebtExpense": "None", "netIncomeFromContinuingOperations": "None", "comprehensiveIncomeNetOfTax": "None", "ebit": "266439000", "ebitda": "593522000", "netIncome": "103386000"}, {"fiscalDateEnding": "2009-12-31", "reportedCurrency": "USD", "grossProfit": "8484999", "totalRevenue": "486203000", "costOfRevenue": "477718000", "costofGoodsAndServicesSold": "477718000", "operatingIncome": "-59889000", "sellingGeneralAndAdministrative": "68374000", "researchAndDevelopment": "None", "operatingExpenses": "68374000", "investmentIncomeNet": "None", "netInterestIncome": "None", "interestIncome": "None", "interestExpense": "58979000", "nonInterestIncome": "None", "otherNonOperatingIncome": "None", "depreciation": "None", "depreciationAndAmortization": "221270000", "incomeBeforeTax": "223290000", "incomeTaxExpense": "74947000", "interestAndDebtExpense": "None", "netIncomeFromContinuingOperations": "None", "comprehensiveIncomeNetOfTax": "None", "ebit": "282269000", "ebitda": "503539000", "netIncome": "148343000"}, {"fiscalDateEnding": "2008-12-31", "reportedCurrency": "USD", "grossProfit": "457339000", "totalRevenue": "932770000", "costOfRevenue": "475431000", "costofGoodsAndServicesSold": "475431000", "operatingIncome": "383154000", "sellingGeneralAndAdministrative": "74185000", "researchAndDevelopment": "None", "operatingExpenses": "74185000", "investmentIncomeNet": "None", "netInterestIncome": "None", "interestIncome": "None", "interestExpense": "36389000", "nonInterestIncome": "None", "otherNonOperatingIncome": "None", "depreciation": "None", "depreciationAndAmortization": "185403000", "incomeBeforeTax": "335623000", "incomeTaxExpense": "124333000", "interestAndDebtExpense": "None", "netIncomeFromContinuingOperations": "None", "comprehensiveIncomeNetOfTax": "None", "ebit": "372012000", "ebitda": "557415000", "netIncome": "211290000"}, {"fiscalDateEnding": "2007-12-31", "reportedCurrency": "USD", "grossProfit": "256634000", "totalRevenue": "653128000", "costOfRevenue": "396494000", "costofGoodsAndServicesSold": "396494000", "operatingIncome": "205859000", "sellingGeneralAndAdministrative": "50775000", "researchAndDevelopment": "None", "operatingExpenses": "50775000", "investmentIncomeNet": "None", "netInterestIncome": "None", "interestIncome": "None", "interestExpense": "17161000", "nonInterestIncome": "None", "otherNonOperatingIncome": "None", "depreciation": "None", "depreciationAndAmortization": "143951000", "incomeBeforeTax": "257531999", "incomeTaxExpense": "90109000", "interestAndDebtExpense": "None", "netIncomeFromContinuingOperations": "None", "comprehensiveIncomeNetOfTax": "None", "ebit": "274693000", "ebitda": "418644000", "netIncome": "167423000"}, {"fiscalDateEnding": "2006-12-31", "reportedCurrency": "USD", "grossProfit": "341834000", "totalRevenue": "733722000", "costOfRevenue": "391888000", "costofGoodsAndServicesSold": "391888000", "operatingIncome": "283666000", "sellingGeneralAndAdministrative": "58168000", "researchAndDevelopment": "None", "operatingExpenses": "58168000", "investmentIncomeNet": "None", "netInterestIncome": "None", "interestIncome": "None", "interestExpense": "18441000", "nonInterestIncome": "None", "otherNonOperatingIncome": "None", "depreciation": "None", "depreciationAndAmortization": "128975000", "incomeBeforeTax": "510505000", "incomeTaxExpense": "189330000", "interestAndDebtExpense": "None", "netIncomeFromContinuingOperations": "None", "comprehensiveIncomeNetOfTax": "None", "ebit": "528946000", "ebitda": "657921000", "netIncome": "321175000"}, {"fiscalDateEnding": "2005-12-31", "reportedCurrency": "USD", "grossProfit": "405176000", "totalRevenue": "791666000", "costOfRevenue": "386490000", "costofGoodsAndServicesSold": "386490000", "operatingIncome": "367526000", "sellingGeneralAndAdministrative": "37650000", "researchAndDevelopment": "None", "operatingExpenses": "37650000", "investmentIncomeNet": "None", "netInterestIncome": "None", "interestIncome": "None", "interestExpense": "22497000", "nonInterestIncome": "None", "otherNonOperatingIncome": "None", "depreciation": "None", "depreciationAndAmortization": "121424000", "incomeBeforeTax": "236234000", "incomeTaxExpense": "87789000", "interestAndDebtExpense": "None", "netIncomeFromContinuingOperations": "None", "comprehensiveIncomeNetOfTax": "None", "ebit": "258731000", "ebitda": "380155000", "netIncome": "148445000"}], "quarterlyReports": [{"fiscalDateEnding": "2025-09-30", "reportedCurrency": "USD", "grossProfit": "646000000", "totalRevenue": "1817000000", "costOfRevenue": "1171000000", "costofGoodsAndServicesSold": "1171000000", "operatingIncome": "471000000", "sellingGeneralAndAdministrative": "83000000", "researchAndDevelopment": "None", "operatingExpenses": "177000000", "investmentIncomeNet": "None", "netInterestIncome": "-48000000", "interestIncome": "8000000", "interestExpense": "50000000", "nonInterestIncome": "None", "otherNonOperatingIncome": "None", "depreciation": "None", "depreciationAndAmortization": "619000000", "incomeBeforeTax": "423000000", "incomeTaxExpense": "101000000", "interestAndDebtExpense": "None", "netIncomeFromContinuingOperations": "322000000", "comprehensiveIncomeNetOfTax": "None", "ebit": "473000000", "ebitda": "1092000000", "netIncome": "322000000"}, {"fiscalDateEnding": "2025-06-30", "reportedCurrency": "USD", "grossProfit": "556000000", "totalRevenue": "1733000000", "costOfRevenue": "1177000000", "costofGoodsAndServicesSold": "1177000000", "operatingIncome": "472000000", "sellingGeneralAndAdministrative": "84000000", "researchAndDevelopment": "None", "operatingExpenses": "84000000", "investmentIncomeNet": "None", "netInterestIncome": "-51000000", "interestIncome": "8000000", "interestExpense": "53000000", "nonInterestIncome": "None", "otherNonOperatingIncome": "None", "depreciation": "None", "depreciationAndAmortization": "579000000", "incomeBeforeTax": "658000000", "incomeTaxExpense": "147000000", "interestAndDebtExpense": "None", "netIncomeFromContinuingOperations": "511000000", "comprehensiveIncomeNetOfTax": "None", "ebit": "711000000", "ebitda": "1290000000", "netIncome": "511000000"}, {"fiscalDateEnding": "2025-03-31", "reportedCurrency": "USD", "grossProfit": "906000000", "totalRevenue": "2016000000", "costOfRevenue": "1110000000", "costofGoodsAndServicesSold": "1110000000", "operatingIncome": "814000000", "sellingGeneralAndAdministrative": "76000000", "researchAndDevelopment": "None", "operatingExpenses": "92000000", "investmentIncomeNet": "None", "netInterestIncome": "-45000000", "interestIncome": "13000000", "interestExpense": "53000000", "nonInterestIncome": "None", "otherNonOperatingIncome": "None", "depreciation": "None", "depreciationAndAmortization": "506000000", "incomeBeforeTax": "657000000", "incomeTaxExpense": "141000000", "interestAndDebtExpense": "None", "netIncomeFromContinuingOperations": "516000000", "comprehensiveIncomeNetOfTax": "None", "ebit": "710000000", "ebitda": "1216000000", "netIncome": "516000000"}, {"fiscalDateEnding": "2024-12-31", "reportedCurrency": "USD", "grossProfit": "461000000", "totalRevenue": "1446000000", "costOfRevenue": "985000000", "costofGoodsAndServicesSold": "985000000", "operatingIncome": "377000000", "sellingGeneralAndAdministrative": "84000000", "researchAndDevelopment": "None", "operatingExpenses": "84000000", "investmentIncomeNet": "None", "netInterestIncome": "-18000000", "interestIncome": "16000000", "interestExpense": "29000000", "nonInterestIncome": "None", "otherNonOperatingIncome": "None", "depreciation": "None", "depreciationAndAmortization": "486000000", "incomeBeforeTax": "308000000", "incomeTaxExpense": "11000000", "interestAndDebtExpense": "None", "netIncomeFromContinuingOperations": "297000000", "comprehensiveIncomeNetOfTax": "None", "ebit": "337000000", "ebitda": "823000000", "netIncome": "297000000"}, {"fiscalDateEnding": "2024-09-30", "reportedCurrency": "USD", "grossProfit": "335000000", "totalRevenue": "1295000000", "costOfRevenue": "960000000", "costofGoodsAndServicesSold": "960000000", "operatingIncome": "260000000", "sellingGeneralAndAdministrative": "75000000", "researchAndDevelopment": "None", "operatingExpenses": "75000000", "investmentIncomeNet": "None", "netInterestIncome": "-8000000", "interestIncome": "21000000", "interestExpense": "24000000", "nonInterestIncome": "None", "otherNonOperatingIncome": "None", "depreciation": "None", "depreciationAndAmortization": "480000000", "incomeBeforeTax": "319000000", "incomeTaxExpense": "67000000", "interestAndDebtExpense": "None", "netIncomeFromContinuingOperations": "252000000", "comprehensiveIncomeNetOfTax": "None", "ebit": "343000000", "ebitda": "823000000", "netIncome": "252000000"}, {"fiscalDateEnding": "2024-06-30", "reportedCurrency": "USD", "grossProfit": "379000000", "totalRevenue": "1287000000", "costOfRevenue": "908000000", "costofGoodsAndServicesSold": "908000000", "operatingIncome": "311000000", "sellingGeneralAndAdministrative": "68000000", "researchAndDevelopment": "None", "operatingExpenses": "68000000", "investmentIncomeNet": "None", "netInterestIncome": "-15000000", "interestIncome": "25000000", "interestExpense": "34000000", "nonInterestIncome": "None", "otherNonOperatingIncome": "None", "depreciation": "None", "depreciationAndAmortization": "447000000", "incomeBeforeTax": "281000000", "incomeTaxExpense": "61000000", "interestAndDebtExpense": "None", "netIncomeFromContinuingOperations": "220000000", "comprehensiveIncomeNetOfTax": "None", "ebit": "315000000", "ebitda": "762000000", "netIncome": "220000000"}, {"fiscalDateEnding": "2024-03-31", "reportedCurrency": "USD", "grossProfit": "516000000", "totalRevenue": "1433000000", "costOfRevenue": "917000000", "costofGoodsAndServicesSold": "917000000", "operatingIncome": "441000000", "sellingGeneralAndAdministrative": "75000000", "researchAndDevelopment": "None", "operatingExpenses": "75000000", "investmentIncomeNet": "None", "netInterestIncome": "-3000000", "interestIncome": "21000000", "interestExpense": "19000000", "nonInterestIncome": "None", "otherNonOperatingIncome": "None", "depreciation": "None", "depreciationAndAmortization": "432000000", "incomeBeforeTax": "437000000", "incomeTaxExpense": "85000000", "interestAndDebtExpense": "None", "netIncomeFromContinuingOperations": "352000000", "comprehensiveIncomeNetOfTax": "None", "ebit": "456000000", "ebitda": "888000000", "netIncome": "352000000"}, {"fiscalDateEnding": "2023-12-31", "reportedCurrency": "USD", "grossProfit": "554000000", "totalRevenue": "1495000000", "costOfRevenue": "941000000", "costofGoodsAndServicesSold": "941000000", "operatingIncome": "478000000", "sellingGeneralAndAdministrative": "76000000", "researchAndDevelopment": "None", "operatingExpenses": "76000000", "investmentIncomeNet": "None", "netInterestIncome": "-8000000", "interestIncome": "21000000", "interestExpense": "23000000", "nonInterestIncome": "None", "otherNonOperatingIncome": "None", "depreciation": "None", "depreciationAndAmortization": "456000000", "incomeBeforeTax": "569000000", "incomeTaxExpense": "153000000", "interestAndDebtExpense": "None", "netIncomeFromContinuingOperations": "416000000", "comprehensiveIncomeNetOfTax": "None", "ebit": "592000000", "ebitda": "1048000000", "netIncome": "416000000"}, {"fiscalDateEnding": "2023-09-30", "reportedCurrency": "USD", "grossProfit": "493000000", "totalRevenue": "1353000000", "costOfRevenue": "860000000", "costofGoodsAndServicesSold": "860000000", "operatingIncome": "413000000", "sellingGeneralAndAdministrative": "80000000", "researchAndDevelopment": "None", "operatingExpenses": "80000000", "investmentIncomeNet": "None", "netInterestIncome": "-7000000", "interestIncome": "10000000", "interestExpense": "17000000", "nonInterestIncome": "None", "otherNonOperatingIncome": "None", "depreciation": "None", "depreciationAndAmortization": "421000000", "incomeBeforeTax": "417000000", "incomeTaxExpense": "94000000", "interestAndDebtExpense": "None", "netIncomeFromContinuingOperations": "323000000", "comprehensiveIncomeNetOfTax": "None", "ebit": "434000000", "ebitda": "855000000", "netIncome": "323000000"}, {"fiscalDateEnding": "2023-06-30", "reportedCurrency": "USD", "grossProfit": "346000000", "totalRevenue": "1197000000", "costOfRevenue": "851000000", "costofGoodsAndServicesSold": "851000000", "operatingIncome": "291000000", "sellingGeneralAndAdministrative": "55000000", "researchAndDevelopment": "None", "operatingExpenses": "55000000", "investmentIncomeNet": "None", "netInterestIncome": "-6000000", "interestIncome": "10000000", "interestExpense": "16000000", "nonInterestIncome": "None", "otherNonOperatingIncome": "10000000", "depreciation": "None", "depreciationAndAmortization": "395000000", "incomeBeforeTax": "270000000", "incomeTaxExpense": "61000000", "interestAndDebtExpense": "None", "netIncomeFromContinuingOperations": "209000000", "comprehensiveIncomeNetOfTax": "None", "ebit": "286000000", "ebitda": "681000000", "netIncome": "209000000"}, {"fiscalDateEnding": "2023-03-31", "reportedCurrency": "USD", "grossProfit": "810000000", "totalRevenue": "1639000000", "costOfRevenue": "829000000", "costofGoodsAndServicesSold": "829000000", "operatingIncome": "741000000", "sellingGeneralAndAdministrative": "69000000", "researchAndDevelopment": "None", "operatingExpenses": "69000000", "investmentIncomeNet": "None", "netInterestIncome": "-5000000", "interestIncome": "12000000", "interestExpense": "17000000", "nonInterestIncome": "None", "otherNonOperatingIncome": "12000000", "depreciation": "None", "depreciationAndAmortization": "369000000", "incomeBeforeTax": "872000000", "incomeTaxExpense": "195000000", "interestAndDebtExpense": "None", "netIncomeFromContinuingOperations": "677000000", "comprehensiveIncomeNetOfTax": "None", "ebit": "889000000", "ebitda": "1258000000", "netIncome": "677000000"}, {"fiscalDateEnding": "2022-12-31", "reportedCurrency": "USD", "grossProfit": "1063000000", "totalRevenue": "2280000000", "costOfRevenue": "-621000000", "costofGoodsAndServicesSold": "-621000000", "operatingIncome": "1295000000", "sellingGeneralAndAdministrative": "95000000", "researchAndDevelopment": "None", "operatingExpenses": "-204000000", "investmentIncomeNet": "None", "netInterestIncome": "-11000000", "interestIncome": "10000000", "interestExpense": "2000000", "nonInterestIncome": "None", "otherNonOperatingIncome": "None", "depreciation": "None", "depreciationAndAmortization": "1275000000", "incomeBeforeTax": "1288000000", "incomeTaxExpense": "256000000", "interestAndDebtExpense": "None", "netIncomeFromContinuingOperations": "1032000000", "comprehensiveIncomeNetOfTax": "None", "ebit": "1286000000", "ebitda": "2561000000", "netIncome": "1032000000"}, {"fiscalDateEnding": "2022-09-30", "reportedCurrency": "USD", "grossProfit": "1769000000", "totalRevenue": "2676000000", "costOfRevenue": "907000000", "costofGoodsAndServicesSold": "907000000", "operatingIncome": "1675000000", "sellingGeneralAndAdministrative": "107000000", "researchAndDevelopment": "None", "operatingExpenses": "94000000", "investmentIncomeNet": "None", "netInterestIncome": "-17000000", "interestIncome": "13000000", "interestExpense": "17000000", "nonInterestIncome": "None", "otherNonOperatingIncome": "26000000", "depreciation": "None", "depreciationAndAmortization": "422000000", "incomeBeforeTax": "1515000000", "incomeTaxExpense": "319000000", "interestAndDebtExpense": "None", "netIncomeFromContinuingOperations": "1196000000", "comprehensiveIncomeNetOfTax": "None", "ebit": "1532000000", "ebitda": "1954000000", "netIncome": "1196000000"}, {"fiscalDateEnding": "2022-06-30", "reportedCurrency": "USD", "grossProfit": "1765000000", "totalRevenue": "2638000000", "costOfRevenue": "873000000", "costofGoodsAndServicesSold": "873000000", "operatingIncome": "1692000000", "sellingGeneralAndAdministrative": "87000000", "researchAndDevelopment": "None", "operatingExpenses": "73000000", "investmentIncomeNet": "None", "netInterestIncome": "-21000000", "interestIncome": "None", "interestExpense": "21000000", "nonInterestIncome": "None", "otherNonOperatingIncome": "None", "depreciation": "None", "depreciationAndAmortization": "414000000", "incomeBeforeTax": "1588000000", "incomeTaxExpense": "359000000", "interestAndDebtExpense": "None", "netIncomeFromContinuingOperations": "1229000000", "comprehensiveIncomeNetOfTax": "None", "ebit": "1609000000", "ebitda": "2023000000", "netIncome": "1229000000"}, {"fiscalDateEnding": "2022-03-31", "reportedCurrency": "USD", "grossProfit": "1295000000", "totalRevenue": "2070000000", "costOfRevenue": "775000000", "costofGoodsAndServicesSold": "775000000", "operatingIncome": "1219000000", "sellingGeneralAndAdministrative": "76000000", "researchAndDevelopment": "None", "operatingExpenses": "76000000", "investmentIncomeNet": "None", "netInterestIncome": "-21000000", "interestIncome": "None", "interestExpense": "21000000", "nonInterestIncome": "None", "otherNonOperatingIncome": "None", "depreciation": "None", "depreciationAndAmortization": "360000000", "incomeBeforeTax": "778000000", "incomeTaxExpense": "170000000", "interestAndDebtExpense": "None", "netIncomeFromContinuingOperations": "608000000", "comprehensiveIncomeNetOfTax": "None", "ebit": "799000000", "ebitda": "1159000000", "netIncome": "608000000"}, {"fiscalDateEnding": "2021-12-31", "reportedCurrency": "USD", "grossProfit": "1313359000", "totalRevenue": "2144359000", "costOfRevenue": "831000000", "costofGoodsAndServicesSold": "831000000", "operatingIncome": "1186359000", "sellingGeneralAndAdministrative": "127000000", "researchAndDevelopment": "None", "operatingExpenses": "127000000", "investmentIncomeNet": "None", "netInterestIncome": "-24000000", "interestIncome": "None", "interestExpense": "24000000", "nonInterestIncome": "None", "otherNonOperatingIncome": "None", "depreciation": "None", "depreciationAndAmortization": "410000000", "incomeBeforeTax": "1215000000", "incomeTaxExpense": "276000000", "interestAndDebtExpense": "None", "netIncomeFromContinuingOperations": "939000000", "comprehensiveIncomeNetOfTax": "None", "ebit": "1239000000", "ebitda": "1649000000", "netIncome": "939000000"}, {"fiscalDateEnding": "2021-09-30", "reportedCurrency": "USD", "grossProfit": "362036000", "totalRevenue": "641678000", "costOfRevenue": "279642000", "costofGoodsAndServicesSold": "279642000", "operatingIncome": "296938000", "sellingGeneralAndAdministrative": "65098000", "researchAndDevelopment": "None", "operatingExpenses": "65098000", "investmentIncomeNet": "None", "netInterestIncome": "-12577000", "interestIncome": "None", "interestExpense": "12577000", "nonInterestIncome": "None", "otherNonOperatingIncome": "-47000", "depreciation": "None", "depreciationAndAmortization": "97289000", "incomeBeforeTax": "83216000", "incomeTaxExpense": "20502000", "interestAndDebtExpense": "None", "netIncomeFromContinuingOperations": "62714000", "comprehensiveIncomeNetOfTax": "None", "ebit": "95793000", "ebitda": "193082000", "netIncome": "62714000"}, {"fiscalDateEnding": "2021-06-30", "reportedCurrency": "USD", "grossProfit": "164046000", "totalRevenue": "411788000", "costOfRevenue": "247742000", "costofGoodsAndServicesSold": "247742000", "operatingIncome": "141009000", "sellingGeneralAndAdministrative": "23037000", "researchAndDevelopment": "None", "operatingExpenses": "23037000", "investmentIncomeNet": "None", "netInterestIncome": "-12558000", "interestIncome": "None", "interestExpense": "12558000", "nonInterestIncome": "None", "otherNonOperatingIncome": "-46000", "depreciation": "None", "depreciationAndAmortization": "91549000", "incomeBeforeTax": "41304000", "incomeTaxExpense": "10840000", "interestAndDebtExpense": "None", "netIncomeFromContinuingOperations": "30464000", "comprehensiveIncomeNetOfTax": "None", "ebit": "53862000", "ebitda": "145411000", "netIncome": "30464000"}, {"fiscalDateEnding": "2021-03-31", "reportedCurrency": "USD", "grossProfit": "217760000", "totalRevenue": "472918000", "costOfRevenue": "255158000", "costofGoodsAndServicesSold": "255158000", "operatingIncome": "188605000", "sellingGeneralAndAdministrative": "29155000", "researchAndDevelopment": "None", "operatingExpenses": "29155000", "investmentIncomeNet": "None", "netInterestIncome": "-12377000", "interestIncome": "None", "interestExpense": "12377000", "nonInterestIncome": "None", "otherNonOperatingIncome": "-46000", "depreciation": "None", "depreciationAndAmortization": "94148000", "incomeBeforeTax": "163015000", "incomeTaxExpense": "36661000", "interestAndDebtExpense": "None", "netIncomeFromContinuingOperations": "126354000", "comprehensiveIncomeNetOfTax": "None", "ebit": "175392000", "ebitda": "269540000", "netIncome": "126354000"}, {"fiscalDateEnding": "2020-12-31", "reportedCurrency": "USD", "grossProfit": "144157000", "totalRevenue": "413157000", "costOfRevenue": "269000000", "costofGoodsAndServicesSold": "269000000", "operatingIncome": "119623000", "sellingGeneralAndAdministrative": "24534000", "researchAndDevelopment": "None", "operatingExpenses": "24534000", "investmentIncomeNet": "None", "netInterestIncome": "-10981000", "interestIncome": "None", "interestExpense": "10981000", "nonInterestIncome": "None", "otherNonOperatingIncome": "-58000", "depreciation": "None", "depreciationAndAmortization": "98118000", "incomeBeforeTax": "151853000", "incomeTaxExpense": "20647000", "interestAndDebtExpense": "None", "netIncomeFromContinuingOperations": "131206000", "comprehensiveIncomeNetOfTax": "None", "ebit": "162834000", "ebitda": "260952000", "netIncome": "131205999"}, {"fiscalDateEnding": "2020-09-30", "reportedCurrency": "USD", "grossProfit": "58951000", "totalRevenue": "333294000", "costOfRevenue": "274343000", "costofGoodsAndServicesSold": "274343000", "operatingIncome": "34689000", "sellingGeneralAndAdministrative": "24262000", "researchAndDevelopment": "None", "operatingExpenses": "24262000", "investmentIncomeNet": "None", "netInterestIncome": "-14389000", "interestIncome": "None", "interestExpense": "14389000", "nonInterestIncome": "None", "otherNonOperatingIncome": "None", "depreciation": "None", "depreciationAndAmortization": "99649000", "incomeBeforeTax": "-21979000", "incomeTaxExpense": "-7018000", "interestAndDebtExpense": "None", "netIncomeFromContinuingOperations": "-14961000", "comprehensiveIncomeNetOfTax": "None", "ebit": "-7590000", "ebitda": "92059000", "netIncome": "-14961000"}, {"fiscalDateEnding": "2020-06-30", "reportedCurrency": "USD", "grossProfit": "33149000", "totalRevenue": "288374000", "costOfRevenue": "255225000", "costofGoodsAndServicesSold": "255225000", "operatingIncome": "9983000", "sellingGeneralAndAdministrative": "23166000", "researchAndDevelopment": "None", "operatingExpenses": "23166000", "investmentIncomeNet": "None", "netInterestIncome": "None", "interestIncome": "None", "interestExpense": "14543000", "nonInterestIncome": "None", "otherNonOperatingIncome": "None", "depreciation": "None", "depreciationAndAmortization": "96633000", "incomeBeforeTax": "39125000", "incomeTaxExpense": "8751000", "interestAndDebtExpense": "None", "netIncomeFromContinuingOperations": "None", "comprehensiveIncomeNetOfTax": "None", "ebit": "53668000", "ebitda": "150301000", "netIncome": "30374000"}, {"fiscalDateEnding": "2020-03-31", "reportedCurrency": "USD", "grossProfit": "103756000", "totalRevenue": "370395000", "costOfRevenue": "266639000", "costofGoodsAndServicesSold": "266639000", "operatingIncome": "70327000", "sellingGeneralAndAdministrative": "33429000", "researchAndDevelopment": "None", "operatingExpenses": "33429000", "investmentIncomeNet": "None", "netInterestIncome": "None", "interestIncome": "None", "interestExpense": "14211000", "nonInterestIncome": "None", "otherNonOperatingIncome": "None", "depreciation": "None", "depreciationAndAmortization": "100135000", "incomeBeforeTax": "72124000", "incomeTaxExpense": "18214000", "interestAndDebtExpense": "None", "netIncomeFromContinuingOperations": "None", "comprehensiveIncomeNetOfTax": "None", "ebit": "86335000", "ebitda": "186470000", "netIncome": "53910000"}, {"fiscalDateEnding": "2019-12-31", "reportedCurrency": "USD", "grossProfit": "177563000", "totalRevenue": "463526000", "costOfRevenue": "285963000", "costofGoodsAndServicesSold": "285963000", "operatingIncome": "155063000", "sellingGeneralAndAdministrative": "22500000", "researchAndDevelopment": "None", "operatingExpenses": "22500000", "investmentIncomeNet": "None", "netInterestIncome": "None", "interestIncome": "None", "interestExpense": "14650000", "nonInterestIncome": "None", "otherNonOperatingIncome": "None", "depreciation": "None", "depreciationAndAmortization": "108659000", "incomeBeforeTax": "207415000", "incomeTaxExpense": "60475000", "interestAndDebtExpense": "None", "netIncomeFromContinuingOperations": "None", "comprehensiveIncomeNetOfTax": "None", "ebit": "222065000", "ebitda": "330724000", "netIncome": "146940000"}, {"fiscalDateEnding": "2019-09-30", "reportedCurrency": "USD", "grossProfit": "133211999", "totalRevenue": "418051000", "costOfRevenue": "284839000", "costofGoodsAndServicesSold": "284839000", "operatingIncome": "114821000", "sellingGeneralAndAdministrative": "18391000", "researchAndDevelopment": "None", "operatingExpenses": "18391000", "investmentIncomeNet": "None", "netInterestIncome": "None", "interestIncome": "None", "interestExpense": "13554000", "nonInterestIncome": "None", "otherNonOperatingIncome": "None", "depreciation": "None", "depreciationAndAmortization": "110889000", "incomeBeforeTax": "116080000", "incomeTaxExpense": "25722000", "interestAndDebtExpense": "None", "netIncomeFromContinuingOperations": "None", "comprehensiveIncomeNetOfTax": "None", "ebit": "129634000", "ebitda": "240523000", "netIncome": "90358000"}, {"fiscalDateEnding": "2019-06-30", "reportedCurrency": "USD", "grossProfit": "206395000", "totalRevenue": "470468000", "costOfRevenue": "264072999", "costofGoodsAndServicesSold": "264072999", "operatingIncome": "183506000", "sellingGeneralAndAdministrative": "22889000", "researchAndDevelopment": "None", "operatingExpenses": "22889000", "investmentIncomeNet": "None", "netInterestIncome": "None", "interestIncome": "None", "interestExpense": "14567000", "nonInterestIncome": "None", "otherNonOperatingIncome": "None", "depreciation": "None", "depreciationAndAmortization": "96150000", "incomeBeforeTax": "236095000", "incomeTaxExpense": "55086000", "interestAndDebtExpense": "None", "netIncomeFromContinuingOperations": "None", "comprehensiveIncomeNetOfTax": "None", "ebit": "250662000", "ebitda": "346812000", "netIncome": "181009000"}, {"fiscalDateEnding": "2019-03-31", "reportedCurrency": "USD", "grossProfit": "373608000", "totalRevenue": "633424000", "costOfRevenue": "259815999", "costofGoodsAndServicesSold": "259815999", "operatingIncome": "342518000", "sellingGeneralAndAdministrative": "31090000", "researchAndDevelopment": "None", "operatingExpenses": "31090000", "investmentIncomeNet": "None", "netInterestIncome": "None", "interestIncome": "None", "interestExpense": "12181000", "nonInterestIncome": "None", "otherNonOperatingIncome": "None", "depreciation": "None", "depreciationAndAmortization": "92271000", "incomeBeforeTax": "340634000", "incomeTaxExpense": "77871000", "interestAndDebtExpense": "None", "netIncomeFromContinuingOperations": "None", "comprehensiveIncomeNetOfTax": "None", "ebit": "352815000", "ebitda": "445086000", "netIncome": "262762999"}, {"fiscalDateEnding": "2018-12-31", "reportedCurrency": "USD", "grossProfit": "324577000", "totalRevenue": "670241000", "costOfRevenue": "345664000", "costofGoodsAndServicesSold": "345664000", "operatingIncome": "293948000", "sellingGeneralAndAdministrative": "30629000", "researchAndDevelopment": "None", "operatingExpenses": "30629000", "investmentIncomeNet": "None", "netInterestIncome": "None", "interestIncome": "None", "interestExpense": "15624000", "nonInterestIncome": "None", "otherNonOperatingIncome": "None", "depreciation": "None", "depreciationAndAmortization": "170585000", "incomeBeforeTax": "324937000", "incomeTaxExpense": "49893000", "interestAndDebtExpense": "None", "netIncomeFromContinuingOperations": "None", "comprehensiveIncomeNetOfTax": "None", "ebit": "340561000", "ebitda": "511146000", "netIncome": "275044000"}, {"fiscalDateEnding": "2018-09-30", "reportedCurrency": "USD", "grossProfit": "174668000", "totalRevenue": "548710000", "costOfRevenue": "374042000", "costofGoodsAndServicesSold": "374042000", "operatingIncome": "153944000", "sellingGeneralAndAdministrative": "20724000", "researchAndDevelopment": "None", "operatingExpenses": "20724000", "investmentIncomeNet": "None", "netInterestIncome": "None", "interestIncome": "None", "interestExpense": "14191000", "nonInterestIncome": "None", "otherNonOperatingIncome": "None", "depreciation": "None", "depreciationAndAmortization": "126512000", "incomeBeforeTax": "161745000", "incomeTaxExpense": "39408000", "interestAndDebtExpense": "None", "netIncomeFromContinuingOperations": "None", "comprehensiveIncomeNetOfTax": "None", "ebit": "175936000", "ebitda": "302448000", "netIncome": "122337000"}, {"fiscalDateEnding": "2018-06-30", "reportedCurrency": "USD", "grossProfit": "102385000", "totalRevenue": "457115000", "costOfRevenue": "354730000", "costofGoodsAndServicesSold": "354730000", "operatingIncome": "81157000", "sellingGeneralAndAdministrative": "21228000", "researchAndDevelopment": "None", "operatingExpenses": "21228000", "investmentIncomeNet": "None", "netInterestIncome": "None", "interestIncome": "None", "interestExpense": "23328000", "nonInterestIncome": "None", "otherNonOperatingIncome": "None", "depreciation": "None", "depreciationAndAmortization": "136055000", "incomeBeforeTax": "54583000", "incomeTaxExpense": "12152000", "interestAndDebtExpense": "None", "netIncomeFromContinuingOperations": "None", "comprehensiveIncomeNetOfTax": "None", "ebit": "77911000", "ebitda": "213966000", "netIncome": "42431000"}, {"fiscalDateEnding": "2018-03-31", "reportedCurrency": "USD", "grossProfit": "237570000", "totalRevenue": "467650000", "costOfRevenue": "230080000", "costofGoodsAndServicesSold": "230080000", "operatingIncome": "213510000", "sellingGeneralAndAdministrative": "24060000", "researchAndDevelopment": "None", "operatingExpenses": "24060000", "investmentIncomeNet": "None", "netInterestIncome": "None", "interestIncome": "None", "interestExpense": "20058000", "nonInterestIncome": "None", "otherNonOperatingIncome": "None", "depreciation": "None", "depreciationAndAmortization": "82068000", "incomeBeforeTax": "156872000", "incomeTaxExpense": "39641000", "interestAndDebtExpense": "None", "netIncomeFromContinuingOperations": "None", "comprehensiveIncomeNetOfTax": "None", "ebit": "176930000", "ebitda": "258998000", "netIncome": "117231000"}, {"fiscalDateEnding": "2017-12-31", "reportedCurrency": "USD", "grossProfit": "126329000", "totalRevenue": "429930000", "costOfRevenue": "303601000", "costofGoodsAndServicesSold": "303601000", "operatingIncome": "99444000", "sellingGeneralAndAdministrative": "26885000", "researchAndDevelopment": "None", "operatingExpenses": "26885000", "investmentIncomeNet": "None", "netInterestIncome": "None", "interestIncome": "None", "interestExpense": "20410000", "nonInterestIncome": "None", "otherNonOperatingIncome": "None", "depreciation": "None", "depreciationAndAmortization": "144106000", "incomeBeforeTax": "-459234000", "incomeTaxExpense": "-414793000", "interestAndDebtExpense": "None", "netIncomeFromContinuingOperations": "None", "comprehensiveIncomeNetOfTax": "None", "ebit": "-438824000", "ebitda": "-294718000", "netIncome": "-44441000"}, {"fiscalDateEnding": "2017-09-30", "reportedCurrency": "USD", "grossProfit": "77355000", "totalRevenue": "386252000", "costOfRevenue": "308897000", "costofGoodsAndServicesSold": "308897000", "operatingIncome": "54111000", "sellingGeneralAndAdministrative": "23244000", "researchAndDevelopment": "None", "operatingExpenses": "23244000", "investmentIncomeNet": "None", "netInterestIncome": "None", "interestIncome": "None", "interestExpense": "20331000", "nonInterestIncome": "None", "otherNonOperatingIncome": "None", "depreciation": "None", "depreciationAndAmortization": "146267000", "incomeBeforeTax": "24738000", "incomeTaxExpense": "7151000", "interestAndDebtExpense": "None", "netIncomeFromContinuingOperations": "None", "comprehensiveIncomeNetOfTax": "None", "ebit": "45069000", "ebitda": "191336000", "netIncome": "17587000"}, {"fiscalDateEnding": "2017-06-30", "reportedCurrency": "USD", "grossProfit": "138836000", "totalRevenue": "446652000", "costOfRevenue": "307816000", "costofGoodsAndServicesSold": "307816000", "operatingIncome": "114879000", "sellingGeneralAndAdministrative": "23957000", "researchAndDevelopment": "None", "operatingExpenses": "23957000", "investmentIncomeNet": "None", "netInterestIncome": "None", "interestIncome": "None", "interestExpense": "20619000", "nonInterestIncome": "None", "otherNonOperatingIncome": "None", "depreciation": "None", "depreciationAndAmortization": "144322000", "incomeBeforeTax": "37136000", "incomeTaxExpense": "15609000", "interestAndDebtExpense": "None", "netIncomeFromContinuingOperations": "None", "comprehensiveIncomeNetOfTax": "None", "ebit": "57755000", "ebitda": "202077000", "netIncome": "21527000"}, {"fiscalDateEnding": "2017-03-31", "reportedCurrency": "USD", "grossProfit": "181942000", "totalRevenue": "484459000", "costOfRevenue": "302517000", "costofGoodsAndServicesSold": "302517000", "operatingIncome": "158242000", "sellingGeneralAndAdministrative": "23700000", "researchAndDevelopment": "None", "operatingExpenses": "23700000", "investmentIncomeNet": "None", "netInterestIncome": "None", "interestIncome": "None", "interestExpense": "20771000", "nonInterestIncome": "None", "otherNonOperatingIncome": "None", "depreciation": "None", "depreciationAndAmortization": "137942000", "incomeBeforeTax": "168925000", "incomeTaxExpense": "63205000", "interestAndDebtExpense": "None", "netIncomeFromContinuingOperations": "None", "comprehensiveIncomeNetOfTax": "None", "ebit": "189696000", "ebitda": "327638000", "netIncome": "105720000"}, {"fiscalDateEnding": "2016-12-31", "reportedCurrency": "USD", "grossProfit": "52423000", "totalRevenue": "354155000", "costOfRevenue": "301732000", "costofGoodsAndServicesSold": "301732000", "operatingIncome": "33580000", "sellingGeneralAndAdministrative": "18843000", "researchAndDevelopment": "None", "operatingExpenses": "18843000", "investmentIncomeNet": "None", "netInterestIncome": "None", "interestIncome": "None", "interestExpense": "20515000", "nonInterestIncome": "None", "otherNonOperatingIncome": "None", "depreciation": "None", "depreciationAndAmortization": "151320000", "incomeBeforeTax": "-463992000", "incomeTaxExpense": "-171232000", "interestAndDebtExpense": "None", "netIncomeFromContinuingOperations": "None", "comprehensiveIncomeNetOfTax": "None", "ebit": "-443477000", "ebitda": "-292157000", "netIncome": "-292760000"}, {"fiscalDateEnding": "2016-09-30", "reportedCurrency": "USD", "grossProfit": "19040000", "totalRevenue": "303525000", "costOfRevenue": "284485000", "costofGoodsAndServicesSold": "284485000", "operatingIncome": "-736000", "sellingGeneralAndAdministrative": "19776000", "researchAndDevelopment": "None", "operatingExpenses": "19776000", "investmentIncomeNet": "None", "netInterestIncome": "None", "interestIncome": "None", "interestExpense": "21483000", "nonInterestIncome": "None", "otherNonOperatingIncome": "None", "depreciation": "None", "depreciationAndAmortization": "139490000", "incomeBeforeTax": "-18287000", "incomeTaxExpense": "-8026999", "interestAndDebtExpense": "None", "netIncomeFromContinuingOperations": "None", "comprehensiveIncomeNetOfTax": "None", "ebit": "3196000", "ebitda": "142686000", "netIncome": "-10260000"}, {"fiscalDateEnding": "2016-06-30", "reportedCurrency": "USD", "grossProfit": "-36775000", "totalRevenue": "246816000", "costOfRevenue": "283591000", "costofGoodsAndServicesSold": "283591000", "operatingIncome": "-70382000", "sellingGeneralAndAdministrative": "19945000", "researchAndDevelopment": "None", "operatingExpenses": "32656000", "investmentIncomeNet": "None", "netInterestIncome": "None", "interestIncome": "None", "interestExpense": "21963000", "nonInterestIncome": "None", "otherNonOperatingIncome": "None", "depreciation": "None", "depreciationAndAmortization": "147533000", "incomeBeforeTax": "-97356000", "incomeTaxExpense": "-34446000", "interestAndDebtExpense": "None", "netIncomeFromContinuingOperations": "None", "comprehensiveIncomeNetOfTax": "None", "ebit": "-75393000", "ebitda": "72140000", "netIncome": "-62910000"}, {"fiscalDateEnding": "2016-03-31", "reportedCurrency": "USD", "grossProfit": "-18199000", "totalRevenue": "281941000", "costOfRevenue": "300140000", "costofGoodsAndServicesSold": "300140000", "operatingIncome": "-55086000", "sellingGeneralAndAdministrative": "27873000", "researchAndDevelopment": "None", "operatingExpenses": "40250000", "investmentIncomeNet": "None", "netInterestIncome": "None", "interestIncome": "None", "interestExpense": "24375000", "nonInterestIncome": "None", "otherNonOperatingIncome": "None", "depreciation": "None", "depreciationAndAmortization": "161887000", "incomeBeforeTax": "-79964000", "incomeTaxExpense": "-28770000", "interestAndDebtExpense": "None", "netIncomeFromContinuingOperations": "None", "comprehensiveIncomeNetOfTax": "None", "ebit": "-55589000", "ebitda": "106298000", "netIncome": "-51194000"}, {"fiscalDateEnding": "2015-12-31", "reportedCurrency": "USD", "grossProfit": "-11837000", "totalRevenue": "280791000", "costOfRevenue": "292628000", "costofGoodsAndServicesSold": "292628000", "operatingIncome": "-157670000", "sellingGeneralAndAdministrative": "15833000", "researchAndDevelopment": "None", "operatingExpenses": "32844000", "investmentIncomeNet": "None", "netInterestIncome": "None", "interestIncome": "None", "interestExpense": "24666000", "nonInterestIncome": "None", "otherNonOperatingIncome": "None", "depreciation": "None", "depreciationAndAmortization": "149876000", "incomeBeforeTax": "-182337000", "incomeTaxExpense": "-71213000", "interestAndDebtExpense": "None", "netIncomeFromContinuingOperations": "None", "comprehensiveIncomeNetOfTax": "None", "ebit": "-157670000", "ebitda": "-7794000", "netIncome": "-111124000"}, {"fiscalDateEnding": "2015-09-30", "reportedCurrency": "USD", "grossProfit": "21011000", "totalRevenue": "305296000", "costOfRevenue": "284285000", "costofGoodsAndServicesSold": "284285000", "operatingIncome": "-1024000", "sellingGeneralAndAdministrative": "11102000", "researchAndDevelopment": "None", "operatingExpenses": "27439000", "investmentIncomeNet": "None", "netInterestIncome": "None", "interestIncome": "None", "interestExpense": "24510000", "nonInterestIncome": "None", "otherNonOperatingIncome": "None", "depreciation": "None", "depreciationAndAmortization": "144326000", "incomeBeforeTax": "-25534000", "incomeTaxExpense": "-10020000", "interestAndDebtExpense": "None", "netIncomeFromContinuingOperations": "None", "comprehensiveIncomeNetOfTax": "None", "ebit": "-1024000", "ebitda": "143302000", "netIncome": "-15514000"}, {"fiscalDateEnding": "2015-06-30", "reportedCurrency": "USD", "grossProfit": "16492000", "totalRevenue": "306297000", "costOfRevenue": "289805000", "costofGoodsAndServicesSold": "289805000", "operatingIncome": "-18962000", "sellingGeneralAndAdministrative": "19978000", "researchAndDevelopment": "None", "operatingExpenses": "36887000", "investmentIncomeNet": "None", "netInterestIncome": "None", "interestIncome": "None", "interestExpense": "24168000", "nonInterestIncome": "None", "otherNonOperatingIncome": "None", "depreciation": "None", "depreciationAndAmortization": "152512000", "incomeBeforeTax": "-43130000", "incomeTaxExpense": "-15622000", "interestAndDebtExpense": "None", "netIncomeFromContinuingOperations": "None", "comprehensiveIncomeNetOfTax": "None", "ebit": "-18962000", "ebitda": "133550000", "netIncome": "-27508000"}, {"fiscalDateEnding": "2015-03-31", "reportedCurrency": "USD", "grossProfit": "128277000", "totalRevenue": "464765000", "costOfRevenue": "336488000", "costofGoodsAndServicesSold": "336488000", "operatingIncome": "87295000", "sellingGeneralAndAdministrative": "22529000", "researchAndDevelopment": "None", "operatingExpenses": "42541000", "investmentIncomeNet": "None", "netInterestIncome": "None", "interestIncome": "None", "interestExpense": "23566000", "nonInterestIncome": "None", "otherNonOperatingIncome": "None", "depreciation": "None", "depreciationAndAmortization": "175497000", "incomeBeforeTax": "63729000", "incomeTaxExpense": "23474000", "interestAndDebtExpense": "None", "netIncomeFromContinuingOperations": "None", "comprehensiveIncomeNetOfTax": "None", "ebit": "87295000", "ebitda": "262792000", "netIncome": "40255000"}, {"fiscalDateEnding": "2014-12-31", "reportedCurrency": "USD", "grossProfit": "300877000", "totalRevenue": "618004000", "costOfRevenue": "317127000", "costofGoodsAndServicesSold": "317127000", "operatingIncome": "-489293000", "sellingGeneralAndAdministrative": "21248000", "researchAndDevelopment": "None", "operatingExpenses": "40249000", "investmentIncomeNet": "None", "netInterestIncome": "None", "interestIncome": "None", "interestExpense": "23471000", "nonInterestIncome": "None", "otherNonOperatingIncome": "None", "depreciation": "None", "depreciationAndAmortization": "173765000", "incomeBeforeTax": "-512766000", "incomeTaxExpense": "-290995000", "interestAndDebtExpense": "None", "netIncomeFromContinuingOperations": "None", "comprehensiveIncomeNetOfTax": "None", "ebit": "-489293000", "ebitda": "-315528000", "netIncome": "-221771000"}, {"fiscalDateEnding": "2014-09-30", "reportedCurrency": "USD", "grossProfit": "228556000", "totalRevenue": "512017000", "costOfRevenue": "283461000", "costofGoodsAndServicesSold": "283461000", "operatingIncome": "190341000", "sellingGeneralAndAdministrative": "19579000", "researchAndDevelopment": "None", "operatingExpenses": "39324000", "investmentIncomeNet": "None", "netInterestIncome": "None", "interestIncome": "None", "interestExpense": "17422000", "nonInterestIncome": "None", "otherNonOperatingIncome": "None", "depreciation": "None", "depreciationAndAmortization": "154014000", "incomeBeforeTax": "172919000", "incomeTaxExpense": "72131000", "interestAndDebtExpense": "None", "netIncomeFromContinuingOperations": "None", "comprehensiveIncomeNetOfTax": "None", "ebit": "190341000", "ebitda": "344355000", "netIncome": "100788000"}, {"fiscalDateEnding": "2014-06-30", "reportedCurrency": "USD", "grossProfit": "249012000", "totalRevenue": "533187000", "costOfRevenue": "284175000", "costofGoodsAndServicesSold": "284175000", "operatingIncome": "210653000", "sellingGeneralAndAdministrative": "20127000", "researchAndDevelopment": "None", "operatingExpenses": "37619000", "investmentIncomeNet": "None", "netInterestIncome": "None", "interestIncome": "None", "interestExpense": "16334000", "nonInterestIncome": "None", "otherNonOperatingIncome": "None", "depreciation": "None", "depreciationAndAmortization": "157563000", "incomeBeforeTax": "194319000", "incomeTaxExpense": "75899000", "interestAndDebtExpense": "None", "netIncomeFromContinuingOperations": "None", "comprehensiveIncomeNetOfTax": "None", "ebit": "210653000", "ebitda": "368216000", "netIncome": "118420000"}, {"fiscalDateEnding": "2014-03-31", "reportedCurrency": "USD", "grossProfit": "236926000", "totalRevenue": "509803000", "costOfRevenue": "272877000", "costofGoodsAndServicesSold": "272877000", "operatingIncome": "194487000", "sellingGeneralAndAdministrative": "21636000", "researchAndDevelopment": "None", "operatingExpenses": "41154000", "investmentIncomeNet": "None", "netInterestIncome": "None", "interestIncome": "None", "interestExpense": "16557000", "nonInterestIncome": "None", "otherNonOperatingIncome": "None", "depreciation": "None", "depreciationAndAmortization": "147418000", "incomeBeforeTax": "177930000", "incomeTaxExpense": "70899000", "interestAndDebtExpense": "None", "netIncomeFromContinuingOperations": "None", "comprehensiveIncomeNetOfTax": "None", "ebit": "194487000", "ebitda": "341905000", "netIncome": "107031000"}, {"fiscalDateEnding": "2013-12-31", "reportedCurrency": "USD", "grossProfit": "187228000", "totalRevenue": "487463000", "costOfRevenue": "300235000", "costofGoodsAndServicesSold": "300235000", "operatingIncome": "167198000", "sellingGeneralAndAdministrative": "22597000", "researchAndDevelopment": "None", "operatingExpenses": "36780000", "investmentIncomeNet": "None", "netInterestIncome": "None", "interestIncome": "None", "interestExpense": "16190000", "nonInterestIncome": "None", "otherNonOperatingIncome": "None", "depreciation": "None", "depreciationAndAmortization": "182030000", "incomeBeforeTax": "151008000", "incomeTaxExpense": "73062000", "interestAndDebtExpense": "None", "netIncomeFromContinuingOperations": "None", "comprehensiveIncomeNetOfTax": "None", "ebit": "167198000", "ebitda": "349228000", "netIncome": "77946000"}, {"fiscalDateEnding": "2013-09-30", "reportedCurrency": "USD", "grossProfit": "167231000", "totalRevenue": "435850000", "costOfRevenue": "268619000", "costofGoodsAndServicesSold": "268619000", "operatingIncome": "131810000", "sellingGeneralAndAdministrative": "24697000", "researchAndDevelopment": "None", "operatingExpenses": "40120000", "investmentIncomeNet": "None", "netInterestIncome": "None", "interestIncome": "None", "interestExpense": "15796000", "nonInterestIncome": "None", "otherNonOperatingIncome": "None", "depreciation": "None", "depreciationAndAmortization": "168980000", "incomeBeforeTax": "115736000", "incomeTaxExpense": "45847000", "interestAndDebtExpense": "None", "netIncomeFromContinuingOperations": "None", "comprehensiveIncomeNetOfTax": "None", "ebit": "131810000", "ebitda": "300790000", "netIncome": "69889000"}, {"fiscalDateEnding": "2013-06-30", "reportedCurrency": "USD", "grossProfit": "201961000", "totalRevenue": "449680000", "costOfRevenue": "247719000", "costofGoodsAndServicesSold": "247719000", "operatingIncome": "165026000", "sellingGeneralAndAdministrative": "21608000", "researchAndDevelopment": "None", "operatingExpenses": "37501000", "investmentIncomeNet": "None", "netInterestIncome": "None", "interestIncome": "None", "interestExpense": "16701000", "nonInterestIncome": "None", "otherNonOperatingIncome": "None", "depreciation": "None", "depreciationAndAmortization": "151389000", "incomeBeforeTax": "148035000", "incomeTaxExpense": "58921000", "interestAndDebtExpense": "None", "netIncomeFromContinuingOperations": "None", "comprehensiveIncomeNetOfTax": "None", "ebit": "165026000", "ebitda": "316415000", "netIncome": "89114000"}, {"fiscalDateEnding": "2013-03-31", "reportedCurrency": "USD", "grossProfit": "138525000", "totalRevenue": "373285000", "costOfRevenue": "234760000", "costofGoodsAndServicesSold": "234760000", "operatingIncome": "87014000", "sellingGeneralAndAdministrative": "35704000", "researchAndDevelopment": "None", "operatingExpenses": "51415000", "investmentIncomeNet": "None", "netInterestIncome": "None", "interestIncome": "None", "interestExpense": "16255000", "nonInterestIncome": "None", "otherNonOperatingIncome": "None", "depreciation": "None", "depreciationAndAmortization": "148653000", "incomeBeforeTax": "70759000", "incomeTaxExpense": "27935000", "interestAndDebtExpense": "None", "netIncomeFromContinuingOperations": "None", "comprehensiveIncomeNetOfTax": "None", "ebit": "87014000", "ebitda": "235667000", "netIncome": "42824000"}, {"fiscalDateEnding": "2012-12-31", "reportedCurrency": "USD", "grossProfit": "-168478000", "totalRevenue": "369879000", "costOfRevenue": "538357000", "costofGoodsAndServicesSold": "538357000", "operatingIncome": "105617000", "sellingGeneralAndAdministrative": "27989000", "researchAndDevelopment": "None", "operatingExpenses": "-290502000", "investmentIncomeNet": "None", "netInterestIncome": "None", "interestIncome": "None", "interestExpense": "16662000", "nonInterestIncome": "None", "otherNonOperatingIncome": "None", "depreciation": "None", "depreciationAndAmortization": "115984000", "incomeBeforeTax": "88955000", "incomeTaxExpense": "48089000", "interestAndDebtExpense": "None", "netIncomeFromContinuingOperations": "None", "comprehensiveIncomeNetOfTax": "None", "ebit": "105617000", "ebitda": "221601000", "netIncome": "40866000"}, {"fiscalDateEnding": "2012-09-30", "reportedCurrency": "USD", "grossProfit": "119469000", "totalRevenue": "296874000", "costOfRevenue": "177405000", "costofGoodsAndServicesSold": "177405000", "operatingIncome": "75775000", "sellingGeneralAndAdministrative": "23829000", "researchAndDevelopment": "None", "operatingExpenses": "43568000", "investmentIncomeNet": "None", "netInterestIncome": "None", "interestIncome": "None", "interestExpense": "16219000", "nonInterestIncome": "None", "otherNonOperatingIncome": "None", "depreciation": "None", "depreciationAndAmortization": "110448000", "incomeBeforeTax": "59556000", "incomeTaxExpense": "22948000", "interestAndDebtExpense": "None", "netIncomeFromContinuingOperations": "None", "comprehensiveIncomeNetOfTax": "None", "ebit": "75775000", "ebitda": "186223000", "netIncome": "36608000"}, {"fiscalDateEnding": "2012-06-30", "reportedCurrency": "USD", "grossProfit": "84346000", "totalRevenue": "265657000", "costOfRevenue": "181311000", "costofGoodsAndServicesSold": "181311000", "operatingIncome": "78079000", "sellingGeneralAndAdministrative": "46872000", "researchAndDevelopment": "None", "operatingExpenses": "73970000", "investmentIncomeNet": "None", "netInterestIncome": "None", "interestIncome": "None", "interestExpense": "18495000", "nonInterestIncome": "None", "otherNonOperatingIncome": "None", "depreciation": "None", "depreciationAndAmortization": "114616000", "incomeBeforeTax": "59584000", "incomeTaxExpense": "23647000", "interestAndDebtExpense": "None", "netIncomeFromContinuingOperations": "None", "comprehensiveIncomeNetOfTax": "None", "ebit": "78079000", "ebitda": "192695000", "netIncome": "35937000"}, {"fiscalDateEnding": "2012-03-31", "reportedCurrency": "USD", "grossProfit": "92329000", "totalRevenue": "272136000", "costOfRevenue": "179807000", "costofGoodsAndServicesSold": "179807000", "operatingIncome": "46661000", "sellingGeneralAndAdministrative": "22549000", "researchAndDevelopment": "None", "operatingExpenses": "45133000", "investmentIncomeNet": "None", "netInterestIncome": "None", "interestIncome": "None", "interestExpense": "16917000", "nonInterestIncome": "None", "otherNonOperatingIncome": "None", "depreciation": "None", "depreciationAndAmortization": "110357000", "incomeBeforeTax": "29744000", "incomeTaxExpense": "11426000", "interestAndDebtExpense": "None", "netIncomeFromContinuingOperations": "None", "comprehensiveIncomeNetOfTax": "None", "ebit": "46661000", "ebitda": "157018000", "netIncome": "18318000"}, {"fiscalDateEnding": "2011-12-31", "reportedCurrency": "USD", "grossProfit": "202410000", "totalRevenue": "268025000", "costOfRevenue": "65615000", "costofGoodsAndServicesSold": "65615000", "operatingIncome": "98609000", "sellingGeneralAndAdministrative": "26413000", "researchAndDevelopment": "None", "operatingExpenses": "130775000", "investmentIncomeNet": "None", "netInterestIncome": "None", "interestIncome": "None", "interestExpense": "17735000", "nonInterestIncome": "None", "otherNonOperatingIncome": "None", "depreciation": "None", "depreciationAndAmortization": "92499000", "incomeBeforeTax": "80874000", "incomeTaxExpense": "54511000", "interestAndDebtExpense": "None", "netIncomeFromContinuingOperations": "None", "comprehensiveIncomeNetOfTax": "None", "ebit": "98609000", "ebitda": "191108000", "netIncome": "26363000"}, {"fiscalDateEnding": "2011-09-30", "reportedCurrency": "USD", "grossProfit": "206853000", "totalRevenue": "262117000", "costOfRevenue": "55264000", "costofGoodsAndServicesSold": "55264000", "operatingIncome": "65233000", "sellingGeneralAndAdministrative": "27949000", "researchAndDevelopment": "None", "operatingExpenses": "145474000", "investmentIncomeNet": "None", "netInterestIncome": "None", "interestIncome": "None", "interestExpense": "18517000", "nonInterestIncome": "None", "otherNonOperatingIncome": "None", "depreciation": "None", "depreciationAndAmortization": "90293000", "incomeBeforeTax": "46716000", "incomeTaxExpense": "18234000", "interestAndDebtExpense": "None", "netIncomeFromContinuingOperations": "None", "comprehensiveIncomeNetOfTax": "None", "ebit": "65233000", "ebitda": "155526000", "netIncome": "28482000"}, {"fiscalDateEnding": "2011-06-30", "reportedCurrency": "USD", "grossProfit": "192247000", "totalRevenue": "240696000", "costOfRevenue": "48449000", "costofGoodsAndServicesSold": "48449000", "operatingIncome": "106618000", "sellingGeneralAndAdministrative": "26006000", "researchAndDevelopment": "None", "operatingExpenses": "119700000", "investmentIncomeNet": "None", "netInterestIncome": "None", "interestIncome": "None", "interestExpense": "18044000", "nonInterestIncome": "None", "otherNonOperatingIncome": "None", "depreciation": "None", "depreciationAndAmortization": "83225000", "incomeBeforeTax": "88574000", "incomeTaxExpense": "33897000", "interestAndDebtExpense": "None", "netIncomeFromContinuingOperations": "None", "comprehensiveIncomeNetOfTax": "None", "ebit": "106618000", "ebitda": "189843000", "netIncome": "54677000"}, {"fiscalDateEnding": "2011-03-31", "reportedCurrency": "USD", "grossProfit": "147481000", "totalRevenue": "209026000", "costOfRevenue": "61545000", "costofGoodsAndServicesSold": "61545000", "operatingIncome": "36390000", "sellingGeneralAndAdministrative": "24299000", "researchAndDevelopment": "None", "operatingExpenses": "109574000", "investmentIncomeNet": "None", "netInterestIncome": "None", "interestIncome": "None", "interestExpense": "17367000", "nonInterestIncome": "None", "otherNonOperatingIncome": "None", "depreciation": "None", "depreciationAndAmortization": "77124000", "incomeBeforeTax": "19023000", "incomeTaxExpense": "6137000", "interestAndDebtExpense": "None", "netIncomeFromContinuingOperations": "None", "comprehensiveIncomeNetOfTax": "None", "ebit": "36390000", "ebitda": "113514000", "netIncome": "12886000"}, {"fiscalDateEnding": "2010-12-31", "reportedCurrency": "USD", "grossProfit": "206229000", "totalRevenue": "216875000", "costOfRevenue": "10646000", "costofGoodsAndServicesSold": "10646000", "operatingIncome": "25214000", "sellingGeneralAndAdministrative": "29501000", "researchAndDevelopment": "None", "operatingExpenses": "170490000", "investmentIncomeNet": "None", "netInterestIncome": "None", "interestIncome": "None", "interestExpense": "20502000", "nonInterestIncome": "None", "otherNonOperatingIncome": "None", "depreciation": "None", "depreciationAndAmortization": "91504000", "incomeBeforeTax": "111006000", "incomeTaxExpense": "61897000", "interestAndDebtExpense": "None", "netIncomeFromContinuingOperations": "None", "comprehensiveIncomeNetOfTax": "None", "ebit": "131508000", "ebitda": "223012000", "netIncome": "49109000"}, {"fiscalDateEnding": "2010-09-30", "reportedCurrency": "USD", "grossProfit": "182383000", "totalRevenue": "224062000", "costOfRevenue": "41679000", "costofGoodsAndServicesSold": "41679000", "operatingIncome": "22273000", "sellingGeneralAndAdministrative": "21077000", "researchAndDevelopment": "None", "operatingExpenses": "124586000", "investmentIncomeNet": "None", "netInterestIncome": "None", "interestIncome": "None", "interestExpense": "16758000", "nonInterestIncome": "None", "otherNonOperatingIncome": "None", "depreciation": "None", "depreciationAndAmortization": "85355000", "incomeBeforeTax": "5515000", "incomeTaxExpense": "1617000", "interestAndDebtExpense": "None", "netIncomeFromContinuingOperations": "None", "comprehensiveIncomeNetOfTax": "None", "ebit": "22273000", "ebitda": "107628000", "netIncome": "3898000"}, {"fiscalDateEnding": "2010-06-30", "reportedCurrency": "USD", "grossProfit": "159334000", "totalRevenue": "200241000", "costOfRevenue": "40907000", "costofGoodsAndServicesSold": "40907000", "operatingIncome": "52068000", "sellingGeneralAndAdministrative": "12853000", "researchAndDevelopment": "None", "operatingExpenses": "111653000", "investmentIncomeNet": "None", "netInterestIncome": "None", "interestIncome": "None", "interestExpense": "15769000", "nonInterestIncome": "None", "otherNonOperatingIncome": "None", "depreciation": "None", "depreciationAndAmortization": "76726000", "incomeBeforeTax": "36299000", "incomeTaxExpense": "14617000", "interestAndDebtExpense": "None", "netIncomeFromContinuingOperations": "None", "comprehensiveIncomeNetOfTax": "None", "ebit": "47681000", "ebitda": "124407000", "netIncome": "21682000"}, {"fiscalDateEnding": "2010-03-31", "reportedCurrency": "USD", "grossProfit": "159879000", "totalRevenue": "216345000", "costOfRevenue": "56466000", "costofGoodsAndServicesSold": "56466000", "operatingIncome": "59830000", "sellingGeneralAndAdministrative": "15746000", "researchAndDevelopment": "None", "operatingExpenses": "100049000", "investmentIncomeNet": "None", "netInterestIncome": "None", "interestIncome": "None", "interestExpense": "14912000", "nonInterestIncome": "None", "otherNonOperatingIncome": "None", "depreciation": "None", "depreciationAndAmortization": "73498000", "incomeBeforeTax": "45677000", "incomeTaxExpense": "16981000", "interestAndDebtExpense": "None", "netIncomeFromContinuingOperations": "None", "comprehensiveIncomeNetOfTax": "None", "ebit": "60589000", "ebitda": "134087000", "netIncome": "28696000"}, {"fiscalDateEnding": "2009-12-31", "reportedCurrency": "USD", "grossProfit": "223518000", "totalRevenue": "233492000", "costOfRevenue": "9974000", "costofGoodsAndServicesSold": "9974000", "operatingIncome": "66713000", "sellingGeneralAndAdministrative": "36336000", "researchAndDevelopment": "None", "operatingExpenses": "135664000", "investmentIncomeNet": "None", "netInterestIncome": "None", "interestIncome": "None", "interestExpense": "14850000", "nonInterestIncome": "None", "otherNonOperatingIncome": "None", "depreciation": "None", "depreciationAndAmortization": "55491000", "incomeBeforeTax": "48560000", "incomeTaxExpense": "12196000", "interestAndDebtExpense": "None", "netIncomeFromContinuingOperations": "None", "comprehensiveIncomeNetOfTax": "None", "ebit": "63410000", "ebitda": "118901000", "netIncome": "36364000"}, {"fiscalDateEnding": "2009-09-30", "reportedCurrency": "USD", "grossProfit": "161828000", "totalRevenue": "207021000", "costOfRevenue": "45193000", "costofGoodsAndServicesSold": "45193000", "operatingIncome": "74723000", "sellingGeneralAndAdministrative": "14921000", "researchAndDevelopment": "None", "operatingExpenses": "87677000", "investmentIncomeNet": "None", "netInterestIncome": "None", "interestIncome": "None", "interestExpense": "14857000", "nonInterestIncome": "None", "otherNonOperatingIncome": "None", "depreciation": "None", "depreciationAndAmortization": "78074000", "incomeBeforeTax": "59866000", "incomeTaxExpense": "20969000", "interestAndDebtExpense": "None", "netIncomeFromContinuingOperations": "None", "comprehensiveIncomeNetOfTax": "None", "ebit": "74723000", "ebitda": "152797000", "netIncome": "38897000"}, {"fiscalDateEnding": "2009-06-30", "reportedCurrency": "USD", "grossProfit": "160670000", "totalRevenue": "204824000", "costOfRevenue": "44154000", "costofGoodsAndServicesSold": "44154000", "operatingIncome": "54239000", "sellingGeneralAndAdministrative": "17117000", "researchAndDevelopment": "None", "operatingExpenses": "83139000", "investmentIncomeNet": "None", "netInterestIncome": "None", "interestIncome": "None", "interestExpense": "15046000", "nonInterestIncome": "None", "otherNonOperatingIncome": "None", "depreciation": "None", "depreciationAndAmortization": "55108000", "incomeBeforeTax": "39193000", "incomeTaxExpense": "13691000", "interestAndDebtExpense": "None", "netIncomeFromContinuingOperations": "None", "comprehensiveIncomeNetOfTax": "None", "ebit": "54239000", "ebitda": "109347000", "netIncome": "25502000"}, {"fiscalDateEnding": "2009-03-31", "reportedCurrency": "USD", "grossProfit": "172245000", "totalRevenue": "233939000", "costOfRevenue": "61694000", "costofGoodsAndServicesSold": "61694000", "operatingIncome": "89897000", "sellingGeneralAndAdministrative": "17065000", "researchAndDevelopment": "None", "operatingExpenses": "85748000", "investmentIncomeNet": "None", "netInterestIncome": "None", "interestIncome": "None", "interestExpense": "14226000", "nonInterestIncome": "None", "otherNonOperatingIncome": "None", "depreciation": "None", "depreciationAndAmortization": "55785000", "incomeBeforeTax": "75671000", "incomeTaxExpense": "28091000", "interestAndDebtExpense": "None", "netIncomeFromContinuingOperations": "None", "comprehensiveIncomeNetOfTax": "None", "ebit": "89897000", "ebitda": "145682000", "netIncome": "47580000"}, {"fiscalDateEnding": "2008-12-31", "reportedCurrency": "USD", "grossProfit": "168165000", "totalRevenue": "232466000", "costOfRevenue": "64301000", "costofGoodsAndServicesSold": "64301000", "operatingIncome": "87137000", "sellingGeneralAndAdministrative": "74185000", "researchAndDevelopment": "None", "operatingExpenses": "22998000", "investmentIncomeNet": "None", "netInterestIncome": "None", "interestIncome": "None", "interestExpense": "135147000", "nonInterestIncome": "None", "otherNonOperatingIncome": "None", "depreciation": "None", "depreciationAndAmortization": "52510000", "incomeBeforeTax": "73432000", "incomeTaxExpense": "29732000", "interestAndDebtExpense": "None", "netIncomeFromContinuingOperations": "None", "comprehensiveIncomeNetOfTax": "None", "ebit": "145167000", "ebitda": "197677000", "netIncome": "43700000"}, {"fiscalDateEnding": "2008-09-30", "reportedCurrency": "USD", "grossProfit": "192542000", "totalRevenue": "244820000", "costOfRevenue": "52278000", "costofGoodsAndServicesSold": "52278000", "operatingIncome": "114717000", "sellingGeneralAndAdministrative": "209000", "researchAndDevelopment": "None", "operatingExpenses": "69313000", "investmentIncomeNet": "None", "netInterestIncome": "None", "interestIncome": "None", "interestExpense": "35813000", "nonInterestIncome": "None", "otherNonOperatingIncome": "None", "depreciation": "None", "depreciationAndAmortization": "48895000", "incomeBeforeTax": "104231000", "incomeTaxExpense": "37241000", "interestAndDebtExpense": "None", "netIncomeFromContinuingOperations": "None", "comprehensiveIncomeNetOfTax": "None", "ebit": "123229000", "ebitda": "172124000", "netIncome": "66990000"}, {"fiscalDateEnding": "2008-06-30", "reportedCurrency": "USD", "grossProfit": "194788000", "totalRevenue": "248854000", "costOfRevenue": "54066000", "costofGoodsAndServicesSold": "54066000", "operatingIncome": "94086000", "sellingGeneralAndAdministrative": "33477000", "researchAndDevelopment": "None", "operatingExpenses": "95184000", "investmentIncomeNet": "None", "netInterestIncome": "None", "interestIncome": "None", "interestExpense": "23563000", "nonInterestIncome": "None", "otherNonOperatingIncome": "None", "depreciation": "None", "depreciationAndAmortization": "42482000", "incomeBeforeTax": "87879000", "incomeTaxExpense": "33254000", "interestAndDebtExpense": "None", "netIncomeFromContinuingOperations": "None", "comprehensiveIncomeNetOfTax": "None", "ebit": "94086000", "ebitda": "136568000", "netIncome": "54625000"}, {"fiscalDateEnding": "2008-03-31", "reportedCurrency": "USD", "grossProfit": "166809000", "totalRevenue": "219651000", "costOfRevenue": "52842000", "costofGoodsAndServicesSold": "52842000", "operatingIncome": "76072000", "sellingGeneralAndAdministrative": "27573000", "researchAndDevelopment": "None", "operatingExpenses": "85986000", "investmentIncomeNet": "None", "netInterestIncome": "None", "interestIncome": "None", "interestExpense": "20244000", "nonInterestIncome": "None", "otherNonOperatingIncome": "None", "depreciation": "None", "depreciationAndAmortization": "41516000", "incomeBeforeTax": "70081000", "incomeTaxExpense": "24106000", "interestAndDebtExpense": "None", "netIncomeFromContinuingOperations": "None", "comprehensiveIncomeNetOfTax": "None", "ebit": "80823000", "ebitda": "122339000", "netIncome": "45975000"}, {"fiscalDateEnding": "2007-12-31", "reportedCurrency": "USD", "grossProfit": "131503000", "totalRevenue": "193917000", "costOfRevenue": "62414000", "costofGoodsAndServicesSold": "62414000", "operatingIncome": "69742000", "sellingGeneralAndAdministrative": "50775000", "researchAndDevelopment": "None", "operatingExpenses": "58869000", "investmentIncomeNet": "None", "netInterestIncome": "None", "interestIncome": "None", "interestExpense": "13218000", "nonInterestIncome": "None", "otherNonOperatingIncome": "None", "depreciation": "None", "depreciationAndAmortization": "38550000", "incomeBeforeTax": "64045000", "incomeTaxExpense": "21998000", "interestAndDebtExpense": "None", "netIncomeFromContinuingOperations": "None", "comprehensiveIncomeNetOfTax": "None", "ebit": "72634000", "ebitda": "111184000", "netIncome": "42047000"}, {"fiscalDateEnding": "2007-09-30", "reportedCurrency": "USD", "grossProfit": "127863000", "totalRevenue": "170848000", "costOfRevenue": "42985000", "costofGoodsAndServicesSold": "42985000", "operatingIncome": "55521000", "sellingGeneralAndAdministrative": "9715000", "researchAndDevelopment": "None", "operatingExpenses": "61887000", "investmentIncomeNet": "None", "netInterestIncome": "None", "interestIncome": "None", "interestExpense": "35335000", "nonInterestIncome": "None", "otherNonOperatingIncome": "None", "depreciation": "None", "depreciationAndAmortization": "37744000", "incomeBeforeTax": "51600000", "incomeTaxExpense": "16147000", "interestAndDebtExpense": "None", "netIncomeFromContinuingOperations": "None", "comprehensiveIncomeNetOfTax": "None", "ebit": "65976000", "ebitda": "103720000", "netIncome": "35453000"}, {"fiscalDateEnding": "2007-06-30", "reportedCurrency": "USD", "grossProfit": "133952000", "totalRevenue": "175832000", "costOfRevenue": "41880000", "costofGoodsAndServicesSold": "41880000", "operatingIncome": "70245000", "sellingGeneralAndAdministrative": "12965000", "researchAndDevelopment": "None", "operatingExpenses": "57384000", "investmentIncomeNet": "None", "netInterestIncome": "None", "interestIncome": "None", "interestExpense": "18166000", "nonInterestIncome": "None", "otherNonOperatingIncome": "None", "depreciation": "None", "depreciationAndAmortization": "34262000", "incomeBeforeTax": "66626000", "incomeTaxExpense": "25250000", "interestAndDebtExpense": "None", "netIncomeFromContinuingOperations": "None", "comprehensiveIncomeNetOfTax": "None", "ebit": "76568000", "ebitda": "110830000", "netIncome": "41376000"}, {"fiscalDateEnding": "2007-03-31", "reportedCurrency": "USD", "grossProfit": "140091000", "totalRevenue": "191573000", "costOfRevenue": "51482000", "costofGoodsAndServicesSold": "51482000", "operatingIncome": "79185000", "sellingGeneralAndAdministrative": "18280000", "researchAndDevelopment": "None", "operatingExpenses": "56920000", "investmentIncomeNet": "None", "netInterestIncome": "None", "interestIncome": "None", "interestExpense": "7962000", "nonInterestIncome": "None", "otherNonOperatingIncome": "None", "depreciation": "None", "depreciationAndAmortization": "33395000", "incomeBeforeTax": "75261000", "incomeTaxExpense": "26714000", "interestAndDebtExpense": "None", "netIncomeFromContinuingOperations": "None", "comprehensiveIncomeNetOfTax": "None", "ebit": "83171000", "ebitda": "116566000", "netIncome": "48547000"}, {"fiscalDateEnding": "2006-12-31", "reportedCurrency": "USD", "grossProfit": "119494000", "totalRevenue": "171682000", "costOfRevenue": "52188000", "costofGoodsAndServicesSold": "52188000", "operatingIncome": "54692000", "sellingGeneralAndAdministrative": "58168000", "researchAndDevelopment": "None", "operatingExpenses": "61088000", "investmentIncomeNet": "None", "netInterestIncome": "None", "interestIncome": "None", "interestExpense": "13659000", "nonInterestIncome": "None", "otherNonOperatingIncome": "None", "depreciation": "None", "depreciationAndAmortization": "32160000", "incomeBeforeTax": "55402000", "incomeTaxExpense": "23679000", "interestAndDebtExpense": "None", "netIncomeFromContinuingOperations": "None", "comprehensiveIncomeNetOfTax": "None", "ebit": "58406000", "ebitda": "90566000", "netIncome": "32126000"}, {"fiscalDateEnding": "2006-09-30", "reportedCurrency": "USD", "grossProfit": "136008000", "totalRevenue": "184744000", "costOfRevenue": "48736000", "costofGoodsAndServicesSold": "48736000", "operatingIncome": "304746000", "sellingGeneralAndAdministrative": "10715000", "researchAndDevelopment": "None", "operatingExpenses": "-172564000", "investmentIncomeNet": "None", "netInterestIncome": "None", "interestIncome": "None", "interestExpense": "212250000", "nonInterestIncome": "None", "otherNonOperatingIncome": "None", "depreciation": "None", "depreciationAndAmortization": "32088000", "incomeBeforeTax": "297768000", "incomeTaxExpense": "108748000", "interestAndDebtExpense": "None", "netIncomeFromContinuingOperations": "None", "comprehensiveIncomeNetOfTax": "None", "ebit": "308572000", "ebitda": "340660000", "netIncome": "189020000"}, {"fiscalDateEnding": "2006-06-30", "reportedCurrency": "USD", "grossProfit": "142645000", "totalRevenue": "190794000", "costOfRevenue": "48149000", "costofGoodsAndServicesSold": "48149000", "operatingIncome": "77881000", "sellingGeneralAndAdministrative": "13515000", "researchAndDevelopment": "None", "operatingExpenses": "60881000", "investmentIncomeNet": "None", "netInterestIncome": "None", "interestIncome": "None", "interestExpense": "15540000", "nonInterestIncome": "None", "otherNonOperatingIncome": "None", "depreciation": "None", "depreciationAndAmortization": "32792000", "incomeBeforeTax": "71858000", "incomeTaxExpense": "24994000", "interestAndDebtExpense": "None", "netIncomeFromContinuingOperations": "None", "comprehensiveIncomeNetOfTax": "None", "ebit": "81764000", "ebitda": "114556000", "netIncome": "46864000"}, {"fiscalDateEnding": "2006-03-31", "reportedCurrency": "USD", "grossProfit": "156279000", "totalRevenue": "214768000", "costOfRevenue": "58489000", "costofGoodsAndServicesSold": "58489000", "operatingIncome": "91627000", "sellingGeneralAndAdministrative": "13849000", "researchAndDevelopment": "None", "operatingExpenses": "61072000", "investmentIncomeNet": "None", "netInterestIncome": "None", "interestIncome": "None", "interestExpense": "17086000", "nonInterestIncome": "None", "otherNonOperatingIncome": "None", "depreciation": "None", "depreciationAndAmortization": "31935000", "incomeBeforeTax": "85477000", "incomeTaxExpense": "31909000", "interestAndDebtExpense": "None", "netIncomeFromContinuingOperations": "None", "comprehensiveIncomeNetOfTax": "None", "ebit": "95207000", "ebitda": "127142000", "netIncome": "53165000"}, {"fiscalDateEnding": "2005-12-31", "reportedCurrency": "USD", "grossProfit": "158425000", "totalRevenue": "225082000", "costOfRevenue": "66657000", "costofGoodsAndServicesSold": "66657000", "operatingIncome": "99942000", "sellingGeneralAndAdministrative": "37650000", "researchAndDevelopment": "None", "operatingExpenses": "56663000", "investmentIncomeNet": "None", "netInterestIncome": "None", "interestIncome": "None", "interestExpense": "12496000", "nonInterestIncome": "None", "otherNonOperatingIncome": "None", "depreciation": "None", "depreciationAndAmortization": "29112000", "incomeBeforeTax": "92906000", "incomeTaxExpense": "34401000", "interestAndDebtExpense": "None", "netIncomeFromContinuingOperations": "None", "comprehensiveIncomeNetOfTax": "None", "ebit": "101762000", "ebitda": "130874000", "netIncome": "58505000"}, {"fiscalDateEnding": "2005-09-30", "reportedCurrency": "USD", "grossProfit": "114296000", "totalRevenue": "161757000", "costOfRevenue": "47461000", "costofGoodsAndServicesSold": "47461000", "operatingIncome": "59023000", "sellingGeneralAndAdministrative": "9679000", "researchAndDevelopment": "None", "operatingExpenses": "51181000", "investmentIncomeNet": "None", "netInterestIncome": "None", "interestIncome": "None", "interestExpense": "17600000", "nonInterestIncome": "None", "otherNonOperatingIncome": "None", "depreciation": "None", "depreciationAndAmortization": "26578000", "incomeBeforeTax": "53684000", "incomeTaxExpense": "19928000", "interestAndDebtExpense": "None", "netIncomeFromContinuingOperations": "None", "comprehensiveIncomeNetOfTax": "None", "ebit": "63115000", "ebitda": "89693000", "netIncome": "33756000"}]}