{"symbol": "ALRS", "annualReports": [{"fiscalDateEnding": "2025-12-31", "reportedCurrency": "None", "grossProfit": "223819000", "totalRevenue": "331512000", "costOfRevenue": "107693000", "costofGoodsAndServicesSold": "107693000", "operatingIncome": "22592000", "sellingGeneralAndAdministrative": "136245000", "researchAndDevelopment": "None", "operatingExpenses": "201227000", "investmentIncomeNet": "None", "netInterestIncome": "None", "interestIncome": "None", "interestExpense": "107137000", "nonInterestIncome": "None", "otherNonOperatingIncome": "None", "depreciation": "None", "depreciationAndAmortization": "None", "incomeBeforeTax": "22592000", "incomeTaxExpense": "5153000", "interestAndDebtExpense": "None", "netIncomeFromContinuingOperations": "None", "comprehensiveIncomeNetOfTax": "None", "ebit": "None", "ebitda": "22592000", "netIncome": "17439000"}, {"fiscalDateEnding": "2024-12-31", "reportedCurrency": "USD", "grossProfit": "197731000", "totalRevenue": "330406000", "costOfRevenue": "132675000", "costofGoodsAndServicesSold": "132675000", "operatingIncome": "23159000", "sellingGeneralAndAdministrative": "87311000", "researchAndDevelopment": "None", "operatingExpenses": "174572000", "investmentIncomeNet": "None", "netInterestIncome": "107045000", "interestIncome": "221579000", "interestExpense": "114534000", "nonInterestIncome": "None", "otherNonOperatingIncome": "None", "depreciation": "None", "depreciationAndAmortization": "14880000", "incomeBeforeTax": "23159000", "incomeTaxExpense": "5379000", "interestAndDebtExpense": "None", "netIncomeFromContinuingOperations": "17780000", "comprehensiveIncomeNetOfTax": "None", "ebit": "23159000", "ebitda": "38039000", "netIncome": "17743000"}, {"fiscalDateEnding": "2023-12-31", "reportedCurrency": "USD", "grossProfit": "164059000", "totalRevenue": "243160000", "costOfRevenue": "79101000", "costofGoodsAndServicesSold": "79101000", "operatingIncome": "15854000", "sellingGeneralAndAdministrative": "76290000", "researchAndDevelopment": "None", "operatingExpenses": "148205000", "investmentIncomeNet": "None", "netInterestIncome": "93251000", "interestIncome": "156000000", "interestExpense": "77044000", "nonInterestIncome": "None", "otherNonOperatingIncome": "None", "depreciation": "None", "depreciationAndAmortization": "8510000", "incomeBeforeTax": "15854000", "incomeTaxExpense": "4158000", "interestAndDebtExpense": "None", "netIncomeFromContinuingOperations": "37360000", "comprehensiveIncomeNetOfTax": "None", "ebit": "15854000", "ebitda": "24364000", "netIncome": "11696000"}, {"fiscalDateEnding": "2022-12-31", "reportedCurrency": "USD", "grossProfit": "208769000", "totalRevenue": "224584000", "costOfRevenue": "15848000", "costofGoodsAndServicesSold": "15848000", "operatingIncome": "52182000", "sellingGeneralAndAdministrative": "80656000", "researchAndDevelopment": "None", "operatingExpenses": "156554000", "investmentIncomeNet": "None", "netInterestIncome": "99729000", "interestIncome": "115577000", "interestExpense": "15848000", "nonInterestIncome": "None", "otherNonOperatingIncome": "None", "depreciation": "None", "depreciationAndAmortization": "8238000", "incomeBeforeTax": "52182000", "incomeTaxExpense": "12177000", "interestAndDebtExpense": "None", "netIncomeFromContinuingOperations": "40005000", "comprehensiveIncomeNetOfTax": "None", "ebit": "52182000", "ebitda": "60420000", "netIncome": "40005000"}, {"fiscalDateEnding": "2021-12-31", "reportedCurrency": "USD", "grossProfit": "233736000", "totalRevenue": "235794000", "costOfRevenue": "2058000", "costofGoodsAndServicesSold": "2058000", "operatingIncome": "69077000", "sellingGeneralAndAdministrative": "93386000", "researchAndDevelopment": "None", "operatingExpenses": "164659000", "investmentIncomeNet": "None", "netInterestIncome": "87099000", "interestIncome": "92657000", "interestExpense": "5558000", "nonInterestIncome": "None", "otherNonOperatingIncome": "None", "depreciation": "None", "depreciationAndAmortization": "8810000", "incomeBeforeTax": "69077000", "incomeTaxExpense": "16396000", "interestAndDebtExpense": "None", "netIncomeFromContinuingOperations": "52681000", "comprehensiveIncomeNetOfTax": "None", "ebit": "69077000", "ebitda": "77887000", "netIncome": "52681000"}, {"fiscalDateEnding": "2020-12-31", "reportedCurrency": "USD", "grossProfit": "216610000", "totalRevenue": "239766000", "costOfRevenue": "23156000", "costofGoodsAndServicesSold": "23156000", "operatingIncome": "58518000", "sellingGeneralAndAdministrative": "89206000", "researchAndDevelopment": "None", "operatingExpenses": "158092000", "investmentIncomeNet": "None", "netInterestIncome": "83846000", "interestIncome": "96102000", "interestExpense": "12256000", "nonInterestIncome": "None", "otherNonOperatingIncome": "None", "depreciation": "None", "depreciationAndAmortization": "8925000", "incomeBeforeTax": "58518000", "incomeTaxExpense": "13843000", "interestAndDebtExpense": "None", "netIncomeFromContinuingOperations": "44675000", "comprehensiveIncomeNetOfTax": "None", "ebit": "58518000", "ebitda": "67443000", "netIncome": "44675000"}, {"fiscalDateEnding": "2019-12-31", "reportedCurrency": "USD", "grossProfit": "178580000", "totalRevenue": "204641000", "costOfRevenue": "26061000", "costofGoodsAndServicesSold": "26061000", "operatingIncome": "38896000", "sellingGeneralAndAdministrative": "74018000", "researchAndDevelopment": "None", "operatingExpenses": "139684000", "investmentIncomeNet": "None", "netInterestIncome": "74551000", "interestIncome": "93300000", "interestExpense": "18749000", "nonInterestIncome": "None", "otherNonOperatingIncome": "None", "depreciation": "None", "depreciationAndAmortization": "8768000", "incomeBeforeTax": "38896000", "incomeTaxExpense": "9356000", "interestAndDebtExpense": "None", "netIncomeFromContinuingOperations": "29540000", "comprehensiveIncomeNetOfTax": "None", "ebit": "38896000", "ebitda": "47664000", "netIncome": "29540000"}, {"fiscalDateEnding": "2018-12-31", "reportedCurrency": "USD", "grossProfit": "167210000", "totalRevenue": "188298000", "costOfRevenue": "21088000", "costofGoodsAndServicesSold": "21088000", "operatingIncome": "33038000", "sellingGeneralAndAdministrative": "69403000", "researchAndDevelopment": "0", "operatingExpenses": "134172000", "investmentIncomeNet": "None", "netInterestIncome": "75224000", "interestIncome": "87702000", "interestExpense": "12478000", "nonInterestIncome": "None", "otherNonOperatingIncome": "0", "depreciation": "None", "depreciationAndAmortization": "8729000", "incomeBeforeTax": "33038000", "incomeTaxExpense": "7172000", "interestAndDebtExpense": "None", "netIncomeFromContinuingOperations": "25866000", "comprehensiveIncomeNetOfTax": "None", "ebit": "33038000", "ebitda": "41767000", "netIncome": "25866000"}, {"fiscalDateEnding": "2017-12-31", "reportedCurrency": "USD", "grossProfit": "165200000", "totalRevenue": "176447000", "costOfRevenue": "11247000", "costofGoodsAndServicesSold": "11247000", "operatingIncome": "32515000", "sellingGeneralAndAdministrative": "67576000", "researchAndDevelopment": "0", "operatingExpenses": "132685000", "investmentIncomeNet": "None", "netInterestIncome": "67670000", "interestIncome": "75637000", "interestExpense": "7967000", "nonInterestIncome": "None", "otherNonOperatingIncome": "0", "depreciation": "None", "depreciationAndAmortization": "9856000", "incomeBeforeTax": "32515000", "incomeTaxExpense": "17485000", "interestAndDebtExpense": "None", "netIncomeFromContinuingOperations": "15444000", "comprehensiveIncomeNetOfTax": "None", "ebit": "32515000", "ebitda": "42371000", "netIncome": "15001000"}, {"fiscalDateEnding": "2016-12-31", "reportedCurrency": "USD", "grossProfit": "162530000", "totalRevenue": "172592000", "costOfRevenue": "10062000", "costofGoodsAndServicesSold": "10062000", "operatingIncome": "21177000", "sellingGeneralAndAdministrative": "86247000", "researchAndDevelopment": "0", "operatingExpenses": "141353000", "investmentIncomeNet": "None", "netInterestIncome": "62940000", "interestIncome": "69942000", "interestExpense": "7002000", "nonInterestIncome": "None", "otherNonOperatingIncome": "0", "depreciation": "None", "depreciationAndAmortization": "11385000", "incomeBeforeTax": "21177000", "incomeTaxExpense": "7141000", "interestAndDebtExpense": "None", "netIncomeFromContinuingOperations": "14031000", "comprehensiveIncomeNetOfTax": "None", "ebit": "21177000", "ebitda": "32562000", "netIncome": "14036000"}, {"fiscalDateEnding": "2015-12-31", "reportedCurrency": "USD", "grossProfit": "132531000", "totalRevenue": "140189000", "costOfRevenue": "7658000", "costofGoodsAndServicesSold": "7658000", "operatingIncome": "23791000", "sellingGeneralAndAdministrative": "77505000", "researchAndDevelopment": "0", "operatingExpenses": "108740000", "investmentIncomeNet": "None", "netInterestIncome": "None", "interestIncome": "None", "interestExpense": "3458000", "nonInterestIncome": "None", "otherNonOperatingIncome": "0", "depreciation": "None", "depreciationAndAmortization": "8727000", "incomeBeforeTax": "23791000", "incomeTaxExpense": "6683000", "interestAndDebtExpense": "None", "netIncomeFromContinuingOperations": "17108000", "comprehensiveIncomeNetOfTax": "None", "ebit": "23791000", "ebitda": "32518000", "netIncome": "17108000"}, {"fiscalDateEnding": "2014-12-31", "reportedCurrency": "USD", "grossProfit": "122903000", "totalRevenue": "125819000", "costOfRevenue": "2916000", "costofGoodsAndServicesSold": "2916000", "operatingIncome": "29769000", "sellingGeneralAndAdministrative": "65297000", "researchAndDevelopment": "None", "operatingExpenses": "93134000", "investmentIncomeNet": "None", "netInterestIncome": "None", "interestIncome": "None", "interestExpense": "3316000", "nonInterestIncome": "None", "otherNonOperatingIncome": "None", "depreciation": "None", "depreciationAndAmortization": "8160000", "incomeBeforeTax": "29769000", "incomeTaxExpense": "8999000", "interestAndDebtExpense": "None", "netIncomeFromContinuingOperations": "20770000", "comprehensiveIncomeNetOfTax": "None", "ebit": "29769000", "ebitda": "37929000", "netIncome": "20770000"}, {"fiscalDateEnding": "2013-12-31", "reportedCurrency": "USD", "grossProfit": "119320000", "totalRevenue": "124232000", "costOfRevenue": "4912000", "costofGoodsAndServicesSold": "4912000", "operatingIncome": "31954000", "sellingGeneralAndAdministrative": "63817000", "researchAndDevelopment": "None", "operatingExpenses": "87366000", "investmentIncomeNet": "None", "netInterestIncome": "None", "interestIncome": "None", "interestExpense": "3712000", "nonInterestIncome": "None", "otherNonOperatingIncome": "None", "depreciation": "None", "depreciationAndAmortization": "7465000", "incomeBeforeTax": "31954000", "incomeTaxExpense": "11684000", "interestAndDebtExpense": "None", "netIncomeFromContinuingOperations": "None", "comprehensiveIncomeNetOfTax": "None", "ebit": "31954000", "ebitda": "39419000", "netIncome": "20270000"}, {"fiscalDateEnding": "2012-12-31", "reportedCurrency": "USD", "grossProfit": "127381000", "totalRevenue": "127381000", "costOfRevenue": "5419000", "costofGoodsAndServicesSold": "5419000", "operatingIncome": "30300000", "sellingGeneralAndAdministrative": "59374000", "researchAndDevelopment": "None", "operatingExpenses": "-97081000", "investmentIncomeNet": "None", "netInterestIncome": "None", "interestIncome": "None", "interestExpense": "4586000", "nonInterestIncome": "None", "otherNonOperatingIncome": "None", "depreciation": "None", "depreciationAndAmortization": "-25714000", "incomeBeforeTax": "25714000", "incomeTaxExpense": "9458000", "interestAndDebtExpense": "None", "netIncomeFromContinuingOperations": "None", "comprehensiveIncomeNetOfTax": "None", "ebit": "30300000", "ebitda": "30300000", "netIncome": "16256000"}, {"fiscalDateEnding": "2011-12-31", "reportedCurrency": "USD", "grossProfit": "97344000", "totalRevenue": "97344000", "costOfRevenue": "11239000", "costofGoodsAndServicesSold": "11239000", "operatingIncome": "23007000", "sellingGeneralAndAdministrative": "45164000", "researchAndDevelopment": "None", "operatingExpenses": "-74337000", "investmentIncomeNet": "None", "netInterestIncome": "None", "interestIncome": "None", "interestExpense": "6821000", "nonInterestIncome": "None", "otherNonOperatingIncome": "None", "depreciation": "None", "depreciationAndAmortization": "None", "incomeBeforeTax": "16186000", "incomeTaxExpense": "5477000", "interestAndDebtExpense": "None", "netIncomeFromContinuingOperations": "None", "comprehensiveIncomeNetOfTax": "None", "ebit": "23007000", "ebitda": "23007000", "netIncome": "10709000"}, {"fiscalDateEnding": "2010-12-31", "reportedCurrency": "USD", "grossProfit": "88299000", "totalRevenue": "88299000", "costOfRevenue": "17605000", "costofGoodsAndServicesSold": "17605000", "operatingIncome": "19616000", "sellingGeneralAndAdministrative": "44161000", "researchAndDevelopment": "None", "operatingExpenses": "-68683000", "investmentIncomeNet": "None", "netInterestIncome": "None", "interestIncome": "None", "interestExpense": "10785000", "nonInterestIncome": "None", "otherNonOperatingIncome": "None", "depreciation": "None", "depreciationAndAmortization": "None", "incomeBeforeTax": "8830000", "incomeTaxExpense": "2958000", "interestAndDebtExpense": "None", "netIncomeFromContinuingOperations": "None", "comprehensiveIncomeNetOfTax": "None", "ebit": "19616000", "ebitda": "19616000", "netIncome": "5873000"}, {"fiscalDateEnding": "2009-12-31", "reportedCurrency": "USD", "grossProfit": "57063000", "totalRevenue": "75444000", "costOfRevenue": "75444000", "costofGoodsAndServicesSold": "75444000", "operatingIncome": "4120000", "sellingGeneralAndAdministrative": "36954000", "researchAndDevelopment": "None", "operatingExpenses": "15989000", "investmentIncomeNet": "None", "netInterestIncome": "None", "interestIncome": "None", "interestExpense": "1218000", "nonInterestIncome": "None", "otherNonOperatingIncome": "None", "depreciation": "None", "depreciationAndAmortization": "None", "incomeBeforeTax": "11136000", "incomeTaxExpense": "3767000", "interestAndDebtExpense": "None", "netIncomeFromContinuingOperations": "None", "comprehensiveIncomeNetOfTax": "None", "ebit": "None", "ebitda": "11136000", "netIncome": "7369000"}, {"fiscalDateEnding": "2008-12-31", "reportedCurrency": "USD", "grossProfit": "61979000", "totalRevenue": "79029000", "costOfRevenue": "79029000", "costofGoodsAndServicesSold": "79029000", "operatingIncome": "13952000", "sellingGeneralAndAdministrative": "34851000", "researchAndDevelopment": "None", "operatingExpenses": "13176000", "investmentIncomeNet": "None", "netInterestIncome": "None", "interestIncome": "None", "interestExpense": "1337000", "nonInterestIncome": "None", "otherNonOperatingIncome": "None", "depreciation": "None", "depreciationAndAmortization": "None", "incomeBeforeTax": "13952000", "incomeTaxExpense": "4802000", "interestAndDebtExpense": "None", "netIncomeFromContinuingOperations": "None", "comprehensiveIncomeNetOfTax": "None", "ebit": "None", "ebitda": "13952000", "netIncome": "9150000"}, {"fiscalDateEnding": "2007-12-31", "reportedCurrency": "USD", "grossProfit": "56682000", "totalRevenue": "78404000", "costOfRevenue": "21722000", "costofGoodsAndServicesSold": "21722000", "operatingIncome": "27038000", "sellingGeneralAndAdministrative": "29644000", "researchAndDevelopment": "None", "operatingExpenses": "None", "investmentIncomeNet": "None", "netInterestIncome": "None", "interestIncome": "None", "interestExpense": "0", "nonInterestIncome": "None", "otherNonOperatingIncome": "None", "depreciation": "None", "depreciationAndAmortization": "None", "incomeBeforeTax": "16139000", "incomeTaxExpense": "5779000", "interestAndDebtExpense": "None", "netIncomeFromContinuingOperations": "None", "comprehensiveIncomeNetOfTax": "None", "ebit": "None", "ebitda": "None", "netIncome": "10360000"}, {"fiscalDateEnding": "2006-12-31", "reportedCurrency": "USD", "grossProfit": "44994000", "totalRevenue": "69911000", "costOfRevenue": "24917000", "costofGoodsAndServicesSold": "24917000", "operatingIncome": "19108000", "sellingGeneralAndAdministrative": "25886000", "researchAndDevelopment": "None", "operatingExpenses": "None", "investmentIncomeNet": "None", "netInterestIncome": "None", "interestIncome": "None", "interestExpense": "0", "nonInterestIncome": "None", "otherNonOperatingIncome": "None", "depreciation": "None", "depreciationAndAmortization": "None", "incomeBeforeTax": "10814000", "incomeTaxExpense": "3682000", "interestAndDebtExpense": "None", "netIncomeFromContinuingOperations": "None", "comprehensiveIncomeNetOfTax": "None", "ebit": "None", "ebitda": "None", "netIncome": "7132000"}], "quarterlyReports": [{"fiscalDateEnding": "2025-12-31", "reportedCurrency": "None", "grossProfit": "8533000", "totalRevenue": "33438000", "costOfRevenue": "24905000", "costofGoodsAndServicesSold": "24905000", "operatingIncome": "-43348000", "sellingGeneralAndAdministrative": "35152000", "researchAndDevelopment": "None", "operatingExpenses": "51881000", "investmentIncomeNet": "None", "netInterestIncome": "None", "interestIncome": "None", "interestExpense": "25213000", "nonInterestIncome": "None", "otherNonOperatingIncome": "None", "depreciation": "None", "depreciationAndAmortization": "None", "incomeBeforeTax": "-43348000", "incomeTaxExpense": "-10298000", "interestAndDebtExpense": "None", "netIncomeFromContinuingOperations": "None", "comprehensiveIncomeNetOfTax": "None", "ebit": "None", "ebitda": "-43348000", "netIncome": "-33050000"}, {"fiscalDateEnding": "2025-09-30", "reportedCurrency": "USD", "grossProfit": "71541000", "totalRevenue": "99049000", "costOfRevenue": "27508000", "costofGoodsAndServicesSold": "27508000", "operatingIncome": "22025000", "sellingGeneralAndAdministrative": "24984000", "researchAndDevelopment": "None", "operatingExpenses": "49516000", "investmentIncomeNet": "None", "netInterestIncome": "43136000", "interestIncome": "70644000", "interestExpense": "27508000", "nonInterestIncome": "None", "otherNonOperatingIncome": "None", "depreciation": "None", "depreciationAndAmortization": "5168000", "incomeBeforeTax": "22025000", "incomeTaxExpense": "5101000", "interestAndDebtExpense": "None", "netIncomeFromContinuingOperations": "16924000", "comprehensiveIncomeNetOfTax": "None", "ebit": "22025000", "ebitda": "27193000", "netIncome": "16924000"}, {"fiscalDateEnding": "2025-06-30", "reportedCurrency": "USD", "grossProfit": "73855000", "totalRevenue": "101247000", "costOfRevenue": "27392000", "costofGoodsAndServicesSold": "27392000", "operatingIncome": "26357000", "sellingGeneralAndAdministrative": "26682000", "researchAndDevelopment": "None", "operatingExpenses": "47498000", "investmentIncomeNet": "None", "netInterestIncome": "43032000", "interestIncome": "70424000", "interestExpense": "27392000", "nonInterestIncome": "None", "otherNonOperatingIncome": "None", "depreciation": "None", "depreciationAndAmortization": "3773000", "incomeBeforeTax": "26357000", "incomeTaxExpense": "6104000", "interestAndDebtExpense": "None", "netIncomeFromContinuingOperations": "20253000", "comprehensiveIncomeNetOfTax": "None", "ebit": "26357000", "ebitda": "30130000", "netIncome": "20252000"}, {"fiscalDateEnding": "2025-03-31", "reportedCurrency": "USD", "grossProfit": "67390000", "totalRevenue": "95277000", "costOfRevenue": "27887000", "costofGoodsAndServicesSold": "27887000", "operatingIncome": "17561000", "sellingGeneralAndAdministrative": "22961000", "researchAndDevelopment": "None", "operatingExpenses": "49829000", "investmentIncomeNet": "None", "netInterestIncome": "41157000", "interestIncome": "68181000", "interestExpense": "27024000", "nonInterestIncome": "None", "otherNonOperatingIncome": "None", "depreciation": "None", "depreciationAndAmortization": "3818000", "incomeBeforeTax": "17561000", "incomeTaxExpense": "4246000", "interestAndDebtExpense": "None", "netIncomeFromContinuingOperations": "13315000", "comprehensiveIncomeNetOfTax": "None", "ebit": "17561000", "ebitda": "21379000", "netIncome": "13315000"}, {"fiscalDateEnding": "2024-12-31", "reportedCurrency": "USD", "grossProfit": "55655000", "totalRevenue": "96670000", "costOfRevenue": "41015000", "costofGoodsAndServicesSold": "41015000", "operatingIncome": "-292000", "sellingGeneralAndAdministrative": "26656000", "researchAndDevelopment": "None", "operatingExpenses": "55946000", "investmentIncomeNet": "None", "netInterestIncome": "38284000", "interestIncome": "67308000", "interestExpense": "29024000", "nonInterestIncome": "None", "otherNonOperatingIncome": "None", "depreciation": "None", "depreciationAndAmortization": "8364000", "incomeBeforeTax": "-291000", "incomeTaxExpense": "-225000", "interestAndDebtExpense": "None", "netIncomeFromContinuingOperations": "-66000", "comprehensiveIncomeNetOfTax": "None", "ebit": "-291000", "ebitda": "8073000", "netIncome": "-66000"}, {"fiscalDateEnding": "2024-09-30", "reportedCurrency": "USD", "grossProfit": "48560000", "totalRevenue": "79891000", "costOfRevenue": "31331000", "costofGoodsAndServicesSold": "31331000", "operatingIncome": "6797000", "sellingGeneralAndAdministrative": "21058000", "researchAndDevelopment": "None", "operatingExpenses": "41763000", "investmentIncomeNet": "None", "netInterestIncome": "22542000", "interestIncome": "52212000", "interestExpense": "29670000", "nonInterestIncome": "None", "otherNonOperatingIncome": "None", "depreciation": "None", "depreciationAndAmortization": "2234000", "incomeBeforeTax": "6797000", "incomeTaxExpense": "1590000", "interestAndDebtExpense": "None", "netIncomeFromContinuingOperations": "5207000", "comprehensiveIncomeNetOfTax": "None", "ebit": "6797000", "ebitda": "9031000", "netIncome": "5183000"}, {"fiscalDateEnding": "2024-06-30", "reportedCurrency": "USD", "grossProfit": "46416000", "totalRevenue": "79926000", "costOfRevenue": "33510000", "costofGoodsAndServicesSold": "33510000", "operatingIncome": "8131000", "sellingGeneralAndAdministrative": "20265000", "researchAndDevelopment": "None", "operatingExpenses": "38285000", "investmentIncomeNet": "None", "netInterestIncome": "24001000", "interestIncome": "53022000", "interestExpense": "29021000", "nonInterestIncome": "None", "otherNonOperatingIncome": "None", "depreciation": "None", "depreciationAndAmortization": "2190000", "incomeBeforeTax": "8131000", "incomeTaxExpense": "1923000", "interestAndDebtExpense": "None", "netIncomeFromContinuingOperations": "6208000", "comprehensiveIncomeNetOfTax": "None", "ebit": "8131000", "ebitda": "10321000", "netIncome": "6208000"}, {"fiscalDateEnding": "2024-03-31", "reportedCurrency": "USD", "grossProfit": "47101000", "totalRevenue": "73920000", "costOfRevenue": "26819000", "costofGoodsAndServicesSold": "26819000", "operatingIncome": "8523000", "sellingGeneralAndAdministrative": "19332000", "researchAndDevelopment": "None", "operatingExpenses": "38578000", "investmentIncomeNet": "None", "netInterestIncome": "22219000", "interestIncome": "49038000", "interestExpense": "26819000", "nonInterestIncome": "None", "otherNonOperatingIncome": "None", "depreciation": "None", "depreciationAndAmortization": "2092000", "incomeBeforeTax": "8523000", "incomeTaxExpense": "2091000", "interestAndDebtExpense": "None", "netIncomeFromContinuingOperations": "6432000", "comprehensiveIncomeNetOfTax": "None", "ebit": "8523000", "ebitda": "10615000", "netIncome": "6432000"}, {"fiscalDateEnding": "2023-12-31", "reportedCurrency": "USD", "grossProfit": "20334000", "totalRevenue": "44984000", "costOfRevenue": "24650000", "costofGoodsAndServicesSold": "24650000", "operatingIncome": "-17819000", "sellingGeneralAndAdministrative": "19214000", "researchAndDevelopment": "None", "operatingExpenses": "38153000", "investmentIncomeNet": "None", "netInterestIncome": "21552000", "interestIncome": "44695000", "interestExpense": "23143000", "nonInterestIncome": "None", "otherNonOperatingIncome": "None", "depreciation": "None", "depreciationAndAmortization": "376000", "incomeBeforeTax": "-17819000", "incomeTaxExpense": "-3064000", "interestAndDebtExpense": "None", "netIncomeFromContinuingOperations": "-14755000", "comprehensiveIncomeNetOfTax": "None", "ebit": "-17819000", "ebitda": "-17443000", "netIncome": "-14755000"}, {"fiscalDateEnding": "2023-09-30", "reportedCurrency": "USD", "grossProfit": "48113000", "totalRevenue": "69756000", "costOfRevenue": "21643000", "costofGoodsAndServicesSold": "21643000", "operatingIncome": "11542000", "sellingGeneralAndAdministrative": "19071000", "researchAndDevelopment": "None", "operatingExpenses": "36571000", "investmentIncomeNet": "None", "netInterestIncome": "20395000", "interestIncome": "42038000", "interestExpense": "21643000", "nonInterestIncome": "None", "otherNonOperatingIncome": "None", "depreciation": "None", "depreciationAndAmortization": "196000", "incomeBeforeTax": "11542000", "incomeTaxExpense": "2381000", "interestAndDebtExpense": "None", "netIncomeFromContinuingOperations": "9161000", "comprehensiveIncomeNetOfTax": "None", "ebit": "11542000", "ebitda": "11738000", "netIncome": "9161000"}, {"fiscalDateEnding": "2023-06-30", "reportedCurrency": "USD", "grossProfit": "47797000", "totalRevenue": "65903000", "costOfRevenue": "18106000", "costofGoodsAndServicesSold": "18106000", "operatingIncome": "11639000", "sellingGeneralAndAdministrative": "18847000", "researchAndDevelopment": "None", "operatingExpenses": "36158000", "investmentIncomeNet": "None", "netInterestIncome": "22234000", "interestIncome": "40340000", "interestExpense": "18106000", "nonInterestIncome": "None", "otherNonOperatingIncome": "None", "depreciation": "None", "depreciationAndAmortization": "3723000", "incomeBeforeTax": "11639000", "incomeTaxExpense": "2535000", "interestAndDebtExpense": "None", "netIncomeFromContinuingOperations": "9104000", "comprehensiveIncomeNetOfTax": "None", "ebit": "11639000", "ebitda": "15362000", "netIncome": "9104000"}, {"fiscalDateEnding": "2023-03-31", "reportedCurrency": "USD", "grossProfit": "47864000", "totalRevenue": "62565000", "costOfRevenue": "14701000", "costofGoodsAndServicesSold": "14701000", "operatingIncome": "10492000", "sellingGeneralAndAdministrative": "19158000", "researchAndDevelopment": "None", "operatingExpenses": "37372000", "investmentIncomeNet": "None", "netInterestIncome": "23658000", "interestIncome": "37809000", "interestExpense": "14151000", "nonInterestIncome": "None", "otherNonOperatingIncome": "None", "depreciation": "None", "depreciationAndAmortization": "2087000", "incomeBeforeTax": "10492000", "incomeTaxExpense": "2306000", "interestAndDebtExpense": "None", "netIncomeFromContinuingOperations": "8186000", "comprehensiveIncomeNetOfTax": "None", "ebit": "10492000", "ebitda": "12579000", "netIncome": "8186000"}, {"fiscalDateEnding": "2022-12-31", "reportedCurrency": "USD", "grossProfit": "51875000", "totalRevenue": "60723000", "costOfRevenue": "8848000", "costofGoodsAndServicesSold": "8848000", "operatingIncome": "14533000", "sellingGeneralAndAdministrative": "19189000", "researchAndDevelopment": "None", "operatingExpenses": "37342000", "investmentIncomeNet": "None", "netInterestIncome": "26964000", "interestIncome": "35812000", "interestExpense": "8848000", "nonInterestIncome": "None", "otherNonOperatingIncome": "None", "depreciation": "None", "depreciationAndAmortization": "2187000", "incomeBeforeTax": "14533000", "incomeTaxExpense": "3624000", "interestAndDebtExpense": "None", "netIncomeFromContinuingOperations": "10909000", "comprehensiveIncomeNetOfTax": "None", "ebit": "14533000", "ebitda": "16720000", "netIncome": "10909000"}, {"fiscalDateEnding": "2022-09-30", "reportedCurrency": "USD", "grossProfit": "54917000", "totalRevenue": "58876000", "costOfRevenue": "3959000", "costofGoodsAndServicesSold": "3959000", "operatingIncome": "12559000", "sellingGeneralAndAdministrative": "21168000", "researchAndDevelopment": "None", "operatingExpenses": "42358000", "investmentIncomeNet": "None", "netInterestIncome": "28316000", "interestIncome": "32275000", "interestExpense": "3959000", "nonInterestIncome": "None", "otherNonOperatingIncome": "None", "depreciation": "None", "depreciationAndAmortization": "2103000", "incomeBeforeTax": "12559000", "incomeTaxExpense": "2940000", "interestAndDebtExpense": "None", "netIncomeFromContinuingOperations": "9619000", "comprehensiveIncomeNetOfTax": "None", "ebit": "12560000", "ebitda": "14663000", "netIncome": "9619000"}, {"fiscalDateEnding": "2022-06-30", "reportedCurrency": "USD", "grossProfit": "51520000", "totalRevenue": "53170000", "costOfRevenue": "1650000", "costofGoodsAndServicesSold": "1650000", "operatingIncome": "12018000", "sellingGeneralAndAdministrative": "21248000", "researchAndDevelopment": "None", "operatingExpenses": "39502000", "investmentIncomeNet": "None", "netInterestIncome": "22776000", "interestIncome": "24426000", "interestExpense": "1650000", "nonInterestIncome": "None", "otherNonOperatingIncome": "None", "depreciation": "None", "depreciationAndAmortization": "1884000", "incomeBeforeTax": "12018000", "incomeTaxExpense": "2725000", "interestAndDebtExpense": "None", "netIncomeFromContinuingOperations": "9293000", "comprehensiveIncomeNetOfTax": "None", "ebit": "12017000", "ebitda": "13901000", "netIncome": "9293000"}, {"fiscalDateEnding": "2022-03-31", "reportedCurrency": "USD", "grossProfit": "50457000", "totalRevenue": "51848000", "costOfRevenue": "1391000", "costofGoodsAndServicesSold": "1391000", "operatingIncome": "13072000", "sellingGeneralAndAdministrative": "19051000", "researchAndDevelopment": "None", "operatingExpenses": "37385000", "investmentIncomeNet": "None", "netInterestIncome": "21673000", "interestIncome": "23064000", "interestExpense": "1391000", "nonInterestIncome": "None", "otherNonOperatingIncome": "None", "depreciation": "None", "depreciationAndAmortization": "2064000", "incomeBeforeTax": "13072000", "incomeTaxExpense": "2888000", "interestAndDebtExpense": "None", "netIncomeFromContinuingOperations": "10184000", "comprehensiveIncomeNetOfTax": "None", "ebit": "13072000", "ebitda": "15136000", "netIncome": "10184000"}, {"fiscalDateEnding": "2021-12-31", "reportedCurrency": "USD", "grossProfit": "57519000", "totalRevenue": "57435000", "costOfRevenue": "-84000", "costofGoodsAndServicesSold": "-84000", "operatingIncome": "16731000", "sellingGeneralAndAdministrative": "22088000", "researchAndDevelopment": "None", "operatingExpenses": "40788000", "investmentIncomeNet": "None", "netInterestIncome": "22789000", "interestIncome": "24205000", "interestExpense": "1416000", "nonInterestIncome": "None", "otherNonOperatingIncome": "None", "depreciation": "None", "depreciationAndAmortization": "2124000", "incomeBeforeTax": "16731000", "incomeTaxExpense": "4026000", "interestAndDebtExpense": "None", "netIncomeFromContinuingOperations": "12705000", "comprehensiveIncomeNetOfTax": "None", "ebit": "16731000", "ebitda": "18855000", "netIncome": "12705000"}, {"fiscalDateEnding": "2021-09-30", "reportedCurrency": "USD", "grossProfit": "57941000", "totalRevenue": "57356000", "costOfRevenue": "-585000", "costofGoodsAndServicesSold": "-585000", "operatingIncome": "17131000", "sellingGeneralAndAdministrative": "23291000", "researchAndDevelopment": "None", "operatingExpenses": "40810000", "investmentIncomeNet": "None", "netInterestIncome": "21132000", "interestIncome": "22547000", "interestExpense": "1415000", "nonInterestIncome": "None", "otherNonOperatingIncome": "None", "depreciation": "None", "depreciationAndAmortization": "2153000", "incomeBeforeTax": "17131000", "incomeTaxExpense": "4064000", "interestAndDebtExpense": "None", "netIncomeFromContinuingOperations": "13067000", "comprehensiveIncomeNetOfTax": "None", "ebit": "17131000", "ebitda": "19284000", "netIncome": "13067000"}, {"fiscalDateEnding": "2021-06-30", "reportedCurrency": "USD", "grossProfit": "56689000", "totalRevenue": "58133000", "costOfRevenue": "1444000", "costofGoodsAndServicesSold": "1444000", "operatingIncome": "15338000", "sellingGeneralAndAdministrative": "24309000", "researchAndDevelopment": "None", "operatingExpenses": "41351000", "investmentIncomeNet": "None", "netInterestIncome": "21140000", "interestIncome": "22584000", "interestExpense": "1444000", "nonInterestIncome": "None", "otherNonOperatingIncome": "None", "depreciation": "None", "depreciationAndAmortization": "2196000", "incomeBeforeTax": "15338000", "incomeTaxExpense": "3644000", "interestAndDebtExpense": "None", "netIncomeFromContinuingOperations": "11694000", "comprehensiveIncomeNetOfTax": "None", "ebit": "15338000", "ebitda": "17534000", "netIncome": "11694000"}, {"fiscalDateEnding": "2021-03-31", "reportedCurrency": "USD", "grossProfit": "61587000", "totalRevenue": "62870000", "costOfRevenue": "1283000", "costofGoodsAndServicesSold": "1283000", "operatingIncome": "19877000", "sellingGeneralAndAdministrative": "23698000", "researchAndDevelopment": "None", "operatingExpenses": "41710000", "investmentIncomeNet": "None", "netInterestIncome": "22038000", "interestIncome": "23321000", "interestExpense": "1283000", "nonInterestIncome": "None", "otherNonOperatingIncome": "None", "depreciation": "None", "depreciationAndAmortization": "2337000", "incomeBeforeTax": "19877000", "incomeTaxExpense": "4662000", "interestAndDebtExpense": "None", "netIncomeFromContinuingOperations": "15215000", "comprehensiveIncomeNetOfTax": "None", "ebit": "19877000", "ebitda": "22214000", "netIncome": "15215000"}, {"fiscalDateEnding": "2020-12-31", "reportedCurrency": "USD", "grossProfit": "58876000", "totalRevenue": "62324000", "costOfRevenue": "3448000", "costofGoodsAndServicesSold": "3448000", "operatingIncome": "13324000", "sellingGeneralAndAdministrative": "26522000", "researchAndDevelopment": "None", "operatingExpenses": "45552000", "investmentIncomeNet": "None", "netInterestIncome": "23153000", "interestIncome": "25201000", "interestExpense": "2048000", "nonInterestIncome": "None", "otherNonOperatingIncome": "None", "depreciation": "None", "depreciationAndAmortization": "2286000", "incomeBeforeTax": "13324000", "incomeTaxExpense": "3144000", "interestAndDebtExpense": "None", "netIncomeFromContinuingOperations": "10179000", "comprehensiveIncomeNetOfTax": "None", "ebit": "13324000", "ebitda": "15610000", "netIncome": "10180000"}, {"fiscalDateEnding": "2020-09-30", "reportedCurrency": "USD", "grossProfit": "62087000", "totalRevenue": "68111000", "costOfRevenue": "6024000", "costofGoodsAndServicesSold": "6024000", "operatingIncome": "23307000", "sellingGeneralAndAdministrative": "22740000", "researchAndDevelopment": "None", "operatingExpenses": "38780000", "investmentIncomeNet": "None", "netInterestIncome": "21765000", "interestIncome": "24289000", "interestExpense": "2524000", "nonInterestIncome": "None", "otherNonOperatingIncome": "None", "depreciation": "None", "depreciationAndAmortization": "2269000", "incomeBeforeTax": "23307000", "incomeTaxExpense": "5648000", "interestAndDebtExpense": "None", "netIncomeFromContinuingOperations": "17659000", "comprehensiveIncomeNetOfTax": "None", "ebit": "23307000", "ebitda": "25576000", "netIncome": "17659000"}, {"fiscalDateEnding": "2020-06-30", "reportedCurrency": "USD", "grossProfit": "53480000", "totalRevenue": "60395000", "costOfRevenue": "6915000", "costofGoodsAndServicesSold": "6915000", "operatingIncome": "15087000", "sellingGeneralAndAdministrative": "21213000", "researchAndDevelopment": "None", "operatingExpenses": "38393000", "investmentIncomeNet": "None", "netInterestIncome": "20091000", "interestIncome": "23506000", "interestExpense": "3415000", "nonInterestIncome": "None", "otherNonOperatingIncome": "None", "depreciation": "None", "depreciationAndAmortization": "2209000", "incomeBeforeTax": "15087000", "incomeTaxExpense": "3613000", "interestAndDebtExpense": "None", "netIncomeFromContinuingOperations": "11474000", "comprehensiveIncomeNetOfTax": "None", "ebit": "15087000", "ebitda": "17296000", "netIncome": "11474000"}, {"fiscalDateEnding": "2020-03-31", "reportedCurrency": "USD", "grossProfit": "42385000", "totalRevenue": "49154000", "costOfRevenue": "6769000", "costofGoodsAndServicesSold": "6769000", "operatingIncome": "6800000", "sellingGeneralAndAdministrative": "18731000", "researchAndDevelopment": "None", "operatingExpenses": "35585000", "investmentIncomeNet": "None", "netInterestIncome": "18837000", "interestIncome": "23106000", "interestExpense": "4269000", "nonInterestIncome": "None", "otherNonOperatingIncome": "None", "depreciation": "None", "depreciationAndAmortization": "2161000", "incomeBeforeTax": "6800000", "incomeTaxExpense": "1437000", "interestAndDebtExpense": "None", "netIncomeFromContinuingOperations": "5363000", "comprehensiveIncomeNetOfTax": "None", "ebit": "6800000", "ebitda": "8961000", "netIncome": "5363000"}, {"fiscalDateEnding": "2019-12-31", "reportedCurrency": "USD", "grossProfit": "45331000", "totalRevenue": "51556000", "costOfRevenue": "6225000", "costofGoodsAndServicesSold": "6225000", "operatingIncome": "9783000", "sellingGeneralAndAdministrative": "3833000", "researchAndDevelopment": "None", "operatingExpenses": "35548000", "investmentIncomeNet": "None", "netInterestIncome": "18459000", "interestIncome": "22887000", "interestExpense": "4428000", "nonInterestIncome": "None", "otherNonOperatingIncome": "None", "depreciation": "None", "depreciationAndAmortization": "2265000", "incomeBeforeTax": "9783000", "incomeTaxExpense": "2131000", "interestAndDebtExpense": "None", "netIncomeFromContinuingOperations": "7652000", "comprehensiveIncomeNetOfTax": "None", "ebit": "9783000", "ebitda": "12048000", "netIncome": "7652000"}, {"fiscalDateEnding": "2019-09-30", "reportedCurrency": "USD", "grossProfit": "46012000", "totalRevenue": "52454000", "costOfRevenue": "6442000", "costofGoodsAndServicesSold": "6442000", "operatingIncome": "9436000", "sellingGeneralAndAdministrative": "20041000", "researchAndDevelopment": "None", "operatingExpenses": "36576000", "investmentIncomeNet": "None", "netInterestIncome": "18681000", "interestIncome": "23625000", "interestExpense": "4944000", "nonInterestIncome": "None", "otherNonOperatingIncome": "None", "depreciation": "None", "depreciationAndAmortization": "2289000", "incomeBeforeTax": "9436000", "incomeTaxExpense": "2332000", "interestAndDebtExpense": "None", "netIncomeFromContinuingOperations": "7104000", "comprehensiveIncomeNetOfTax": "None", "ebit": "9436000", "ebitda": "11725000", "netIncome": "7104000"}, {"fiscalDateEnding": "2019-06-30", "reportedCurrency": "USD", "grossProfit": "45709000", "totalRevenue": "52693000", "costOfRevenue": "6984000", "costofGoodsAndServicesSold": "6984000", "operatingIncome": "11217000", "sellingGeneralAndAdministrative": "18143000", "researchAndDevelopment": "0", "operatingExpenses": "34492000", "investmentIncomeNet": "None", "netInterestIncome": "18291000", "interestIncome": "23478000", "interestExpense": "5187000", "nonInterestIncome": "None", "otherNonOperatingIncome": "0", "depreciation": "None", "depreciationAndAmortization": "2154000", "incomeBeforeTax": "11217000", "incomeTaxExpense": "2869000", "interestAndDebtExpense": "None", "netIncomeFromContinuingOperations": "8348000", "comprehensiveIncomeNetOfTax": "None", "ebit": "11217000", "ebitda": "13371000", "netIncome": "8348000"}, {"fiscalDateEnding": "2019-03-31", "reportedCurrency": "USD", "grossProfit": "41528000", "totalRevenue": "47938000", "costOfRevenue": "6410000", "costofGoodsAndServicesSold": "6410000", "operatingIncome": "8460000", "sellingGeneralAndAdministrative": "16813000", "researchAndDevelopment": "0", "operatingExpenses": "33068000", "investmentIncomeNet": "None", "netInterestIncome": "19120000", "interestIncome": "23310000", "interestExpense": "4190000", "nonInterestIncome": "None", "otherNonOperatingIncome": "0", "depreciation": "None", "depreciationAndAmortization": "2060000", "incomeBeforeTax": "8460000", "incomeTaxExpense": "2024000", "interestAndDebtExpense": "None", "netIncomeFromContinuingOperations": "6436000", "comprehensiveIncomeNetOfTax": "None", "ebit": "8460000", "ebitda": "10520000", "netIncome": "6436000"}, {"fiscalDateEnding": "2018-12-31", "reportedCurrency": "USD", "grossProfit": "43308000", "totalRevenue": "48817000", "costOfRevenue": "5509000", "costofGoodsAndServicesSold": "5509000", "operatingIncome": "7953000", "sellingGeneralAndAdministrative": "24077000", "researchAndDevelopment": "0", "operatingExpenses": "35355000", "investmentIncomeNet": "None", "netInterestIncome": "None", "interestIncome": "None", "interestExpense": "3979000", "nonInterestIncome": "None", "otherNonOperatingIncome": "0", "depreciation": "None", "depreciationAndAmortization": "2138000", "incomeBeforeTax": "7953000", "incomeTaxExpense": "1920000", "interestAndDebtExpense": "None", "netIncomeFromContinuingOperations": "6033000", "comprehensiveIncomeNetOfTax": "None", "ebit": "7953000", "ebitda": "10091000", "netIncome": "6033000"}, {"fiscalDateEnding": "2018-09-30", "reportedCurrency": "USD", "grossProfit": "43220000", "totalRevenue": "48018000", "costOfRevenue": "4798000", "costofGoodsAndServicesSold": "4798000", "operatingIncome": "9321000", "sellingGeneralAndAdministrative": "22187000", "researchAndDevelopment": "0", "operatingExpenses": "33899000", "investmentIncomeNet": "None", "netInterestIncome": "None", "interestIncome": "None", "interestExpense": "3269000", "nonInterestIncome": "None", "otherNonOperatingIncome": "0", "depreciation": "None", "depreciationAndAmortization": "1196000", "incomeBeforeTax": "9321000", "incomeTaxExpense": "1951000", "interestAndDebtExpense": "None", "netIncomeFromContinuingOperations": "7370000", "comprehensiveIncomeNetOfTax": "None", "ebit": "9321000", "ebitda": "10517000", "netIncome": "7370000"}, {"fiscalDateEnding": "2018-06-30", "reportedCurrency": "USD", "grossProfit": "40974000", "totalRevenue": "47910000", "costOfRevenue": "6936000", "costofGoodsAndServicesSold": "6936000", "operatingIncome": "7166000", "sellingGeneralAndAdministrative": "21763000", "researchAndDevelopment": "0", "operatingExpenses": "33808000", "investmentIncomeNet": "None", "netInterestIncome": "None", "interestIncome": "None", "interestExpense": "2916000", "nonInterestIncome": "None", "otherNonOperatingIncome": "0", "depreciation": "None", "depreciationAndAmortization": "1196000", "incomeBeforeTax": "7166000", "incomeTaxExpense": "1567000", "interestAndDebtExpense": "None", "netIncomeFromContinuingOperations": "5599000", "comprehensiveIncomeNetOfTax": "None", "ebit": "7166000", "ebitda": "8362000", "netIncome": "5599000"}, {"fiscalDateEnding": "2018-03-31", "reportedCurrency": "USD", "grossProfit": "40394000", "totalRevenue": "44240000", "costOfRevenue": "3846000", "costofGoodsAndServicesSold": "3846000", "operatingIncome": "8598000", "sellingGeneralAndAdministrative": "21673000", "researchAndDevelopment": "None", "operatingExpenses": "31796000", "investmentIncomeNet": "None", "netInterestIncome": "None", "interestIncome": "None", "interestExpense": "2316000", "nonInterestIncome": "None", "otherNonOperatingIncome": "None", "depreciation": "None", "depreciationAndAmortization": "1196000", "incomeBeforeTax": "8598000", "incomeTaxExpense": "1734000", "interestAndDebtExpense": "None", "netIncomeFromContinuingOperations": "6864000", "comprehensiveIncomeNetOfTax": "None", "ebit": "8598000", "ebitda": "9794000", "netIncome": "6864000"}, {"fiscalDateEnding": "2017-12-31", "reportedCurrency": "USD", "grossProfit": "42033000", "totalRevenue": "45491000", "costOfRevenue": "3458000", "costofGoodsAndServicesSold": "3458000", "operatingIncome": "9118000", "sellingGeneralAndAdministrative": "21065000", "researchAndDevelopment": "None", "operatingExpenses": "32915000", "investmentIncomeNet": "None", "netInterestIncome": "None", "interestIncome": "None", "interestExpense": "2138000", "nonInterestIncome": "None", "otherNonOperatingIncome": "None", "depreciation": "None", "depreciationAndAmortization": "2303000", "incomeBeforeTax": "9118000", "incomeTaxExpense": "8140000", "interestAndDebtExpense": "None", "netIncomeFromContinuingOperations": "978000", "comprehensiveIncomeNetOfTax": "None", "ebit": "9117000", "ebitda": "11420000", "netIncome": "978000"}, {"fiscalDateEnding": "2017-09-30", "reportedCurrency": "USD", "grossProfit": "41981000", "totalRevenue": "45521000", "costOfRevenue": "3540000", "costofGoodsAndServicesSold": "3540000", "operatingIncome": "7302000", "sellingGeneralAndAdministrative": "23751000", "researchAndDevelopment": "None", "operatingExpenses": "34679000", "investmentIncomeNet": "None", "netInterestIncome": "None", "interestIncome": "None", "interestExpense": "2220000", "nonInterestIncome": "None", "otherNonOperatingIncome": "None", "depreciation": "None", "depreciationAndAmortization": "2523000", "incomeBeforeTax": "7302000", "incomeTaxExpense": "2357000", "interestAndDebtExpense": "None", "netIncomeFromContinuingOperations": "4945000", "comprehensiveIncomeNetOfTax": "None", "ebit": "7302000", "ebitda": "9825000", "netIncome": "4945000"}, {"fiscalDateEnding": "2017-06-30", "reportedCurrency": "USD", "grossProfit": "42464000", "totalRevenue": "44973000", "costOfRevenue": "2509000", "costofGoodsAndServicesSold": "2509000", "operatingIncome": "9334000", "sellingGeneralAndAdministrative": "22420000", "researchAndDevelopment": "None", "operatingExpenses": "33130000", "investmentIncomeNet": "None", "netInterestIncome": "None", "interestIncome": "None", "interestExpense": "1869000", "nonInterestIncome": "None", "otherNonOperatingIncome": "None", "depreciation": "None", "depreciationAndAmortization": "2648000", "incomeBeforeTax": "9334000", "incomeTaxExpense": "4764000", "interestAndDebtExpense": "None", "netIncomeFromContinuingOperations": "4570000", "comprehensiveIncomeNetOfTax": "None", "ebit": "9334000", "ebitda": "11982000", "netIncome": "4570000"}, {"fiscalDateEnding": "2017-03-31", "reportedCurrency": "USD", "grossProfit": "39147000", "totalRevenue": "40886000", "costOfRevenue": "1739000", "costofGoodsAndServicesSold": "1739000", "operatingIncome": "7175000", "sellingGeneralAndAdministrative": "20979000", "researchAndDevelopment": "None", "operatingExpenses": "31972000", "investmentIncomeNet": "None", "netInterestIncome": "None", "interestIncome": "None", "interestExpense": "1739000", "nonInterestIncome": "None", "otherNonOperatingIncome": "None", "depreciation": "None", "depreciationAndAmortization": "2382000", "incomeBeforeTax": "7175000", "incomeTaxExpense": "2224000", "interestAndDebtExpense": "None", "netIncomeFromContinuingOperations": "4951000", "comprehensiveIncomeNetOfTax": "None", "ebit": "7175000", "ebitda": "9557000", "netIncome": "4951000"}, {"fiscalDateEnding": "2016-12-31", "reportedCurrency": "USD", "grossProfit": "40934000", "totalRevenue": "42509000", "costOfRevenue": "1575000", "costofGoodsAndServicesSold": "1575000", "operatingIncome": "8229000", "sellingGeneralAndAdministrative": "23723000", "researchAndDevelopment": "None", "operatingExpenses": "32705000", "investmentIncomeNet": "None", "netInterestIncome": "None", "interestIncome": "None", "interestExpense": "1575000", "nonInterestIncome": "None", "otherNonOperatingIncome": "None", "depreciation": "None", "depreciationAndAmortization": "4220000", "incomeBeforeTax": "8229000", "incomeTaxExpense": "2595000", "interestAndDebtExpense": "None", "netIncomeFromContinuingOperations": "5634000", "comprehensiveIncomeNetOfTax": "None", "ebit": "8229000", "ebitda": "12449000", "netIncome": "5634000"}, {"fiscalDateEnding": "2016-09-30", "reportedCurrency": "USD", "grossProfit": "37031000", "totalRevenue": "39731000", "costOfRevenue": "2700000", "costofGoodsAndServicesSold": "2700000", "operatingIncome": "3793000", "sellingGeneralAndAdministrative": "24275000", "researchAndDevelopment": "None", "operatingExpenses": "33238000", "investmentIncomeNet": "None", "netInterestIncome": "None", "interestIncome": "None", "interestExpense": "1680000", "nonInterestIncome": "None", "otherNonOperatingIncome": "None", "depreciation": "None", "depreciationAndAmortization": "3225000", "incomeBeforeTax": "3793000", "incomeTaxExpense": "1238000", "interestAndDebtExpense": "None", "netIncomeFromContinuingOperations": "None", "comprehensiveIncomeNetOfTax": "None", "ebit": "3793000", "ebitda": "7018000", "netIncome": "2555000"}, {"fiscalDateEnding": "2016-06-30", "reportedCurrency": "USD", "grossProfit": "38120000", "totalRevenue": "40801000", "costOfRevenue": "2681000", "costofGoodsAndServicesSold": "2681000", "operatingIncome": "4452000", "sellingGeneralAndAdministrative": "23793000", "researchAndDevelopment": "None", "operatingExpenses": "33668000", "investmentIncomeNet": "None", "netInterestIncome": "None", "interestIncome": "None", "interestExpense": "1661000", "nonInterestIncome": "None", "otherNonOperatingIncome": "None", "depreciation": "None", "depreciationAndAmortization": "2575000", "incomeBeforeTax": "4452000", "incomeTaxExpense": "1512000", "interestAndDebtExpense": "None", "netIncomeFromContinuingOperations": "None", "comprehensiveIncomeNetOfTax": "None", "ebit": "4452000", "ebitda": "7027000", "netIncome": "2940000"}, {"fiscalDateEnding": "2016-03-31", "reportedCurrency": "USD", "grossProfit": "35112000", "totalRevenue": "37999000", "costOfRevenue": "2887000", "costofGoodsAndServicesSold": "2887000", "operatingIncome": "4698000", "sellingGeneralAndAdministrative": "21921000", "researchAndDevelopment": "None", "operatingExpenses": "30414000", "investmentIncomeNet": "None", "netInterestIncome": "None", "interestIncome": "None", "interestExpense": "1867000", "nonInterestIncome": "None", "otherNonOperatingIncome": "None", "depreciation": "None", "depreciationAndAmortization": "2587000", "incomeBeforeTax": "4698000", "incomeTaxExpense": "1496000", "interestAndDebtExpense": "None", "netIncomeFromContinuingOperations": "None", "comprehensiveIncomeNetOfTax": "None", "ebit": "4698000", "ebitda": "7285000", "netIncome": "3202000"}, {"fiscalDateEnding": "2015-12-31", "reportedCurrency": "USD", "grossProfit": "31148000", "totalRevenue": "34295000", "costOfRevenue": "3147000", "costofGoodsAndServicesSold": "3147000", "operatingIncome": "3875000", "sellingGeneralAndAdministrative": "18698000", "researchAndDevelopment": "None", "operatingExpenses": "27273000", "investmentIncomeNet": "None", "netInterestIncome": "None", "interestIncome": "None", "interestExpense": "972000", "nonInterestIncome": "None", "otherNonOperatingIncome": "None", "depreciation": "None", "depreciationAndAmortization": "4201000", "incomeBeforeTax": "3875000", "incomeTaxExpense": "1138000", "interestAndDebtExpense": "None", "netIncomeFromContinuingOperations": "None", "comprehensiveIncomeNetOfTax": "None", "ebit": "3875000", "ebitda": "8076000", "netIncome": "2737000"}, {"fiscalDateEnding": "2015-09-30", "reportedCurrency": "USD", "grossProfit": "34117000", "totalRevenue": "35643000", "costOfRevenue": "1526000", "costofGoodsAndServicesSold": "1526000", "operatingIncome": "5134000", "sellingGeneralAndAdministrative": "20375000", "researchAndDevelopment": "None", "operatingExpenses": "28983000", "investmentIncomeNet": "None", "netInterestIncome": "None", "interestIncome": "None", "interestExpense": "851000", "nonInterestIncome": "None", "otherNonOperatingIncome": "None", "depreciation": "None", "depreciationAndAmortization": "1813000", "incomeBeforeTax": "5134000", "incomeTaxExpense": "811000", "interestAndDebtExpense": "None", "netIncomeFromContinuingOperations": "None", "comprehensiveIncomeNetOfTax": "None", "ebit": "5134000", "ebitda": "6947000", "netIncome": "4323000"}, {"fiscalDateEnding": "2015-06-30", "reportedCurrency": "USD", "grossProfit": "35580000", "totalRevenue": "37087000", "costOfRevenue": "1507000", "costofGoodsAndServicesSold": "1507000", "operatingIncome": "8507000", "sellingGeneralAndAdministrative": "20031000", "researchAndDevelopment": "None", "operatingExpenses": "27073000", "investmentIncomeNet": "None", "netInterestIncome": "None", "interestIncome": "None", "interestExpense": "832000", "nonInterestIncome": "None", "otherNonOperatingIncome": "None", "depreciation": "None", "depreciationAndAmortization": "481000", "incomeBeforeTax": "8507000", "incomeTaxExpense": "3098000", "interestAndDebtExpense": "None", "netIncomeFromContinuingOperations": "None", "comprehensiveIncomeNetOfTax": "None", "ebit": "8507000", "ebitda": "8988000", "netIncome": "5409000"}, {"fiscalDateEnding": "2015-03-31", "reportedCurrency": "USD", "grossProfit": "31687000", "totalRevenue": "33165000", "costOfRevenue": "1478000", "costofGoodsAndServicesSold": "1478000", "operatingIncome": "6276000", "sellingGeneralAndAdministrative": "18401000", "researchAndDevelopment": "None", "operatingExpenses": "25411000", "investmentIncomeNet": "None", "netInterestIncome": "None", "interestIncome": "None", "interestExpense": "803000", "nonInterestIncome": "None", "otherNonOperatingIncome": "None", "depreciation": "None", "depreciationAndAmortization": "2232000", "incomeBeforeTax": "6276000", "incomeTaxExpense": "2242000", "interestAndDebtExpense": "None", "netIncomeFromContinuingOperations": "None", "comprehensiveIncomeNetOfTax": "None", "ebit": "6276000", "ebitda": "8508000", "netIncome": "4034000"}, {"fiscalDateEnding": "2014-12-31", "reportedCurrency": "USD", "grossProfit": "32594000", "totalRevenue": "33014000", "costOfRevenue": "420000", "costofGoodsAndServicesSold": "420000", "operatingIncome": "6416000", "sellingGeneralAndAdministrative": "18120000", "researchAndDevelopment": "None", "operatingExpenses": "26178000", "investmentIncomeNet": "None", "netInterestIncome": "None", "interestIncome": "None", "interestExpense": "820000", "nonInterestIncome": "None", "otherNonOperatingIncome": "None", "depreciation": "None", "depreciationAndAmortization": "3062000", "incomeBeforeTax": "6416000", "incomeTaxExpense": "867000", "interestAndDebtExpense": "None", "netIncomeFromContinuingOperations": "None", "comprehensiveIncomeNetOfTax": "None", "ebit": "6416000", "ebitda": "9478000", "netIncome": "5549000"}, {"fiscalDateEnding": "2014-09-30", "reportedCurrency": "USD", "grossProfit": "33916000", "totalRevenue": "34780000", "costOfRevenue": "864000", "costofGoodsAndServicesSold": "864000", "operatingIncome": "10016000", "sellingGeneralAndAdministrative": "17384000", "researchAndDevelopment": "None", "operatingExpenses": "23900000", "investmentIncomeNet": "None", "netInterestIncome": "None", "interestIncome": "None", "interestExpense": "864000", "nonInterestIncome": "None", "otherNonOperatingIncome": "None", "depreciation": "None", "depreciationAndAmortization": "917000", "incomeBeforeTax": "10016000", "incomeTaxExpense": "3853000", "interestAndDebtExpense": "None", "netIncomeFromContinuingOperations": "None", "comprehensiveIncomeNetOfTax": "None", "ebit": "10016000", "ebitda": "10933000", "netIncome": "6163000"}, {"fiscalDateEnding": "2014-06-30", "reportedCurrency": "USD", "grossProfit": "31343000", "totalRevenue": "31343000", "costOfRevenue": "804000", "costofGoodsAndServicesSold": "804000", "operatingIncome": "14391000", "sellingGeneralAndAdministrative": "16212000", "researchAndDevelopment": "None", "operatingExpenses": "24495000", "investmentIncomeNet": "None", "netInterestIncome": "None", "interestIncome": "None", "interestExpense": "None", "nonInterestIncome": "None", "otherNonOperatingIncome": "None", "depreciation": "None", "depreciationAndAmortization": "-7742000", "incomeBeforeTax": "6848000", "incomeTaxExpense": "2405000", "interestAndDebtExpense": "None", "netIncomeFromContinuingOperations": "None", "comprehensiveIncomeNetOfTax": "None", "ebit": "6798000", "ebitda": "-944000", "netIncome": "4393000"}, {"fiscalDateEnding": "2014-03-31", "reportedCurrency": "USD", "grossProfit": "28198000", "totalRevenue": "28198000", "costOfRevenue": "828000", "costofGoodsAndServicesSold": "828000", "operatingIncome": "11790000", "sellingGeneralAndAdministrative": "15849000", "researchAndDevelopment": "None", "operatingExpenses": "21717000", "investmentIncomeNet": "None", "netInterestIncome": "None", "interestIncome": "None", "interestExpense": "None", "nonInterestIncome": "None", "otherNonOperatingIncome": "None", "depreciation": "None", "depreciationAndAmortization": "-7375000", "incomeBeforeTax": "6481000", "incomeTaxExpense": "2413000", "interestAndDebtExpense": "None", "netIncomeFromContinuingOperations": "None", "comprehensiveIncomeNetOfTax": "None", "ebit": "6431000", "ebitda": "-944000", "netIncome": "4018000"}, {"fiscalDateEnding": "2013-12-31", "reportedCurrency": "USD", "grossProfit": "29685000", "totalRevenue": "31571000", "costOfRevenue": "1886000", "costofGoodsAndServicesSold": "1886000", "operatingIncome": "5985000", "sellingGeneralAndAdministrative": "14171000", "researchAndDevelopment": "None", "operatingExpenses": "23700000", "investmentIncomeNet": "None", "netInterestIncome": "None", "interestIncome": "None", "interestExpense": "886000", "nonInterestIncome": "None", "otherNonOperatingIncome": "None", "depreciation": "None", "depreciationAndAmortization": "868000", "incomeBeforeTax": "5985000", "incomeTaxExpense": "2052000", "interestAndDebtExpense": "None", "netIncomeFromContinuingOperations": "None", "comprehensiveIncomeNetOfTax": "None", "ebit": "5985000", "ebitda": "6853000", "netIncome": "3933000"}, {"fiscalDateEnding": "2013-09-30", "reportedCurrency": "USD", "grossProfit": "31593000", "totalRevenue": "31593000", "costOfRevenue": "892000", "costofGoodsAndServicesSold": "892000", "operatingIncome": "13447000", "sellingGeneralAndAdministrative": "17886000", "researchAndDevelopment": "None", "operatingExpenses": "23590000", "investmentIncomeNet": "None", "netInterestIncome": "None", "interestIncome": "None", "interestExpense": "None", "nonInterestIncome": "None", "otherNonOperatingIncome": "None", "depreciation": "None", "depreciationAndAmortization": "-8003000", "incomeBeforeTax": "8003000", "incomeTaxExpense": "2811000", "interestAndDebtExpense": "None", "netIncomeFromContinuingOperations": "None", "comprehensiveIncomeNetOfTax": "None", "ebit": "26894000", "ebitda": "18891000", "netIncome": "5192000"}, {"fiscalDateEnding": "2013-06-30", "reportedCurrency": "USD", "grossProfit": "31825000", "totalRevenue": "31825000", "costOfRevenue": "1164000", "costofGoodsAndServicesSold": "1164000", "operatingIncome": "9319000", "sellingGeneralAndAdministrative": "16844000", "researchAndDevelopment": "None", "operatingExpenses": "22506000", "investmentIncomeNet": "None", "netInterestIncome": "None", "interestIncome": "None", "interestExpense": "None", "nonInterestIncome": "None", "otherNonOperatingIncome": "None", "depreciation": "None", "depreciationAndAmortization": "-9319000", "incomeBeforeTax": "9319000", "incomeTaxExpense": "3609000", "interestAndDebtExpense": "None", "netIncomeFromContinuingOperations": "None", "comprehensiveIncomeNetOfTax": "None", "ebit": "None", "ebitda": "None", "netIncome": "5710000"}, {"fiscalDateEnding": "2013-03-31", "reportedCurrency": "USD", "grossProfit": "31762000", "totalRevenue": "31762000", "costOfRevenue": "971000", "costofGoodsAndServicesSold": "971000", "operatingIncome": "8647000", "sellingGeneralAndAdministrative": "17300000", "researchAndDevelopment": "None", "operatingExpenses": "23115000", "investmentIncomeNet": "None", "netInterestIncome": "None", "interestIncome": "None", "interestExpense": "None", "nonInterestIncome": "None", "otherNonOperatingIncome": "None", "depreciation": "None", "depreciationAndAmortization": "-8647000", "incomeBeforeTax": "8647000", "incomeTaxExpense": "3211000", "interestAndDebtExpense": "None", "netIncomeFromContinuingOperations": "None", "comprehensiveIncomeNetOfTax": "None", "ebit": "None", "ebitda": "None", "netIncome": "5436000"}, {"fiscalDateEnding": "2012-12-31", "reportedCurrency": "USD", "grossProfit": "39093000", "totalRevenue": "39093000", "costOfRevenue": "1010000", "costofGoodsAndServicesSold": "1010000", "operatingIncome": "7818000", "sellingGeneralAndAdministrative": "19135000", "researchAndDevelopment": "None", "operatingExpenses": "31275000", "investmentIncomeNet": "None", "netInterestIncome": "None", "interestIncome": "None", "interestExpense": "None", "nonInterestIncome": "None", "otherNonOperatingIncome": "None", "depreciation": "None", "depreciationAndAmortization": "-7818000", "incomeBeforeTax": "7818000", "incomeTaxExpense": "3061000", "interestAndDebtExpense": "None", "netIncomeFromContinuingOperations": "None", "comprehensiveIncomeNetOfTax": "None", "ebit": "7479000", "ebitda": "-339000", "netIncome": "4418000"}, {"fiscalDateEnding": "2012-09-30", "reportedCurrency": "USD", "grossProfit": "31630000", "totalRevenue": "31630000", "costOfRevenue": "1101000", "costofGoodsAndServicesSold": "1101000", "operatingIncome": "7365000", "sellingGeneralAndAdministrative": "17423000", "researchAndDevelopment": "None", "operatingExpenses": "24265000", "investmentIncomeNet": "None", "netInterestIncome": "None", "interestIncome": "None", "interestExpense": "None", "nonInterestIncome": "None", "otherNonOperatingIncome": "None", "depreciation": "None", "depreciationAndAmortization": "None", "incomeBeforeTax": "7365000", "incomeTaxExpense": "2628000", "interestAndDebtExpense": "None", "netIncomeFromContinuingOperations": "None", "comprehensiveIncomeNetOfTax": "None", "ebit": "None", "ebitda": "7365000", "netIncome": "4737000"}, {"fiscalDateEnding": "2012-06-30", "reportedCurrency": "USD", "grossProfit": "None", "totalRevenue": "None", "costOfRevenue": "1389000", "costofGoodsAndServicesSold": "1389000", "operatingIncome": "13734000", "sellingGeneralAndAdministrative": "15529000", "researchAndDevelopment": "None", "operatingExpenses": "None", "investmentIncomeNet": "None", "netInterestIncome": "None", "interestIncome": "None", "interestExpense": "None", "nonInterestIncome": "None", "otherNonOperatingIncome": "None", "depreciation": "None", "depreciationAndAmortization": "None", "incomeBeforeTax": "8166000", "incomeTaxExpense": "2994000", "interestAndDebtExpense": "None", "netIncomeFromContinuingOperations": "None", "comprehensiveIncomeNetOfTax": "None", "ebit": "None", "ebitda": "None", "netIncome": "5172000"}, {"fiscalDateEnding": "2012-03-31", "reportedCurrency": "USD", "grossProfit": "None", "totalRevenue": "None", "costOfRevenue": "1919000", "costofGoodsAndServicesSold": "1919000", "operatingIncome": "10941000", "sellingGeneralAndAdministrative": "15622000", "researchAndDevelopment": "None", "operatingExpenses": "None", "investmentIncomeNet": "None", "netInterestIncome": "None", "interestIncome": "None", "interestExpense": "None", "nonInterestIncome": "None", "otherNonOperatingIncome": "None", "depreciation": "None", "depreciationAndAmortization": "None", "incomeBeforeTax": "4971000", "incomeTaxExpense": "1768000", "interestAndDebtExpense": "None", "netIncomeFromContinuingOperations": "None", "comprehensiveIncomeNetOfTax": "None", "ebit": "None", "ebitda": "None", "netIncome": "3203000"}, {"fiscalDateEnding": "2011-12-31", "reportedCurrency": "USD", "grossProfit": "None", "totalRevenue": "None", "costOfRevenue": "2528000", "costofGoodsAndServicesSold": "2528000", "operatingIncome": "42927000", "sellingGeneralAndAdministrative": "52974000", "researchAndDevelopment": "None", "operatingExpenses": "None", "investmentIncomeNet": "None", "netInterestIncome": "None", "interestIncome": "None", "interestExpense": "None", "nonInterestIncome": "None", "otherNonOperatingIncome": "None", "depreciation": "None", "depreciationAndAmortization": "None", "incomeBeforeTax": "16186000", "incomeTaxExpense": "1263000", "interestAndDebtExpense": "None", "netIncomeFromContinuingOperations": "None", "comprehensiveIncomeNetOfTax": "None", "ebit": "None", "ebitda": "None", "netIncome": "3147000"}, {"fiscalDateEnding": "2011-09-30", "reportedCurrency": "USD", "grossProfit": "None", "totalRevenue": "None", "costOfRevenue": "3258000", "costofGoodsAndServicesSold": "3258000", "operatingIncome": "None", "sellingGeneralAndAdministrative": "None", "researchAndDevelopment": "None", "operatingExpenses": "None", "investmentIncomeNet": "None", "netInterestIncome": "None", "interestIncome": "None", "interestExpense": "None", "nonInterestIncome": "None", "otherNonOperatingIncome": "None", "depreciation": "None", "depreciationAndAmortization": "None", "incomeBeforeTax": "None", "incomeTaxExpense": "1632000", "interestAndDebtExpense": "None", "netIncomeFromContinuingOperations": "None", "comprehensiveIncomeNetOfTax": "None", "ebit": "None", "ebitda": "None", "netIncome": "2973000"}, {"fiscalDateEnding": "2011-06-30", "reportedCurrency": "USD", "grossProfit": "None", "totalRevenue": "None", "costOfRevenue": "2439000", "costofGoodsAndServicesSold": "2439000", "operatingIncome": "None", "sellingGeneralAndAdministrative": "None", "researchAndDevelopment": "None", "operatingExpenses": "None", "investmentIncomeNet": "None", "netInterestIncome": "None", "interestIncome": "None", "interestExpense": "None", "nonInterestIncome": "None", "otherNonOperatingIncome": "None", "depreciation": "None", "depreciationAndAmortization": "None", "incomeBeforeTax": "None", "incomeTaxExpense": "1702000", "interestAndDebtExpense": "None", "netIncomeFromContinuingOperations": "None", "comprehensiveIncomeNetOfTax": "None", "ebit": "None", "ebitda": "None", "netIncome": "2989000"}, {"fiscalDateEnding": "2011-03-31", "reportedCurrency": "USD", "grossProfit": "None", "totalRevenue": "None", "costOfRevenue": "3014000", "costofGoodsAndServicesSold": "3014000", "operatingIncome": "None", "sellingGeneralAndAdministrative": "None", "researchAndDevelopment": "None", "operatingExpenses": "None", "investmentIncomeNet": "None", "netInterestIncome": "None", "interestIncome": "None", "interestExpense": "None", "nonInterestIncome": "None", "otherNonOperatingIncome": "None", "depreciation": "None", "depreciationAndAmortization": "None", "incomeBeforeTax": "None", "incomeTaxExpense": "880000", "interestAndDebtExpense": "None", "netIncomeFromContinuingOperations": "None", "comprehensiveIncomeNetOfTax": "None", "ebit": "None", "ebitda": "None", "netIncome": "1600000"}, {"fiscalDateEnding": "2010-12-31", "reportedCurrency": "USD", "grossProfit": "None", "totalRevenue": "None", "costOfRevenue": "3876000", "costofGoodsAndServicesSold": "3876000", "operatingIncome": "31948000", "sellingGeneralAndAdministrative": "51417000", "researchAndDevelopment": "None", "operatingExpenses": "None", "investmentIncomeNet": "None", "netInterestIncome": "None", "interestIncome": "None", "interestExpense": "None", "nonInterestIncome": "None", "otherNonOperatingIncome": "None", "depreciation": "None", "depreciationAndAmortization": "None", "incomeBeforeTax": "8831000", "incomeTaxExpense": "299000", "interestAndDebtExpense": "None", "netIncomeFromContinuingOperations": "None", "comprehensiveIncomeNetOfTax": "None", "ebit": "None", "ebitda": "None", "netIncome": "797000"}, {"fiscalDateEnding": "2010-09-30", "reportedCurrency": "USD", "grossProfit": "None", "totalRevenue": "None", "costOfRevenue": "3863000", "costofGoodsAndServicesSold": "3863000", "operatingIncome": "None", "sellingGeneralAndAdministrative": "None", "researchAndDevelopment": "None", "operatingExpenses": "None", "investmentIncomeNet": "None", "netInterestIncome": "None", "interestIncome": "None", "interestExpense": "None", "nonInterestIncome": "None", "otherNonOperatingIncome": "None", "depreciation": "None", "depreciationAndAmortization": "None", "incomeBeforeTax": "None", "incomeTaxExpense": "1284000", "interestAndDebtExpense": "None", "netIncomeFromContinuingOperations": "None", "comprehensiveIncomeNetOfTax": "None", "ebit": "None", "ebitda": "None", "netIncome": "2296000"}, {"fiscalDateEnding": "2010-06-30", "reportedCurrency": "USD", "grossProfit": "None", "totalRevenue": "None", "costOfRevenue": "4084000", "costofGoodsAndServicesSold": "4084000", "operatingIncome": "None", "sellingGeneralAndAdministrative": "None", "researchAndDevelopment": "None", "operatingExpenses": "None", "investmentIncomeNet": "None", "netInterestIncome": "None", "interestIncome": "None", "interestExpense": "None", "nonInterestIncome": "None", "otherNonOperatingIncome": "None", "depreciation": "None", "depreciationAndAmortization": "None", "incomeBeforeTax": "None", "incomeTaxExpense": "1180000", "interestAndDebtExpense": "None", "netIncomeFromContinuingOperations": "None", "comprehensiveIncomeNetOfTax": "None", "ebit": "None", "ebitda": "None", "netIncome": "2196000"}, {"fiscalDateEnding": "2010-03-31", "reportedCurrency": "USD", "grossProfit": "None", "totalRevenue": "None", "costOfRevenue": "5782000", "costofGoodsAndServicesSold": "5782000", "operatingIncome": "None", "sellingGeneralAndAdministrative": "None", "researchAndDevelopment": "None", "operatingExpenses": "None", "investmentIncomeNet": "None", "netInterestIncome": "None", "interestIncome": "None", "interestExpense": "None", "nonInterestIncome": "None", "otherNonOperatingIncome": "None", "depreciation": "None", "depreciationAndAmortization": "None", "incomeBeforeTax": "None", "incomeTaxExpense": "195000", "interestAndDebtExpense": "None", "netIncomeFromContinuingOperations": "None", "comprehensiveIncomeNetOfTax": "None", "ebit": "None", "ebitda": "None", "netIncome": "584000"}, {"fiscalDateEnding": "2009-12-31", "reportedCurrency": "USD", "grossProfit": "None", "totalRevenue": "None", "costOfRevenue": "5515000", "costofGoodsAndServicesSold": "5515000", "operatingIncome": "20109000", "sellingGeneralAndAdministrative": "36954000", "researchAndDevelopment": "None", "operatingExpenses": "None", "investmentIncomeNet": "None", "netInterestIncome": "None", "interestIncome": "None", "interestExpense": "None", "nonInterestIncome": "None", "otherNonOperatingIncome": "None", "depreciation": "None", "depreciationAndAmortization": "None", "incomeBeforeTax": "11136000", "incomeTaxExpense": "2247000", "interestAndDebtExpense": "None", "netIncomeFromContinuingOperations": "None", "comprehensiveIncomeNetOfTax": "None", "ebit": "None", "ebitda": "None", "netIncome": "4091000"}, {"fiscalDateEnding": "2009-09-30", "reportedCurrency": "USD", "grossProfit": "None", "totalRevenue": "None", "costOfRevenue": "5057000", "costofGoodsAndServicesSold": "5057000", "operatingIncome": "None", "sellingGeneralAndAdministrative": "None", "researchAndDevelopment": "None", "operatingExpenses": "None", "investmentIncomeNet": "None", "netInterestIncome": "None", "interestIncome": "None", "interestExpense": "None", "nonInterestIncome": "None", "otherNonOperatingIncome": "None", "depreciation": "None", "depreciationAndAmortization": "None", "incomeBeforeTax": "None", "incomeTaxExpense": "380000", "interestAndDebtExpense": "None", "netIncomeFromContinuingOperations": "None", "comprehensiveIncomeNetOfTax": "None", "ebit": "None", "ebitda": "None", "netIncome": "898000"}, {"fiscalDateEnding": "2009-06-30", "reportedCurrency": "USD", "grossProfit": "None", "totalRevenue": "None", "costOfRevenue": "3676000", "costofGoodsAndServicesSold": "3676000", "operatingIncome": "None", "sellingGeneralAndAdministrative": "None", "researchAndDevelopment": "None", "operatingExpenses": "None", "investmentIncomeNet": "None", "netInterestIncome": "None", "interestIncome": "None", "interestExpense": "None", "nonInterestIncome": "None", "otherNonOperatingIncome": "None", "depreciation": "None", "depreciationAndAmortization": "None", "incomeBeforeTax": "None", "incomeTaxExpense": "720000", "interestAndDebtExpense": "None", "netIncomeFromContinuingOperations": "None", "comprehensiveIncomeNetOfTax": "None", "ebit": "None", "ebitda": "None", "netIncome": "1453000"}, {"fiscalDateEnding": "2009-03-31", "reportedCurrency": "USD", "grossProfit": "None", "totalRevenue": "None", "costOfRevenue": "4133000", "costofGoodsAndServicesSold": "4133000", "operatingIncome": "None", "sellingGeneralAndAdministrative": "None", "researchAndDevelopment": "None", "operatingExpenses": "None", "investmentIncomeNet": "None", "netInterestIncome": "None", "interestIncome": "None", "interestExpense": "None", "nonInterestIncome": "None", "otherNonOperatingIncome": "None", "depreciation": "None", "depreciationAndAmortization": "None", "incomeBeforeTax": "None", "incomeTaxExpense": "420000", "interestAndDebtExpense": "None", "netIncomeFromContinuingOperations": "None", "comprehensiveIncomeNetOfTax": "None", "ebit": "None", "ebitda": "None", "netIncome": "927000"}, {"fiscalDateEnding": "2008-12-31", "reportedCurrency": "USD", "grossProfit": "None", "totalRevenue": "None", "costOfRevenue": "3952000", "costofGoodsAndServicesSold": "3952000", "operatingIncome": "27128000", "sellingGeneralAndAdministrative": "34851000", "researchAndDevelopment": "None", "operatingExpenses": "None", "investmentIncomeNet": "None", "netInterestIncome": "None", "interestIncome": "None", "interestExpense": "None", "nonInterestIncome": "None", "otherNonOperatingIncome": "None", "depreciation": "None", "depreciationAndAmortization": "None", "incomeBeforeTax": "13952000", "incomeTaxExpense": "1319000", "interestAndDebtExpense": "None", "netIncomeFromContinuingOperations": "None", "comprehensiveIncomeNetOfTax": "None", "ebit": "None", "ebitda": "None", "netIncome": "2266000"}, {"fiscalDateEnding": "2008-09-30", "reportedCurrency": "USD", "grossProfit": "None", "totalRevenue": "None", "costOfRevenue": "4360000", "costofGoodsAndServicesSold": "4360000", "operatingIncome": "None", "sellingGeneralAndAdministrative": "None", "researchAndDevelopment": "None", "operatingExpenses": "None", "investmentIncomeNet": "None", "netInterestIncome": "None", "interestIncome": "None", "interestExpense": "None", "nonInterestIncome": "None", "otherNonOperatingIncome": "None", "depreciation": "None", "depreciationAndAmortization": "None", "incomeBeforeTax": "None", "incomeTaxExpense": "690000", "interestAndDebtExpense": "None", "netIncomeFromContinuingOperations": "None", "comprehensiveIncomeNetOfTax": "None", "ebit": "None", "ebitda": "None", "netIncome": "1188000"}, {"fiscalDateEnding": "2008-06-30", "reportedCurrency": "USD", "grossProfit": "None", "totalRevenue": "None", "costOfRevenue": "4144000", "costofGoodsAndServicesSold": "4144000", "operatingIncome": "None", "sellingGeneralAndAdministrative": "None", "researchAndDevelopment": "None", "operatingExpenses": "None", "investmentIncomeNet": "None", "netInterestIncome": "None", "interestIncome": "None", "interestExpense": "None", "nonInterestIncome": "None", "otherNonOperatingIncome": "None", "depreciation": "None", "depreciationAndAmortization": "None", "incomeBeforeTax": "None", "incomeTaxExpense": "1199000", "interestAndDebtExpense": "None", "netIncomeFromContinuingOperations": "None", "comprehensiveIncomeNetOfTax": "None", "ebit": "None", "ebitda": "None", "netIncome": "2793000"}, {"fiscalDateEnding": "2008-03-31", "reportedCurrency": "USD", "grossProfit": "None", "totalRevenue": "None", "costOfRevenue": "4594000", "costofGoodsAndServicesSold": "4594000", "operatingIncome": "None", "sellingGeneralAndAdministrative": "None", "researchAndDevelopment": "None", "operatingExpenses": "None", "investmentIncomeNet": "None", "netInterestIncome": "None", "interestIncome": "None", "interestExpense": "None", "nonInterestIncome": "None", "otherNonOperatingIncome": "None", "depreciation": "None", "depreciationAndAmortization": "None", "incomeBeforeTax": "None", "incomeTaxExpense": "1594000", "interestAndDebtExpense": "None", "netIncomeFromContinuingOperations": "None", "comprehensiveIncomeNetOfTax": "None", "ebit": "None", "ebitda": "None", "netIncome": "2903000"}, {"fiscalDateEnding": "2007-12-31", "reportedCurrency": "USD", "grossProfit": "None", "totalRevenue": "None", "costOfRevenue": "5131000", "costofGoodsAndServicesSold": "5131000", "operatingIncome": "27038000", "sellingGeneralAndAdministrative": "29644000", "researchAndDevelopment": "None", "operatingExpenses": "None", "investmentIncomeNet": "None", "netInterestIncome": "None", "interestIncome": "None", "interestExpense": "None", "nonInterestIncome": "None", "otherNonOperatingIncome": "None", "depreciation": "None", "depreciationAndAmortization": "None", "incomeBeforeTax": "16139000", "incomeTaxExpense": "1670000", "interestAndDebtExpense": "None", "netIncomeFromContinuingOperations": "None", "comprehensiveIncomeNetOfTax": "None", "ebit": "None", "ebitda": "None", "netIncome": "2754000"}, {"fiscalDateEnding": "2007-09-30", "reportedCurrency": "USD", "grossProfit": "None", "totalRevenue": "None", "costOfRevenue": "5566000", "costofGoodsAndServicesSold": "5566000", "operatingIncome": "None", "sellingGeneralAndAdministrative": "None", "researchAndDevelopment": "None", "operatingExpenses": "None", "investmentIncomeNet": "None", "netInterestIncome": "None", "interestIncome": "None", "interestExpense": "None", "nonInterestIncome": "None", "otherNonOperatingIncome": "None", "depreciation": "None", "depreciationAndAmortization": "None", "incomeBeforeTax": "None", "incomeTaxExpense": "1694000", "interestAndDebtExpense": "None", "netIncomeFromContinuingOperations": "None", "comprehensiveIncomeNetOfTax": "None", "ebit": "None", "ebitda": "None", "netIncome": "3071000"}, {"fiscalDateEnding": "2007-06-30", "reportedCurrency": "USD", "grossProfit": "None", "totalRevenue": "None", "costOfRevenue": "5517000", "costofGoodsAndServicesSold": "5517000", "operatingIncome": "None", "sellingGeneralAndAdministrative": "None", "researchAndDevelopment": "None", "operatingExpenses": "None", "investmentIncomeNet": "None", "netInterestIncome": "None", "interestIncome": "None", "interestExpense": "None", "nonInterestIncome": "None", "otherNonOperatingIncome": "None", "depreciation": "None", "depreciationAndAmortization": "None", "incomeBeforeTax": "None", "incomeTaxExpense": "1271000", "interestAndDebtExpense": "None", "netIncomeFromContinuingOperations": "None", "comprehensiveIncomeNetOfTax": "None", "ebit": "None", "ebitda": "None", "netIncome": "2380000"}, {"fiscalDateEnding": "2007-03-31", "reportedCurrency": "USD", "grossProfit": "None", "totalRevenue": "None", "costOfRevenue": "5508000", "costofGoodsAndServicesSold": "5508000", "operatingIncome": "None", "sellingGeneralAndAdministrative": "None", "researchAndDevelopment": "None", "operatingExpenses": "None", "investmentIncomeNet": "None", "netInterestIncome": "None", "interestIncome": "None", "interestExpense": "None", "nonInterestIncome": "None", "otherNonOperatingIncome": "None", "depreciation": "None", "depreciationAndAmortization": "None", "incomeBeforeTax": "None", "incomeTaxExpense": "1144000", "interestAndDebtExpense": "None", "netIncomeFromContinuingOperations": "None", "comprehensiveIncomeNetOfTax": "None", "ebit": "None", "ebitda": "None", "netIncome": "2155000"}, {"fiscalDateEnding": "2006-12-31", "reportedCurrency": "USD", "grossProfit": "None", "totalRevenue": "None", "costOfRevenue": "10210000", "costofGoodsAndServicesSold": "10210000", "operatingIncome": "19108000", "sellingGeneralAndAdministrative": "25886000", "researchAndDevelopment": "None", "operatingExpenses": "None", "investmentIncomeNet": "None", "netInterestIncome": "None", "interestIncome": "None", "interestExpense": "None", "nonInterestIncome": "None", "otherNonOperatingIncome": "None", "depreciation": "None", "depreciationAndAmortization": "None", "incomeBeforeTax": "10814000", "incomeTaxExpense": "129000", "interestAndDebtExpense": "None", "netIncomeFromContinuingOperations": "None", "comprehensiveIncomeNetOfTax": "None", "ebit": "None", "ebitda": "None", "netIncome": "None"}, {"fiscalDateEnding": "2006-09-30", "reportedCurrency": "USD", "grossProfit": "None", "totalRevenue": "None", "costOfRevenue": "5564000", "costofGoodsAndServicesSold": "5564000", "operatingIncome": "None", "sellingGeneralAndAdministrative": "None", "researchAndDevelopment": "None", "operatingExpenses": "None", "investmentIncomeNet": "None", "netInterestIncome": "None", "interestIncome": "None", "interestExpense": "None", "nonInterestIncome": "None", "otherNonOperatingIncome": "None", "depreciation": "None", "depreciationAndAmortization": "None", "incomeBeforeTax": "None", "incomeTaxExpense": "1100000", "interestAndDebtExpense": "None", "netIncomeFromContinuingOperations": "None", "comprehensiveIncomeNetOfTax": "None", "ebit": "None", "ebitda": "None", "netIncome": "2291000"}, {"fiscalDateEnding": "2006-06-30", "reportedCurrency": "USD", "grossProfit": "None", "totalRevenue": "None", "costOfRevenue": "4881000", "costofGoodsAndServicesSold": "4881000", "operatingIncome": "None", "sellingGeneralAndAdministrative": "None", "researchAndDevelopment": "None", "operatingExpenses": "None", "investmentIncomeNet": "None", "netInterestIncome": "None", "interestIncome": "None", "interestExpense": "None", "nonInterestIncome": "None", "otherNonOperatingIncome": "None", "depreciation": "None", "depreciationAndAmortization": "None", "incomeBeforeTax": "None", "incomeTaxExpense": "1276000", "interestAndDebtExpense": "None", "netIncomeFromContinuingOperations": "None", "comprehensiveIncomeNetOfTax": "None", "ebit": "None", "ebitda": "None", "netIncome": "2504000"}, {"fiscalDateEnding": "2006-03-31", "reportedCurrency": "USD", "grossProfit": "None", "totalRevenue": "None", "costOfRevenue": "4262000", "costofGoodsAndServicesSold": "4262000", "operatingIncome": "None", "sellingGeneralAndAdministrative": "None", "researchAndDevelopment": "None", "operatingExpenses": "None", "investmentIncomeNet": "None", "netInterestIncome": "None", "interestIncome": "None", "interestExpense": "None", "nonInterestIncome": "None", "otherNonOperatingIncome": "None", "depreciation": "None", "depreciationAndAmortization": "None", "incomeBeforeTax": "None", "incomeTaxExpense": "1177000", "interestAndDebtExpense": "None", "netIncomeFromContinuingOperations": "None", "comprehensiveIncomeNetOfTax": "None", "ebit": "None", "ebitda": "None", "netIncome": "2851000"}]}