{"symbol": "VST", "annualReports": [{"fiscalDateEnding": "2024-12-31", "reportedCurrency": "USD", "grossProfit": "7693000000", "totalRevenue": "19377000000", "costOfRevenue": "11684000000", "costofGoodsAndServicesSold": "11684000000", "operatingIncome": "6228000000", "sellingGeneralAndAdministrative": "1601000000", "researchAndDevelopment": "None", "operatingExpenses": "1465000000", "investmentIncomeNet": "None", "netInterestIncome": "-894000000", "interestIncome": "65000000", "interestExpense": "1094000000", "nonInterestIncome": "None", "otherNonOperatingIncome": "None", "depreciation": "None", "depreciationAndAmortization": "2631000000", "incomeBeforeTax": "3467000000", "incomeTaxExpense": "655000000", "interestAndDebtExpense": "None", "netIncomeFromContinuingOperations": "2812000000", "comprehensiveIncomeNetOfTax": "None", "ebit": "4561000000", "ebitda": "7192000000", "netIncome": "2659000000"}, {"fiscalDateEnding": "2023-12-31", "reportedCurrency": "USD", "grossProfit": "5171000000", "totalRevenue": "15543000000", "costOfRevenue": "10372000000", "costofGoodsAndServicesSold": "10372000000", "operatingIncome": "3913000000", "sellingGeneralAndAdministrative": "1248000000", "researchAndDevelopment": "None", "operatingExpenses": "1258000000", "investmentIncomeNet": "None", "netInterestIncome": "-629000000", "interestIncome": "57000000", "interestExpense": "749000000", "nonInterestIncome": "None", "otherNonOperatingIncome": "None", "depreciation": "None", "depreciationAndAmortization": "1867000000", "incomeBeforeTax": "2000000000", "incomeTaxExpense": "508000000", "interestAndDebtExpense": "None", "netIncomeFromContinuingOperations": "1428000000", "comprehensiveIncomeNetOfTax": "None", "ebit": "2749000000", "ebitda": "4616000000", "netIncome": "1493000000"}, {"fiscalDateEnding": "2022-12-31", "reportedCurrency": "USD", "grossProfit": "3814000000", "totalRevenue": "17837000000", "costOfRevenue": "14023000000", "costofGoodsAndServicesSold": "14023000000", "operatingIncome": "2638000000", "sellingGeneralAndAdministrative": "1142000000", "researchAndDevelopment": "None", "operatingExpenses": "1176000000", "investmentIncomeNet": "None", "netInterestIncome": "-600000000", "interestIncome": "368000000", "interestExpense": "853000000", "nonInterestIncome": "None", "otherNonOperatingIncome": "113000000", "depreciation": "None", "depreciationAndAmortization": "1994000000", "incomeBeforeTax": "-1560000000", "incomeTaxExpense": "-350000000", "interestAndDebtExpense": "None", "netIncomeFromContinuingOperations": "-1910000000", "comprehensiveIncomeNetOfTax": "None", "ebit": "-707000000", "ebitda": "1287000000", "netIncome": "-1227000000"}, {"fiscalDateEnding": "2021-12-31", "reportedCurrency": "USD", "grossProfit": "60000000", "totalRevenue": "13333000000", "costOfRevenue": "13273000000", "costofGoodsAndServicesSold": "13273000000", "operatingIncome": "-988000000", "sellingGeneralAndAdministrative": "992000000", "researchAndDevelopment": "None", "operatingExpenses": "1048000000", "investmentIncomeNet": "None", "netInterestIncome": "-517000000", "interestIncome": "350000000", "interestExpense": "598000000", "nonInterestIncome": "None", "otherNonOperatingIncome": "124000000", "depreciation": "None", "depreciationAndAmortization": "1976000000", "incomeBeforeTax": "-1722000000", "incomeTaxExpense": "-458000000", "interestAndDebtExpense": "None", "netIncomeFromContinuingOperations": "-2180000000", "comprehensiveIncomeNetOfTax": "None", "ebit": "-1124000000", "ebitda": "852000000", "netIncome": "-1274000000"}, {"fiscalDateEnding": "2020-12-31", "reportedCurrency": "USD", "grossProfit": "2501000000", "totalRevenue": "11062000000", "costOfRevenue": "8561000000", "costofGoodsAndServicesSold": "8561000000", "operatingIncome": "1482000000", "sellingGeneralAndAdministrative": "992000000", "researchAndDevelopment": "None", "operatingExpenses": "1019000000", "investmentIncomeNet": "None", "netInterestIncome": "-490000000", "interestIncome": "2000000", "interestExpense": "296000000", "nonInterestIncome": "None", "otherNonOperatingIncome": "-4000000", "depreciation": "None", "depreciationAndAmortization": "1977000000", "incomeBeforeTax": "890000000", "incomeTaxExpense": "266000000", "interestAndDebtExpense": "None", "netIncomeFromContinuingOperations": "1156000000", "comprehensiveIncomeNetOfTax": "None", "ebit": "1186000000", "ebitda": "3163000000", "netIncome": "636000000"}, {"fiscalDateEnding": "2019-12-31", "reportedCurrency": "USD", "grossProfit": "2559000000", "totalRevenue": "11502000000", "costOfRevenue": "8943000000", "costofGoodsAndServicesSold": "8943000000", "operatingIncome": "1659000000", "sellingGeneralAndAdministrative": "855000000", "researchAndDevelopment": "None", "operatingExpenses": "900000000", "investmentIncomeNet": "None", "netInterestIncome": "-588000000", "interestIncome": "767000000", "interestExpense": "381000000", "nonInterestIncome": "None", "otherNonOperatingIncome": "57000000", "depreciation": "None", "depreciationAndAmortization": "1811000000", "incomeBeforeTax": "1216000000", "incomeTaxExpense": "290000000", "interestAndDebtExpense": "None", "netIncomeFromContinuingOperations": "926000000", "comprehensiveIncomeNetOfTax": "None", "ebit": "1597000000", "ebitda": "3408000000", "netIncome": "928000000"}, {"fiscalDateEnding": "2018-12-31", "reportedCurrency": "USD", "grossProfit": "2811000000", "totalRevenue": "9144000000", "costOfRevenue": "6333000000", "costofGoodsAndServicesSold": "6333000000", "operatingIncome": "491000000", "sellingGeneralAndAdministrative": "880000000", "researchAndDevelopment": "None", "operatingExpenses": "2320000000", "investmentIncomeNet": "None", "netInterestIncome": "-522000000", "interestIncome": "495000000", "interestExpense": "525000000", "nonInterestIncome": "None", "otherNonOperatingIncome": "59000000", "depreciation": "None", "depreciationAndAmortization": "1533000000", "incomeBeforeTax": "-101000000", "incomeTaxExpense": "-45000000", "interestAndDebtExpense": "None", "netIncomeFromContinuingOperations": "-56000000", "comprehensiveIncomeNetOfTax": "None", "ebit": "437000000", "ebitda": "1970000000", "netIncome": "-54000000"}, {"fiscalDateEnding": "2017-12-31", "reportedCurrency": "USD", "grossProfit": "761000000", "totalRevenue": "5380000000", "costOfRevenue": "4619000000", "costofGoodsAndServicesSold": "4619000000", "operatingIncome": "161000000", "sellingGeneralAndAdministrative": "556000000", "researchAndDevelopment": "None", "operatingExpenses": "600000000", "investmentIncomeNet": "None", "netInterestIncome": "-207000000", "interestIncome": "162000000", "interestExpense": "224000000", "nonInterestIncome": "None", "otherNonOperatingIncome": "32000000", "depreciation": "None", "depreciationAndAmortization": "835000000", "incomeBeforeTax": "250000000", "incomeTaxExpense": "504000000", "interestAndDebtExpense": "None", "netIncomeFromContinuingOperations": "-254000000", "comprehensiveIncomeNetOfTax": "None", "ebit": "474000000", "ebitda": "1309000000", "netIncome": "-254000000"}, {"fiscalDateEnding": "2016-12-31", "reportedCurrency": "USD", "grossProfit": "918000000", "totalRevenue": "5258000000", "costOfRevenue": "4340000000", "costofGoodsAndServicesSold": "4340000000", "operatingIncome": "271000000", "sellingGeneralAndAdministrative": "646000000", "researchAndDevelopment": "None", "operatingExpenses": "647000000", "investmentIncomeNet": "None", "netInterestIncome": "-1092000000", "interestIncome": "1103000000", "interestExpense": "1098000000", "nonInterestIncome": "None", "otherNonOperatingIncome": "None", "depreciation": "None", "depreciationAndAmortization": "817000000", "incomeBeforeTax": "21351000000", "incomeTaxExpense": "-1337000000", "interestAndDebtExpense": "None", "netIncomeFromContinuingOperations": "22688000000", "comprehensiveIncomeNetOfTax": "None", "ebit": "22449000000", "ebitda": "23266000000", "netIncome": "22688000000"}, {"fiscalDateEnding": "2015-12-31", "reportedCurrency": "USD", "grossProfit": "992000000", "totalRevenue": "5370000000", "costOfRevenue": "4378000000", "costofGoodsAndServicesSold": "4378000000", "operatingIncome": "316000000", "sellingGeneralAndAdministrative": "632000000", "researchAndDevelopment": "None", "operatingExpenses": "676000000", "investmentIncomeNet": "None", "netInterestIncome": "None", "interestIncome": "1288000000", "interestExpense": "1289000000", "nonInterestIncome": "None", "otherNonOperatingIncome": "None", "depreciation": "None", "depreciationAndAmortization": "995000000", "incomeBeforeTax": "-5556000000", "incomeTaxExpense": "-879000000", "interestAndDebtExpense": "None", "netIncomeFromContinuingOperations": "-4677000000", "comprehensiveIncomeNetOfTax": "None", "ebit": "-4267000000", "ebitda": "-3272000000", "netIncome": "-4677000000"}, {"fiscalDateEnding": "2014-12-31", "reportedCurrency": "USD", "grossProfit": "952000000", "totalRevenue": "5978000000", "costOfRevenue": "5026000000", "costofGoodsAndServicesSold": "5026000000", "operatingIncome": "244000000", "sellingGeneralAndAdministrative": "666000000", "researchAndDevelopment": "None", "operatingExpenses": "708000000", "investmentIncomeNet": "None", "netInterestIncome": "None", "interestIncome": "None", "interestExpense": "1749000000", "nonInterestIncome": "None", "otherNonOperatingIncome": "None", "depreciation": "None", "depreciationAndAmortization": "1440000000", "incomeBeforeTax": "-8549000000", "incomeTaxExpense": "-2320000000", "interestAndDebtExpense": "None", "netIncomeFromContinuingOperations": "-6229000000", "comprehensiveIncomeNetOfTax": "None", "ebit": "-6800000000", "ebitda": "-5360000000", "netIncome": "-6229000000"}, {"fiscalDateEnding": "2013-12-31", "reportedCurrency": "USD", "grossProfit": "837000000", "totalRevenue": "5899000000", "costOfRevenue": "5062000000", "costofGoodsAndServicesSold": "5062000000", "operatingIncome": "81000000", "sellingGeneralAndAdministrative": "None", "researchAndDevelopment": "None", "operatingExpenses": "756000000", "investmentIncomeNet": "None", "netInterestIncome": "None", "interestIncome": "None", "interestExpense": "1916000000", "nonInterestIncome": "None", "otherNonOperatingIncome": "None", "depreciation": "None", "depreciationAndAmortization": "1499000000", "incomeBeforeTax": "-3036000000", "incomeTaxExpense": "-732000000", "interestAndDebtExpense": "None", "netIncomeFromContinuingOperations": "None", "comprehensiveIncomeNetOfTax": "None", "ebit": "-1120000000", "ebitda": "379000000", "netIncome": "-2197000000"}, {"fiscalDateEnding": "2012-12-31", "reportedCurrency": "USD", "grossProfit": "589000000", "totalRevenue": "5636000000", "costOfRevenue": "5047000000", "costofGoodsAndServicesSold": "5047000000", "operatingIncome": "-150000000", "sellingGeneralAndAdministrative": "None", "researchAndDevelopment": "None", "operatingExpenses": "739000000", "investmentIncomeNet": "None", "netInterestIncome": "None", "interestIncome": "None", "interestExpense": "2752000000", "nonInterestIncome": "None", "otherNonOperatingIncome": "None", "depreciation": "None", "depreciationAndAmortization": "1521000000", "incomeBeforeTax": "-3842000000", "incomeTaxExpense": "-894000000", "interestAndDebtExpense": "None", "netIncomeFromContinuingOperations": "None", "comprehensiveIncomeNetOfTax": "None", "ebit": "-1090000000", "ebitda": "431000000", "netIncome": "-2948000000"}, {"fiscalDateEnding": "2011-12-31", "reportedCurrency": "USD", "grossProfit": "1896000000", "totalRevenue": "7040000000", "costOfRevenue": "5144000000", "costofGoodsAndServicesSold": "5144000000", "operatingIncome": "426000000", "sellingGeneralAndAdministrative": "None", "researchAndDevelopment": "None", "operatingExpenses": "None", "investmentIncomeNet": "None", "netInterestIncome": "None", "interestIncome": "None", "interestExpense": "0", "nonInterestIncome": "None", "otherNonOperatingIncome": "None", "depreciation": "None", "depreciationAndAmortization": "None", "incomeBeforeTax": "None", "incomeTaxExpense": "None", "interestAndDebtExpense": "None", "netIncomeFromContinuingOperations": "None", "comprehensiveIncomeNetOfTax": "None", "ebit": "None", "ebitda": "None", "netIncome": "None"}, {"fiscalDateEnding": "2010-12-31", "reportedCurrency": "USD", "grossProfit": "2199000000", "totalRevenue": "8235000000", "costOfRevenue": "6036000000", "costofGoodsAndServicesSold": "6036000000", "operatingIncome": "819000000", "sellingGeneralAndAdministrative": "None", "researchAndDevelopment": "None", "operatingExpenses": "None", "investmentIncomeNet": "None", "netInterestIncome": "None", "interestIncome": "None", "interestExpense": "0", "nonInterestIncome": "None", "otherNonOperatingIncome": "None", "depreciation": "None", "depreciationAndAmortization": "None", "incomeBeforeTax": "None", "incomeTaxExpense": "402000000", "interestAndDebtExpense": "None", "netIncomeFromContinuingOperations": "None", "comprehensiveIncomeNetOfTax": "None", "ebit": "None", "ebitda": "None", "netIncome": "None"}, {"fiscalDateEnding": "2009-12-31", "reportedCurrency": "USD", "grossProfit": "2435000000", "totalRevenue": "7911000000", "costOfRevenue": "5476000000", "costofGoodsAndServicesSold": "5476000000", "operatingIncome": "1263000000", "sellingGeneralAndAdministrative": "None", "researchAndDevelopment": "None", "operatingExpenses": "None", "investmentIncomeNet": "None", "netInterestIncome": "None", "interestIncome": "None", "interestExpense": "0", "nonInterestIncome": "None", "otherNonOperatingIncome": "None", "depreciation": "None", "depreciationAndAmortization": "None", "incomeBeforeTax": "1156000000", "incomeTaxExpense": "447000000", "interestAndDebtExpense": "None", "netIncomeFromContinuingOperations": "None", "comprehensiveIncomeNetOfTax": "None", "ebit": "None", "ebitda": "None", "netIncome": "709000000"}, {"fiscalDateEnding": "2008-12-31", "reportedCurrency": "USD", "grossProfit": "4906000000", "totalRevenue": "9787000000", "costOfRevenue": "4881000000", "costofGoodsAndServicesSold": "4881000000", "operatingIncome": "3814000000", "sellingGeneralAndAdministrative": "None", "researchAndDevelopment": "None", "operatingExpenses": "None", "investmentIncomeNet": "None", "netInterestIncome": "None", "interestIncome": "None", "interestExpense": "0", "nonInterestIncome": "None", "otherNonOperatingIncome": "None", "depreciation": "None", "depreciationAndAmortization": "None", "incomeBeforeTax": "None", "incomeTaxExpense": "None", "interestAndDebtExpense": "None", "netIncomeFromContinuingOperations": "None", "comprehensiveIncomeNetOfTax": "None", "ebit": "None", "ebitda": "None", "netIncome": "None"}, {"fiscalDateEnding": "2007-12-31", "reportedCurrency": "USD", "grossProfit": "1137000000", "totalRevenue": "6509000000", "costOfRevenue": "5372000000", "costofGoodsAndServicesSold": "5372000000", "operatingIncome": "569000000", "sellingGeneralAndAdministrative": "None", "researchAndDevelopment": "None", "operatingExpenses": "None", "investmentIncomeNet": "None", "netInterestIncome": "None", "interestIncome": "None", "interestExpense": "0", "nonInterestIncome": "None", "otherNonOperatingIncome": "None", "depreciation": "None", "depreciationAndAmortization": "None", "incomeBeforeTax": "None", "incomeTaxExpense": "None", "interestAndDebtExpense": "None", "netIncomeFromContinuingOperations": "None", "comprehensiveIncomeNetOfTax": "None", "ebit": "None", "ebitda": "None", "netIncome": "35000000"}, {"fiscalDateEnding": "2006-12-31", "reportedCurrency": "USD", "grossProfit": "4564000000", "totalRevenue": "9757000000", "costOfRevenue": "5193000000", "costofGoodsAndServicesSold": "5193000000", "operatingIncome": "4231000000", "sellingGeneralAndAdministrative": "None", "researchAndDevelopment": "None", "operatingExpenses": "None", "investmentIncomeNet": "None", "netInterestIncome": "None", "interestIncome": "None", "interestExpense": "0", "nonInterestIncome": "None", "otherNonOperatingIncome": "None", "depreciation": "None", "depreciationAndAmortization": "None", "incomeBeforeTax": "3712000000", "incomeTaxExpense": "1277000000", "interestAndDebtExpense": "None", "netIncomeFromContinuingOperations": "None", "comprehensiveIncomeNetOfTax": "None", "ebit": "None", "ebitda": "None", "netIncome": "2435000000"}, {"fiscalDateEnding": "2005-12-31", "reportedCurrency": "USD", "grossProfit": "2704000000", "totalRevenue": "9327000000", "costOfRevenue": "6623000000", "costofGoodsAndServicesSold": "6623000000", "operatingIncome": "2391000000", "sellingGeneralAndAdministrative": "None", "researchAndDevelopment": "None", "operatingExpenses": "None", "investmentIncomeNet": "None", "netInterestIncome": "None", "interestIncome": "None", "interestExpense": "0", "nonInterestIncome": "None", "otherNonOperatingIncome": "None", "depreciation": "None", "depreciationAndAmortization": "None", "incomeBeforeTax": "2117000000", "incomeTaxExpense": "687000000", "interestAndDebtExpense": "None", "netIncomeFromContinuingOperations": "None", "comprehensiveIncomeNetOfTax": "None", "ebit": "None", "ebitda": "None", "netIncome": "1414000000"}], "quarterlyReports": [{"fiscalDateEnding": "2025-09-30", "reportedCurrency": "USD", "grossProfit": "1486000000", "totalRevenue": "4971000000", "costOfRevenue": "3485000000", "costofGoodsAndServicesSold": "3485000000", "operatingIncome": "1042000000", "sellingGeneralAndAdministrative": "444000000", "researchAndDevelopment": "None", "operatingExpenses": "444000000", "investmentIncomeNet": "None", "netInterestIncome": "-272000000", "interestIncome": "4000000", "interestExpense": "286000000", "nonInterestIncome": "None", "otherNonOperatingIncome": "None", "depreciation": "None", "depreciationAndAmortization": "725000000", "incomeBeforeTax": "856000000", "incomeTaxExpense": "204000000", "interestAndDebtExpense": "None", "netIncomeFromContinuingOperations": "652000000", "comprehensiveIncomeNetOfTax": "None", "ebit": "1142000000", "ebitda": "1867000000", "netIncome": "652000000"}, {"fiscalDateEnding": "2025-06-30", "reportedCurrency": "USD", "grossProfit": "934000000", "totalRevenue": "4250000000", "costOfRevenue": "3316000000", "costofGoodsAndServicesSold": "3316000000", "operatingIncome": "515000000", "sellingGeneralAndAdministrative": "419000000", "researchAndDevelopment": "None", "operatingExpenses": "419000000", "investmentIncomeNet": "None", "netInterestIncome": "-273000000", "interestIncome": "4000000", "interestExpense": "303000000", "nonInterestIncome": "None", "otherNonOperatingIncome": "None", "depreciation": "None", "depreciationAndAmortization": "794000000", "incomeBeforeTax": "403000000", "incomeTaxExpense": "76000000", "interestAndDebtExpense": "None", "netIncomeFromContinuingOperations": "327000000", "comprehensiveIncomeNetOfTax": "None", "ebit": "324000000", "ebitda": "1118000000", "netIncome": "327000000"}, {"fiscalDateEnding": "2025-03-31", "reportedCurrency": "USD", "grossProfit": "1540000000", "totalRevenue": "5171000000", "costOfRevenue": "3631000000", "costofGoodsAndServicesSold": "3631000000", "operatingIncome": "1167000000", "sellingGeneralAndAdministrative": "391000000", "researchAndDevelopment": "None", "operatingExpenses": "373000000", "investmentIncomeNet": "None", "netInterestIncome": "-265000000", "interestIncome": "6000000", "interestExpense": "271000000", "nonInterestIncome": "None", "otherNonOperatingIncome": "None", "depreciation": "None", "depreciationAndAmortization": "772000000", "incomeBeforeTax": "-444000000", "incomeTaxExpense": "-176000000", "interestAndDebtExpense": "None", "netIncomeFromContinuingOperations": "-268000000", "comprehensiveIncomeNetOfTax": "None", "ebit": "-173000000", "ebitda": "599000000", "netIncome": "-268000000"}, {"fiscalDateEnding": "2024-12-31", "reportedCurrency": "USD", "grossProfit": "4222000000", "totalRevenue": "7362000000", "costOfRevenue": "3140000000", "costofGoodsAndServicesSold": "3140000000", "operatingIncome": "3811000000", "sellingGeneralAndAdministrative": "464000000", "researchAndDevelopment": "None", "operatingExpenses": "411000000", "investmentIncomeNet": "None", "netInterestIncome": "-221000000", "interestIncome": "15000000", "interestExpense": "371000000", "nonInterestIncome": "None", "otherNonOperatingIncome": "None", "depreciation": "None", "depreciationAndAmortization": "740000000", "incomeBeforeTax": "451000000", "incomeTaxExpense": "-39000000", "interestAndDebtExpense": "None", "netIncomeFromContinuingOperations": "490000000", "comprehensiveIncomeNetOfTax": "None", "ebit": "822000000", "ebitda": "1562000000", "netIncome": "441000000"}, {"fiscalDateEnding": "2024-09-30", "reportedCurrency": "USD", "grossProfit": "2373000000", "totalRevenue": "5534000000", "costOfRevenue": "3161000000", "costofGoodsAndServicesSold": "3161000000", "operatingIncome": "1987000000", "sellingGeneralAndAdministrative": "411000000", "researchAndDevelopment": "None", "operatingExpenses": "386000000", "investmentIncomeNet": "None", "netInterestIncome": "-239000000", "interestIncome": "9000000", "interestExpense": "248000000", "nonInterestIncome": "None", "otherNonOperatingIncome": "None", "depreciation": "None", "depreciationAndAmortization": "714000000", "incomeBeforeTax": "2392000000", "incomeTaxExpense": "555000000", "interestAndDebtExpense": "None", "netIncomeFromContinuingOperations": "1837000000", "comprehensiveIncomeNetOfTax": "None", "ebit": "2640000000", "ebitda": "3354000000", "netIncome": "1888000000"}, {"fiscalDateEnding": "2024-06-30", "reportedCurrency": "USD", "grossProfit": "967000000", "totalRevenue": "3688000000", "costOfRevenue": "2721000000", "costofGoodsAndServicesSold": "2721000000", "operatingIncome": "617000000", "sellingGeneralAndAdministrative": "375000000", "researchAndDevelopment": "None", "operatingExpenses": "350000000", "investmentIncomeNet": "None", "netInterestIncome": "-234000000", "interestIncome": "18000000", "interestExpense": "252000000", "nonInterestIncome": "None", "otherNonOperatingIncome": "None", "depreciation": "None", "depreciationAndAmortization": "623000000", "incomeBeforeTax": "626000000", "incomeTaxExpense": "159000000", "interestAndDebtExpense": "None", "netIncomeFromContinuingOperations": "467000000", "comprehensiveIncomeNetOfTax": "None", "ebit": "878000000", "ebitda": "1501000000", "netIncome": "365000000"}, {"fiscalDateEnding": "2024-03-31", "reportedCurrency": "USD", "grossProfit": "131000000", "totalRevenue": "2793000000", "costOfRevenue": "2662000000", "costofGoodsAndServicesSold": "2662000000", "operatingIncome": "-187000000", "sellingGeneralAndAdministrative": "351000000", "researchAndDevelopment": "None", "operatingExpenses": "318000000", "investmentIncomeNet": "None", "netInterestIncome": "-200000000", "interestIncome": "23000000", "interestExpense": "219000000", "nonInterestIncome": "None", "otherNonOperatingIncome": "None", "depreciation": "None", "depreciationAndAmortization": "555000000", "incomeBeforeTax": "-2000000", "incomeTaxExpense": "-20000000", "interestAndDebtExpense": "None", "netIncomeFromContinuingOperations": "18000000", "comprehensiveIncomeNetOfTax": "None", "ebit": "217000000", "ebitda": "772000000", "netIncome": "-35000000"}, {"fiscalDateEnding": "2023-12-31", "reportedCurrency": "USD", "grossProfit": "880000000", "totalRevenue": "3392000000", "costOfRevenue": "2512000000", "costofGoodsAndServicesSold": "2512000000", "operatingIncome": "536000000", "sellingGeneralAndAdministrative": "355000000", "researchAndDevelopment": "None", "operatingExpenses": "344000000", "investmentIncomeNet": "None", "netInterestIncome": "-148000000", "interestIncome": "44000000", "interestExpense": "234000000", "nonInterestIncome": "None", "otherNonOperatingIncome": "None", "depreciation": "None", "depreciationAndAmortization": "425000000", "incomeBeforeTax": "-146000000", "incomeTaxExpense": "38000000", "interestAndDebtExpense": "None", "netIncomeFromContinuingOperations": "-184000000", "comprehensiveIncomeNetOfTax": "None", "ebit": "88000000", "ebitda": "513000000", "netIncome": "-184000000"}, {"fiscalDateEnding": "2023-09-30", "reportedCurrency": "USD", "grossProfit": "2261000000", "totalRevenue": "5204000000", "costOfRevenue": "2943000000", "costofGoodsAndServicesSold": "2943000000", "operatingIncome": "1926000000", "sellingGeneralAndAdministrative": "357000000", "researchAndDevelopment": "None", "operatingExpenses": "335000000", "investmentIncomeNet": "None", "netInterestIncome": "-143000000", "interestIncome": "102000000", "interestExpense": "186000000", "nonInterestIncome": "None", "otherNonOperatingIncome": "None", "depreciation": "None", "depreciationAndAmortization": "499000000", "incomeBeforeTax": "671000000", "incomeTaxExpense": "169000000", "interestAndDebtExpense": "None", "netIncomeFromContinuingOperations": "502000000", "comprehensiveIncomeNetOfTax": "None", "ebit": "857000000", "ebitda": "1356000000", "netIncome": "502000000"}, {"fiscalDateEnding": "2023-06-30", "reportedCurrency": "USD", "grossProfit": "934000000", "totalRevenue": "3190000000", "costOfRevenue": "2256000000", "costofGoodsAndServicesSold": "2256000000", "operatingIncome": "640000000", "sellingGeneralAndAdministrative": "309000000", "researchAndDevelopment": "None", "operatingExpenses": "294000000", "investmentIncomeNet": "None", "netInterestIncome": "-151000000", "interestIncome": "12000000", "interestExpense": "163000000", "nonInterestIncome": "None", "otherNonOperatingIncome": "122000000", "depreciation": "None", "depreciationAndAmortization": "465000000", "incomeBeforeTax": "599000000", "incomeTaxExpense": "123000000", "interestAndDebtExpense": "None", "netIncomeFromContinuingOperations": "476000000", "comprehensiveIncomeNetOfTax": "None", "ebit": "762000000", "ebitda": "1227000000", "netIncome": "476000000"}, {"fiscalDateEnding": "2023-03-31", "reportedCurrency": "USD", "grossProfit": "1094000000", "totalRevenue": "3756000000", "costOfRevenue": "2662000000", "costofGoodsAndServicesSold": "2662000000", "operatingIncome": "807000000", "sellingGeneralAndAdministrative": "709000000", "researchAndDevelopment": "None", "operatingExpenses": "287000000", "investmentIncomeNet": "None", "netInterestIncome": "-207000000", "interestIncome": "179000000", "interestExpense": "166000000", "nonInterestIncome": "None", "otherNonOperatingIncome": "17000000", "depreciation": "None", "depreciationAndAmortization": "477000000", "incomeBeforeTax": "876000000", "incomeTaxExpense": "178000000", "interestAndDebtExpense": "None", "netIncomeFromContinuingOperations": "698000000", "comprehensiveIncomeNetOfTax": "None", "ebit": "1042000000", "ebitda": "1519000000", "netIncome": "699000000"}, {"fiscalDateEnding": "2022-12-31", "reportedCurrency": "USD", "grossProfit": "-138000000", "totalRevenue": "4313000000", "costOfRevenue": "4451000000", "costofGoodsAndServicesSold": "4451000000", "operatingIncome": "-438000000", "sellingGeneralAndAdministrative": "248000000", "researchAndDevelopment": "None", "operatingExpenses": "300000000", "investmentIncomeNet": "None", "netInterestIncome": "-156000000", "interestIncome": "182000000", "interestExpense": "405000000", "nonInterestIncome": "None", "otherNonOperatingIncome": "45000000", "depreciation": "None", "depreciationAndAmortization": "482000000", "incomeBeforeTax": "-336000000", "incomeTaxExpense": "-88000000", "interestAndDebtExpense": "None", "netIncomeFromContinuingOperations": "-947000000", "comprehensiveIncomeNetOfTax": "None", "ebit": "69000000", "ebitda": "551000000", "netIncome": "-246000000"}, {"fiscalDateEnding": "2022-09-30", "reportedCurrency": "USD", "grossProfit": "2006000000", "totalRevenue": "5804000000", "costOfRevenue": "3798000000", "costofGoodsAndServicesSold": "3798000000", "operatingIncome": "1681000000", "sellingGeneralAndAdministrative": "723000000", "researchAndDevelopment": "None", "operatingExpenses": "325000000", "investmentIncomeNet": "None", "netInterestIncome": "-160000000", "interestIncome": "63000000", "interestExpense": "162000000", "nonInterestIncome": "None", "otherNonOperatingIncome": "5000000", "depreciation": "None", "depreciationAndAmortization": "497000000", "incomeBeforeTax": "914000000", "incomeTaxExpense": "236000000", "interestAndDebtExpense": "None", "netIncomeFromContinuingOperations": "678000000", "comprehensiveIncomeNetOfTax": "None", "ebit": "1076000000", "ebitda": "1573000000", "netIncome": "668000000"}, {"fiscalDateEnding": "2022-06-30", "reportedCurrency": "USD", "grossProfit": "528000000", "totalRevenue": "3768000000", "costOfRevenue": "3240000000", "costofGoodsAndServicesSold": "3240000000", "operatingIncome": "251000000", "sellingGeneralAndAdministrative": "715000000", "researchAndDevelopment": "None", "operatingExpenses": "277000000", "investmentIncomeNet": "None", "netInterestIncome": "-152000000", "interestIncome": "2000000", "interestExpense": "154000000", "nonInterestIncome": "None", "otherNonOperatingIncome": "62000000", "depreciation": "None", "depreciationAndAmortization": "512000000", "incomeBeforeTax": "-1764000000", "incomeTaxExpense": "-407000000", "interestAndDebtExpense": "None", "netIncomeFromContinuingOperations": "-1357000000", "comprehensiveIncomeNetOfTax": "None", "ebit": "-1610000000", "ebitda": "-1098000000", "netIncome": "-1365000000"}, {"fiscalDateEnding": "2022-03-31", "reportedCurrency": "USD", "grossProfit": "735000000", "totalRevenue": "3952000000", "costOfRevenue": "3217000000", "costofGoodsAndServicesSold": "3217000000", "operatingIncome": "430000000", "sellingGeneralAndAdministrative": "704000000", "researchAndDevelopment": "None", "operatingExpenses": "305000000", "investmentIncomeNet": "None", "netInterestIncome": "-133000000", "interestIncome": "0", "interestExpense": "133000000", "nonInterestIncome": "None", "otherNonOperatingIncome": "1000000", "depreciation": "None", "depreciationAndAmortization": "542000000", "incomeBeforeTax": "-375000000", "incomeTaxExpense": "-91000000", "interestAndDebtExpense": "None", "netIncomeFromContinuingOperations": "-284000000", "comprehensiveIncomeNetOfTax": "None", "ebit": "-242000000", "ebitda": "300000000", "netIncome": "-285000000"}, {"fiscalDateEnding": "2021-12-31", "reportedCurrency": "USD", "grossProfit": "1083000000", "totalRevenue": "3496000000", "costOfRevenue": "2413000000", "costofGoodsAndServicesSold": "2413000000", "operatingIncome": "823000000", "sellingGeneralAndAdministrative": "221000000", "researchAndDevelopment": "None", "operatingExpenses": "260000000", "investmentIncomeNet": "None", "netInterestIncome": "-138000000", "interestIncome": "86000000", "interestExpense": "219000000", "nonInterestIncome": "None", "otherNonOperatingIncome": "29000000", "depreciation": "None", "depreciationAndAmortization": "488000000", "incomeBeforeTax": "841000000", "incomeTaxExpense": "111000000", "interestAndDebtExpense": "None", "netIncomeFromContinuingOperations": "-185000000", "comprehensiveIncomeNetOfTax": "None", "ebit": "1060000000", "ebitda": "1548000000", "netIncome": "726000000"}, {"fiscalDateEnding": "2021-09-30", "reportedCurrency": "USD", "grossProfit": "974000000", "totalRevenue": "3910000000", "costOfRevenue": "2936000000", "costofGoodsAndServicesSold": "2936000000", "operatingIncome": "703000000", "sellingGeneralAndAdministrative": "641000000", "researchAndDevelopment": "None", "operatingExpenses": "271000000", "investmentIncomeNet": "None", "netInterestIncome": "-137000000", "interestIncome": "116000000", "interestExpense": "137000000", "nonInterestIncome": "None", "otherNonOperatingIncome": "11000000", "depreciation": "None", "depreciationAndAmortization": "559000000", "incomeBeforeTax": "41000000", "incomeTaxExpense": "31000000", "interestAndDebtExpense": "None", "netIncomeFromContinuingOperations": "10000000", "comprehensiveIncomeNetOfTax": "None", "ebit": "178000000", "ebitda": "737000000", "netIncome": "7000000"}, {"fiscalDateEnding": "2021-06-30", "reportedCurrency": "USD", "grossProfit": "461000000", "totalRevenue": "2748000000", "costOfRevenue": "2287000000", "costofGoodsAndServicesSold": "2287000000", "operatingIncome": "210000000", "sellingGeneralAndAdministrative": "252000000", "researchAndDevelopment": "None", "operatingExpenses": "251000000", "investmentIncomeNet": "None", "netInterestIncome": "-117000000", "interestIncome": "126000000", "interestExpense": "125000000", "nonInterestIncome": "None", "otherNonOperatingIncome": "34000000", "depreciation": "None", "depreciationAndAmortization": "464000000", "incomeBeforeTax": "-80000000", "incomeTaxExpense": "-115000000", "interestAndDebtExpense": "None", "netIncomeFromContinuingOperations": "35000000", "comprehensiveIncomeNetOfTax": "None", "ebit": "45000000", "ebitda": "509000000", "netIncome": "36000000"}, {"fiscalDateEnding": "2021-03-31", "reportedCurrency": "USD", "grossProfit": "-2458000000", "totalRevenue": "3121000000", "costOfRevenue": "5579000000", "costofGoodsAndServicesSold": "5579000000", "operatingIncome": "-2723000000", "sellingGeneralAndAdministrative": "622000000", "researchAndDevelopment": "None", "operatingExpenses": "265000000", "investmentIncomeNet": "None", "netInterestIncome": "-117000000", "interestIncome": "21000000", "interestExpense": "117000000", "nonInterestIncome": "None", "otherNonOperatingIncome": "50000000", "depreciation": "None", "depreciationAndAmortization": "511000000", "incomeBeforeTax": "-2525000000", "incomeTaxExpense": "-485000000", "interestAndDebtExpense": "None", "netIncomeFromContinuingOperations": "-2040000000", "comprehensiveIncomeNetOfTax": "None", "ebit": "-2408000000", "ebitda": "-1897000000", "netIncome": "-2043000000"}, {"fiscalDateEnding": "2020-12-31", "reportedCurrency": "USD", "grossProfit": "317000000", "totalRevenue": "2537000000", "costOfRevenue": "2220000000", "costofGoodsAndServicesSold": "2220000000", "operatingIncome": "36000000", "sellingGeneralAndAdministrative": "237000000", "researchAndDevelopment": "None", "operatingExpenses": "281000000", "investmentIncomeNet": "None", "netInterestIncome": "-114000000", "interestIncome": "1000000", "interestExpense": "115000000", "nonInterestIncome": "None", "otherNonOperatingIncome": "7000000", "depreciation": "None", "depreciationAndAmortization": "520000000", "incomeBeforeTax": "-44000000", "incomeTaxExpense": "-17000000", "interestAndDebtExpense": "None", "netIncomeFromContinuingOperations": "505000000", "comprehensiveIncomeNetOfTax": "None", "ebit": "71000000", "ebitda": "591000000", "netIncome": "-29000000"}, {"fiscalDateEnding": "2020-09-30", "reportedCurrency": "USD", "grossProfit": "1051000000", "totalRevenue": "3401000000", "costOfRevenue": "2350000000", "costofGoodsAndServicesSold": "2350000000", "operatingIncome": "781000000", "sellingGeneralAndAdministrative": "268000000", "researchAndDevelopment": "None", "operatingExpenses": "270000000", "investmentIncomeNet": "None", "netInterestIncome": "-118000000", "interestIncome": "102000000", "interestExpense": "118000000", "nonInterestIncome": "None", "otherNonOperatingIncome": "8000000", "depreciation": "None", "depreciationAndAmortization": "472000000", "incomeBeforeTax": "641000000", "incomeTaxExpense": "199000000", "interestAndDebtExpense": "None", "netIncomeFromContinuingOperations": "442000000", "comprehensiveIncomeNetOfTax": "None", "ebit": "759000000", "ebitda": "1231000000", "netIncome": "443000000"}, {"fiscalDateEnding": "2020-06-30", "reportedCurrency": "USD", "grossProfit": "559000000", "totalRevenue": "2515000000", "costOfRevenue": "1956000000", "costofGoodsAndServicesSold": "1956000000", "operatingIncome": "323000000", "sellingGeneralAndAdministrative": "236000000", "researchAndDevelopment": "None", "operatingExpenses": "236000000", "investmentIncomeNet": "None", "netInterestIncome": "-125000000", "interestIncome": "136000000", "interestExpense": "126000000", "nonInterestIncome": "None", "otherNonOperatingIncome": "2000000", "depreciation": "None", "depreciationAndAmortization": "512000000", "incomeBeforeTax": "232000000", "incomeTaxExpense": "68000000", "interestAndDebtExpense": "None", "netIncomeFromContinuingOperations": "164000000", "comprehensiveIncomeNetOfTax": "None", "ebit": "358000000", "ebitda": "870000000", "netIncome": "166000000"}, {"fiscalDateEnding": "2020-03-31", "reportedCurrency": "USD", "grossProfit": "576000000", "totalRevenue": "2609000000", "costOfRevenue": "2033000000", "costofGoodsAndServicesSold": "2033000000", "operatingIncome": "343000000", "sellingGeneralAndAdministrative": "252000000", "researchAndDevelopment": "None", "operatingExpenses": "233000000", "investmentIncomeNet": "None", "netInterestIncome": "-133000000", "interestIncome": "299000000", "interestExpense": "134000000", "nonInterestIncome": "None", "otherNonOperatingIncome": "-21000000", "depreciation": "None", "depreciationAndAmortization": "473000000", "incomeBeforeTax": "62000000", "incomeTaxExpense": "17000000", "interestAndDebtExpense": "None", "netIncomeFromContinuingOperations": "45000000", "comprehensiveIncomeNetOfTax": "None", "ebit": "196000000", "ebitda": "669000000", "netIncome": "56000000"}, {"fiscalDateEnding": "2019-12-31", "reportedCurrency": "USD", "grossProfit": "567000000", "totalRevenue": "2828000000", "costOfRevenue": "2261000000", "costofGoodsAndServicesSold": "2261000000", "operatingIncome": "298000000", "sellingGeneralAndAdministrative": "218000000", "researchAndDevelopment": "None", "operatingExpenses": "269000000", "investmentIncomeNet": "None", "netInterestIncome": "-140000000", "interestIncome": "76000000", "interestExpense": "181000000", "nonInterestIncome": "None", "otherNonOperatingIncome": "None", "depreciation": "None", "depreciationAndAmortization": "468000000", "incomeBeforeTax": "254000000", "incomeTaxExpense": "20000000", "interestAndDebtExpense": "None", "netIncomeFromContinuingOperations": "234000000", "comprehensiveIncomeNetOfTax": "None", "ebit": "435000000", "ebitda": "903000000", "netIncome": "234000000"}, {"fiscalDateEnding": "2019-09-30", "reportedCurrency": "USD", "grossProfit": "1162000000", "totalRevenue": "3668000000", "costOfRevenue": "2506000000", "costofGoodsAndServicesSold": "2506000000", "operatingIncome": "918000000", "sellingGeneralAndAdministrative": "246000000", "researchAndDevelopment": "None", "operatingExpenses": "244000000", "investmentIncomeNet": "None", "netInterestIncome": "-148000000", "interestIncome": "213000000", "interestExpense": "76000000", "nonInterestIncome": "None", "otherNonOperatingIncome": "5000000", "depreciation": "None", "depreciationAndAmortization": "491000000", "incomeBeforeTax": "159000000", "incomeTaxExpense": "45000000", "interestAndDebtExpense": "None", "netIncomeFromContinuingOperations": "114000000", "comprehensiveIncomeNetOfTax": "None", "ebit": "235000000", "ebitda": "726000000", "netIncome": "113000000"}, {"fiscalDateEnding": "2019-06-30", "reportedCurrency": "USD", "grossProfit": "414000000", "totalRevenue": "2297000000", "costOfRevenue": "1883000000", "costofGoodsAndServicesSold": "1883000000", "operatingIncome": "204000000", "sellingGeneralAndAdministrative": "210000000", "researchAndDevelopment": "None", "operatingExpenses": "210000000", "investmentIncomeNet": "None", "netInterestIncome": "-155000000", "interestIncome": "264000000", "interestExpense": "50000000", "nonInterestIncome": "None", "otherNonOperatingIncome": "14000000", "depreciation": "None", "depreciationAndAmortization": "425000000", "incomeBeforeTax": "502000000", "incomeTaxExpense": "148000000", "interestAndDebtExpense": "None", "netIncomeFromContinuingOperations": "354000000", "comprehensiveIncomeNetOfTax": "None", "ebit": "552000000", "ebitda": "977000000", "netIncome": "356000000"}, {"fiscalDateEnding": "2019-03-31", "reportedCurrency": "USD", "grossProfit": "418000000", "totalRevenue": "2711000000", "costOfRevenue": "2293000000", "costofGoodsAndServicesSold": "2293000000", "operatingIncome": "236000000", "sellingGeneralAndAdministrative": "182000000", "researchAndDevelopment": "None", "operatingExpenses": "182000000", "investmentIncomeNet": "None", "netInterestIncome": "-145000000", "interestIncome": "214000000", "interestExpense": "75000000", "nonInterestIncome": "None", "otherNonOperatingIncome": "30000000", "depreciation": "None", "depreciationAndAmortization": "461000000", "incomeBeforeTax": "301000000", "incomeTaxExpense": "77000000", "interestAndDebtExpense": "None", "netIncomeFromContinuingOperations": "224000000", "comprehensiveIncomeNetOfTax": "None", "ebit": "376000000", "ebitda": "837000000", "netIncome": "225000000"}, {"fiscalDateEnding": "2018-12-31", "reportedCurrency": "USD", "grossProfit": "432000000", "totalRevenue": "2777000000", "costOfRevenue": "2345000000", "costofGoodsAndServicesSold": "2345000000", "operatingIncome": "220000000", "sellingGeneralAndAdministrative": "169000000", "researchAndDevelopment": "0", "operatingExpenses": "212000000", "investmentIncomeNet": "None", "netInterestIncome": "None", "interestIncome": "None", "interestExpense": "31000000", "nonInterestIncome": "None", "otherNonOperatingIncome": "None", "depreciation": "None", "depreciationAndAmortization": "468000000", "incomeBeforeTax": "-262000000", "incomeTaxExpense": "-76000000", "interestAndDebtExpense": "None", "netIncomeFromContinuingOperations": "-186000000", "comprehensiveIncomeNetOfTax": "None", "ebit": "-231000000", "ebitda": "237000000", "netIncome": "-186000000"}, {"fiscalDateEnding": "2018-09-30", "reportedCurrency": "USD", "grossProfit": "1129000000", "totalRevenue": "3543000000", "costOfRevenue": "2414000000", "costofGoodsAndServicesSold": "2414000000", "operatingIncome": "935000000", "sellingGeneralAndAdministrative": "194000000", "researchAndDevelopment": "0", "operatingExpenses": "194000000", "investmentIncomeNet": "None", "netInterestIncome": "None", "interestIncome": "None", "interestExpense": "203000000", "nonInterestIncome": "None", "otherNonOperatingIncome": "12000000", "depreciation": "None", "depreciationAndAmortization": "451000000", "incomeBeforeTax": "525000000", "incomeTaxExpense": "194000000", "interestAndDebtExpense": "None", "netIncomeFromContinuingOperations": "719000000", "comprehensiveIncomeNetOfTax": "None", "ebit": "728000000", "ebitda": "1179000000", "netIncome": "330000000"}, {"fiscalDateEnding": "2018-06-30", "reportedCurrency": "USD", "grossProfit": "501000000", "totalRevenue": "2528000000", "costOfRevenue": "2027000000", "costofGoodsAndServicesSold": "2027000000", "operatingIncome": "149000000", "sellingGeneralAndAdministrative": "352000000", "researchAndDevelopment": "0", "operatingExpenses": "352000000", "investmentIncomeNet": "None", "netInterestIncome": "None", "interestIncome": "None", "interestExpense": "171000000", "nonInterestIncome": "None", "otherNonOperatingIncome": "10000000", "depreciation": "None", "depreciationAndAmortization": "439000000", "incomeBeforeTax": "31000000", "incomeTaxExpense": "-74000000", "interestAndDebtExpense": "None", "netIncomeFromContinuingOperations": "105000000", "comprehensiveIncomeNetOfTax": "None", "ebit": "202000000", "ebitda": "641000000", "netIncome": "108000000"}, {"fiscalDateEnding": "2018-03-31", "reportedCurrency": "USD", "grossProfit": "215000000", "totalRevenue": "1211000000", "costOfRevenue": "996000000", "costofGoodsAndServicesSold": "996000000", "operatingIncome": "53000000", "sellingGeneralAndAdministrative": "162000000", "researchAndDevelopment": "0", "operatingExpenses": "162000000", "investmentIncomeNet": "None", "netInterestIncome": "None", "interestIncome": "None", "interestExpense": "50000000", "nonInterestIncome": "None", "otherNonOperatingIncome": "8000000", "depreciation": "None", "depreciationAndAmortization": "180000000", "incomeBeforeTax": "-395000000", "incomeTaxExpense": "-89000000", "interestAndDebtExpense": "None", "netIncomeFromContinuingOperations": "-306000000", "comprehensiveIncomeNetOfTax": "None", "ebit": "-345000000", "ebitda": "-165000000", "netIncome": "-306000000"}, {"fiscalDateEnding": "2017-12-31", "reportedCurrency": "USD", "grossProfit": "5000000", "totalRevenue": "1219000000", "costOfRevenue": "1214000000", "costofGoodsAndServicesSold": "1214000000", "operatingIncome": "-161000000", "sellingGeneralAndAdministrative": "122000000", "researchAndDevelopment": "0", "operatingExpenses": "166000000", "investmentIncomeNet": "None", "netInterestIncome": "None", "interestIncome": "None", "interestExpense": "82000000", "nonInterestIncome": "None", "otherNonOperatingIncome": "None", "depreciation": "None", "depreciationAndAmortization": "214000000", "incomeBeforeTax": "-359000000", "incomeTaxExpense": "220000000", "interestAndDebtExpense": "None", "netIncomeFromContinuingOperations": "-657000000", "comprehensiveIncomeNetOfTax": "None", "ebit": "-277000000", "ebitda": "-63000000", "netIncome": "-579000000"}, {"fiscalDateEnding": "2017-09-30", "reportedCurrency": "USD", "grossProfit": "424000000", "totalRevenue": "1667000000", "costOfRevenue": "1243000000", "costofGoodsAndServicesSold": "1243000000", "operatingIncome": "277000000", "sellingGeneralAndAdministrative": "147000000", "researchAndDevelopment": "0", "operatingExpenses": "147000000", "investmentIncomeNet": "None", "netInterestIncome": "None", "interestIncome": "None", "interestExpense": "52000000", "nonInterestIncome": "None", "otherNonOperatingIncome": "10000000", "depreciation": "None", "depreciationAndAmortization": "184000000", "incomeBeforeTax": "524000000", "incomeTaxExpense": "251000000", "interestAndDebtExpense": "None", "netIncomeFromContinuingOperations": "273000000", "comprehensiveIncomeNetOfTax": "None", "ebit": "576000000", "ebitda": "760000000", "netIncome": "273000000"}, {"fiscalDateEnding": "2017-06-30", "reportedCurrency": "USD", "grossProfit": "209000000", "totalRevenue": "1304000000", "costOfRevenue": "1095000000", "costofGoodsAndServicesSold": "1095000000", "operatingIncome": "62000000", "sellingGeneralAndAdministrative": "147000000", "researchAndDevelopment": "0", "operatingExpenses": "147000000", "investmentIncomeNet": "None", "netInterestIncome": "None", "interestIncome": "None", "interestExpense": "54000000", "nonInterestIncome": "None", "otherNonOperatingIncome": "-18000000", "depreciation": "None", "depreciationAndAmortization": "211000000", "incomeBeforeTax": "-34000000", "incomeTaxExpense": "-8000000", "interestAndDebtExpense": "None", "netIncomeFromContinuingOperations": "-26000000", "comprehensiveIncomeNetOfTax": "None", "ebit": "20000000", "ebitda": "231000000", "netIncome": "-26000000"}, {"fiscalDateEnding": "2017-03-31", "reportedCurrency": "USD", "grossProfit": "120000000", "totalRevenue": "1184000000", "costOfRevenue": "1064000000", "costofGoodsAndServicesSold": "1064000000", "operatingIncome": "-15000000", "sellingGeneralAndAdministrative": "349000000", "researchAndDevelopment": "0", "operatingExpenses": "135000000", "investmentIncomeNet": "None", "netInterestIncome": "None", "interestIncome": "None", "interestExpense": "54000000", "nonInterestIncome": "None", "otherNonOperatingIncome": "-12000000", "depreciation": "None", "depreciationAndAmortization": "226000000", "incomeBeforeTax": "119000000", "incomeTaxExpense": "41000000", "interestAndDebtExpense": "None", "netIncomeFromContinuingOperations": "78000000", "comprehensiveIncomeNetOfTax": "None", "ebit": "173000000", "ebitda": "399000000", "netIncome": "78000000"}, {"fiscalDateEnding": "2016-12-31", "reportedCurrency": "USD", "grossProfit": "118000000", "totalRevenue": "1285000000", "costOfRevenue": "1167000000", "costofGoodsAndServicesSold": "1167000000", "operatingIncome": "-90000000", "sellingGeneralAndAdministrative": "164000000", "researchAndDevelopment": "0", "operatingExpenses": "208000000", "investmentIncomeNet": "None", "netInterestIncome": "None", "interestIncome": "None", "interestExpense": "49000000", "nonInterestIncome": "None", "otherNonOperatingIncome": "None", "depreciation": "None", "depreciationAndAmortization": "285000000", "incomeBeforeTax": "-233000000", "incomeTaxExpense": "-70000000", "interestAndDebtExpense": "None", "netIncomeFromContinuingOperations": "22688000000", "comprehensiveIncomeNetOfTax": "None", "ebit": "-184000000", "ebitda": "101000000", "netIncome": "-163000000"}, {"fiscalDateEnding": "2016-09-30", "reportedCurrency": "USD", "grossProfit": "469000000", "totalRevenue": "1690000000", "costOfRevenue": "1221000000", "costofGoodsAndServicesSold": "1221000000", "operatingIncome": "304000000", "sellingGeneralAndAdministrative": "0", "researchAndDevelopment": "0", "operatingExpenses": "165000000", "investmentIncomeNet": "None", "netInterestIncome": "None", "interestIncome": "None", "interestExpense": "371000000", "nonInterestIncome": "None", "otherNonOperatingIncome": "None", "depreciation": "None", "depreciationAndAmortization": "183000000", "incomeBeforeTax": "184000000", "incomeTaxExpense": "-3000000", "interestAndDebtExpense": "None", "netIncomeFromContinuingOperations": "0", "comprehensiveIncomeNetOfTax": "None", "ebit": "555000000", "ebitda": "738000000", "netIncome": "187000000"}, {"fiscalDateEnding": "2016-06-30", "reportedCurrency": "USD", "grossProfit": "324000000", "totalRevenue": "1233000000", "costOfRevenue": "909000000", "costofGoodsAndServicesSold": "909000000", "operatingIncome": "-112000000", "sellingGeneralAndAdministrative": "0", "researchAndDevelopment": "0", "operatingExpenses": "318000000", "investmentIncomeNet": "None", "netInterestIncome": "None", "interestIncome": "None", "interestExpense": "343000000", "nonInterestIncome": "None", "otherNonOperatingIncome": "None", "depreciation": "None", "depreciationAndAmortization": "182000000", "incomeBeforeTax": "-500000000", "incomeTaxExpense": "-1000000", "interestAndDebtExpense": "None", "netIncomeFromContinuingOperations": "0", "comprehensiveIncomeNetOfTax": "None", "ebit": "-157000000", "ebitda": "25000000", "netIncome": "-499000000"}, {"fiscalDateEnding": "2016-03-31", "reportedCurrency": "USD", "grossProfit": "276000000", "totalRevenue": "1049000000", "costOfRevenue": "773000000", "costofGoodsAndServicesSold": "773000000", "operatingIncome": "39000000", "sellingGeneralAndAdministrative": "0", "researchAndDevelopment": "0", "operatingExpenses": "301000000", "investmentIncomeNet": "None", "netInterestIncome": "None", "interestIncome": "None", "interestExpense": "335000000", "nonInterestIncome": "None", "otherNonOperatingIncome": "None", "depreciation": "None", "depreciationAndAmortization": "167000000", "incomeBeforeTax": "-337000000", "incomeTaxExpense": "6000000", "interestAndDebtExpense": "None", "netIncomeFromContinuingOperations": "0", "comprehensiveIncomeNetOfTax": "None", "ebit": "24000000", "ebitda": "191000000", "netIncome": "-343000000"}, {"fiscalDateEnding": "2015-12-31", "reportedCurrency": "USD", "grossProfit": "267000000", "totalRevenue": "1105000000", "costOfRevenue": "838000000", "costofGoodsAndServicesSold": "838000000", "operatingIncome": "-4765000000", "sellingGeneralAndAdministrative": "137000000", "researchAndDevelopment": "0", "operatingExpenses": "399000000", "investmentIncomeNet": "None", "netInterestIncome": "None", "interestIncome": "None", "interestExpense": "322000000", "nonInterestIncome": "None", "otherNonOperatingIncome": "None", "depreciation": "None", "depreciationAndAmortization": "247000000", "incomeBeforeTax": "-1673000000", "incomeTaxExpense": "-63000000", "interestAndDebtExpense": "None", "netIncomeFromContinuingOperations": "-4677000000", "comprehensiveIncomeNetOfTax": "None", "ebit": "-1351000000", "ebitda": "-1104000000", "netIncome": "-1610000000"}, {"fiscalDateEnding": "2015-09-30", "reportedCurrency": "USD", "grossProfit": "717000000", "totalRevenue": "1737000000", "costOfRevenue": "1020000000", "costofGoodsAndServicesSold": "1020000000", "operatingIncome": "447000000", "sellingGeneralAndAdministrative": "0", "researchAndDevelopment": "0", "operatingExpenses": "373000000", "investmentIncomeNet": "None", "netInterestIncome": "None", "interestIncome": "None", "interestExpense": "325000000", "nonInterestIncome": "None", "otherNonOperatingIncome": "None", "depreciation": "None", "depreciationAndAmortization": "200000000", "incomeBeforeTax": "-1933000000", "incomeTaxExpense": "-416000000", "interestAndDebtExpense": "None", "netIncomeFromContinuingOperations": "0", "comprehensiveIncomeNetOfTax": "None", "ebit": "346000000", "ebitda": "546000000", "netIncome": "-1517000000"}, {"fiscalDateEnding": "2015-06-30", "reportedCurrency": "USD", "grossProfit": "393000000", "totalRevenue": "1256000000", "costOfRevenue": "863000000", "costofGoodsAndServicesSold": "863000000", "operatingIncome": "33000000", "sellingGeneralAndAdministrative": "0", "researchAndDevelopment": "0", "operatingExpenses": "394000000", "investmentIncomeNet": "None", "netInterestIncome": "None", "interestIncome": "None", "interestExpense": "321000000", "nonInterestIncome": "None", "otherNonOperatingIncome": "None", "depreciation": "None", "depreciationAndAmortization": "256000000", "incomeBeforeTax": "-321000000", "incomeTaxExpense": "-107000000", "interestAndDebtExpense": "None", "netIncomeFromContinuingOperations": "0", "comprehensiveIncomeNetOfTax": "None", "ebit": "33000000", "ebitda": "289000000", "netIncome": "-214000000"}, {"fiscalDateEnding": "2015-03-31", "reportedCurrency": "USD", "grossProfit": "466000000", "totalRevenue": "1272000000", "costOfRevenue": "806000000", "costofGoodsAndServicesSold": "806000000", "operatingIncome": "193000000", "sellingGeneralAndAdministrative": "0", "researchAndDevelopment": "0", "operatingExpenses": "1779000000", "investmentIncomeNet": "None", "netInterestIncome": "None", "interestIncome": "None", "interestExpense": "315000000", "nonInterestIncome": "None", "otherNonOperatingIncome": "None", "depreciation": "None", "depreciationAndAmortization": "251000000", "incomeBeforeTax": "-1628000000", "incomeTaxExpense": "-292000000", "interestAndDebtExpense": "None", "netIncomeFromContinuingOperations": "0", "comprehensiveIncomeNetOfTax": "None", "ebit": "193000000", "ebitda": "444000000", "netIncome": "-1336000000"}, {"fiscalDateEnding": "2014-12-31", "reportedCurrency": "USD", "grossProfit": "407000000", "totalRevenue": "1247000000", "costOfRevenue": "840000000", "costofGoodsAndServicesSold": "840000000", "operatingIncome": "68000000", "sellingGeneralAndAdministrative": "708000000", "researchAndDevelopment": "0", "operatingExpenses": "6899000000", "investmentIncomeNet": "None", "netInterestIncome": "None", "interestIncome": "None", "interestExpense": "323000000", "nonInterestIncome": "None", "otherNonOperatingIncome": "None", "depreciation": "None", "depreciationAndAmortization": "338000000", "incomeBeforeTax": "-6815000000", "incomeTaxExpense": "-1748000000", "interestAndDebtExpense": "None", "netIncomeFromContinuingOperations": "-6229000000", "comprehensiveIncomeNetOfTax": "None", "ebit": "68000000", "ebitda": "406000000", "netIncome": "-5067000000"}, {"fiscalDateEnding": "2014-09-30", "reportedCurrency": "USD", "grossProfit": "735000000", "totalRevenue": "1807000000", "costOfRevenue": "1072000000", "costofGoodsAndServicesSold": "1072000000", "operatingIncome": "320000000", "sellingGeneralAndAdministrative": "0", "researchAndDevelopment": "0", "operatingExpenses": "469000000", "investmentIncomeNet": "None", "netInterestIncome": "None", "interestIncome": "None", "interestExpense": "322000000", "nonInterestIncome": "None", "otherNonOperatingIncome": "None", "depreciation": "None", "depreciationAndAmortization": "379000000", "incomeBeforeTax": "-58000000", "incomeTaxExpense": "-21000000", "interestAndDebtExpense": "None", "netIncomeFromContinuingOperations": "0", "comprehensiveIncomeNetOfTax": "None", "ebit": "320000000", "ebitda": "699000000", "netIncome": "-37000000"}, {"fiscalDateEnding": "2014-06-30", "reportedCurrency": "USD", "grossProfit": "508000000", "totalRevenue": "1406000000", "costOfRevenue": "898000000", "costofGoodsAndServicesSold": "898000000", "operatingIncome": "37000000", "sellingGeneralAndAdministrative": "0", "researchAndDevelopment": "0", "operatingExpenses": "915000000", "investmentIncomeNet": "None", "netInterestIncome": "None", "interestIncome": "None", "interestExpense": "442000000", "nonInterestIncome": "None", "otherNonOperatingIncome": "None", "depreciation": "None", "depreciationAndAmortization": "375000000", "incomeBeforeTax": "-851000000", "incomeTaxExpense": "-268000000", "interestAndDebtExpense": "None", "netIncomeFromContinuingOperations": "0", "comprehensiveIncomeNetOfTax": "None", "ebit": "37000000", "ebitda": "412000000", "netIncome": "-583000000"}, {"fiscalDateEnding": "2014-03-31", "reportedCurrency": "USD", "grossProfit": "571000000", "totalRevenue": "1517000000", "costOfRevenue": "946000000", "costofGoodsAndServicesSold": "946000000", "operatingIncome": "-170000000", "sellingGeneralAndAdministrative": "0", "researchAndDevelopment": "0", "operatingExpenses": "737000000", "investmentIncomeNet": "None", "netInterestIncome": "None", "interestIncome": "None", "interestExpense": "662000000", "nonInterestIncome": "None", "otherNonOperatingIncome": "None", "depreciation": "None", "depreciationAndAmortization": "373000000", "incomeBeforeTax": "-826000000", "incomeTaxExpense": "-283000000", "interestAndDebtExpense": "None", "netIncomeFromContinuingOperations": "0", "comprehensiveIncomeNetOfTax": "None", "ebit": "-170000000", "ebitda": "203000000", "netIncome": "-543000000"}, {"fiscalDateEnding": "2013-12-31", "reportedCurrency": "USD", "grossProfit": "458000000", "totalRevenue": "1327000000", "costOfRevenue": "869000000", "costofGoodsAndServicesSold": "869000000", "operatingIncome": "-149000000", "sellingGeneralAndAdministrative": "0", "researchAndDevelopment": "0", "operatingExpenses": "1755000000", "investmentIncomeNet": "None", "netInterestIncome": "None", "interestIncome": "None", "interestExpense": "592000000", "nonInterestIncome": "None", "otherNonOperatingIncome": "None", "depreciation": "None", "depreciationAndAmortization": "366000000", "incomeBeforeTax": "-1889000000", "incomeTaxExpense": "264000000", "interestAndDebtExpense": "None", "netIncomeFromContinuingOperations": "0", "comprehensiveIncomeNetOfTax": "None", "ebit": "-149000000", "ebitda": "217000000", "netIncome": "-1518000000"}, {"fiscalDateEnding": "2013-09-30", "reportedCurrency": "USD", "grossProfit": "852000000", "totalRevenue": "1893000000", "costOfRevenue": "1041000000", "costofGoodsAndServicesSold": "1041000000", "operatingIncome": "386000000", "sellingGeneralAndAdministrative": "0", "researchAndDevelopment": "0", "operatingExpenses": "473000000", "investmentIncomeNet": "None", "netInterestIncome": "None", "interestIncome": "None", "interestExpense": "335000000", "nonInterestIncome": "None", "otherNonOperatingIncome": "None", "depreciation": "None", "depreciationAndAmortization": "388000000", "incomeBeforeTax": "44000000", "incomeTaxExpense": "-16000000", "interestAndDebtExpense": "None", "netIncomeFromContinuingOperations": "0", "comprehensiveIncomeNetOfTax": "None", "ebit": "386000000", "ebitda": "774000000", "netIncome": "60000000"}, {"fiscalDateEnding": "2013-06-30", "reportedCurrency": "USD", "grossProfit": "466000000", "totalRevenue": "1419000000", "costOfRevenue": "953000000", "costofGoodsAndServicesSold": "953000000", "operatingIncome": "112000000", "sellingGeneralAndAdministrative": "0", "researchAndDevelopment": "0", "operatingExpenses": "352000000", "investmentIncomeNet": "None", "netInterestIncome": "None", "interestIncome": "None", "interestExpense": "403000000", "nonInterestIncome": "None", "otherNonOperatingIncome": "None", "depreciation": "None", "depreciationAndAmortization": "383000000", "incomeBeforeTax": "-289000000", "incomeTaxExpense": "-74000000", "interestAndDebtExpense": "None", "netIncomeFromContinuingOperations": "0", "comprehensiveIncomeNetOfTax": "None", "ebit": "112000000", "ebitda": "495000000", "netIncome": "-215000000"}, {"fiscalDateEnding": "2013-03-31", "reportedCurrency": "USD", "grossProfit": "395000000", "totalRevenue": "1260000000", "costOfRevenue": "865000000", "costofGoodsAndServicesSold": "865000000", "operatingIncome": "-321000000", "sellingGeneralAndAdministrative": "0", "researchAndDevelopment": "0", "operatingExpenses": "715000000", "investmentIncomeNet": "None", "netInterestIncome": "None", "interestIncome": "None", "interestExpense": "586000000", "nonInterestIncome": "None", "otherNonOperatingIncome": "None", "depreciation": "None", "depreciationAndAmortization": "395000000", "incomeBeforeTax": "-902000000", "incomeTaxExpense": "-378000000", "interestAndDebtExpense": "None", "netIncomeFromContinuingOperations": "0", "comprehensiveIncomeNetOfTax": "None", "ebit": "-321000000", "ebitda": "74000000", "netIncome": "-524000000"}, {"fiscalDateEnding": "2012-12-31", "reportedCurrency": "USD", "grossProfit": "363000000", "totalRevenue": "1278000000", "costOfRevenue": "915000000", "costofGoodsAndServicesSold": "915000000", "operatingIncome": "-28000000", "sellingGeneralAndAdministrative": "0", "researchAndDevelopment": "0", "operatingExpenses": "1741000000", "investmentIncomeNet": "None", "netInterestIncome": "None", "interestIncome": "None", "interestExpense": "552000000", "nonInterestIncome": "None", "otherNonOperatingIncome": "None", "depreciation": "None", "depreciationAndAmortization": "394000000", "incomeBeforeTax": "-1920000000", "incomeTaxExpense": "-224000000", "interestAndDebtExpense": "None", "netIncomeFromContinuingOperations": "0", "comprehensiveIncomeNetOfTax": "None", "ebit": "-28000000", "ebitda": "366000000", "netIncome": "-1696000000"}, {"fiscalDateEnding": "2012-09-30", "reportedCurrency": "USD", "grossProfit": "701000000", "totalRevenue": "1752000000", "costOfRevenue": "1051000000", "costofGoodsAndServicesSold": "1051000000", "operatingIncome": "177000000", "sellingGeneralAndAdministrative": "0", "researchAndDevelopment": "0", "operatingExpenses": "552000000", "investmentIncomeNet": "None", "netInterestIncome": "None", "interestIncome": "None", "interestExpense": "747000000", "nonInterestIncome": "None", "otherNonOperatingIncome": "None", "depreciation": "None", "depreciationAndAmortization": "385000000", "incomeBeforeTax": "-590000000", "incomeTaxExpense": "-221000000", "interestAndDebtExpense": "None", "netIncomeFromContinuingOperations": "0", "comprehensiveIncomeNetOfTax": "None", "ebit": "177000000", "ebitda": "562000000", "netIncome": "-369000000"}, {"fiscalDateEnding": "2012-06-30", "reportedCurrency": "USD", "grossProfit": "0", "totalRevenue": "1385000000", "costOfRevenue": "1075000000", "costofGoodsAndServicesSold": "1075000000", "operatingIncome": "0", "sellingGeneralAndAdministrative": "0", "researchAndDevelopment": "0", "operatingExpenses": "0", "investmentIncomeNet": "None", "netInterestIncome": "None", "interestIncome": "None", "interestExpense": "831000000", "nonInterestIncome": "None", "otherNonOperatingIncome": "None", "depreciation": "None", "depreciationAndAmortization": "None", "incomeBeforeTax": "0", "incomeTaxExpense": "0", "interestAndDebtExpense": "None", "netIncomeFromContinuingOperations": "0", "comprehensiveIncomeNetOfTax": "None", "ebit": "0", "ebitda": "None", "netIncome": "0"}, {"fiscalDateEnding": "2012-03-31", "reportedCurrency": "USD", "grossProfit": "0", "totalRevenue": "1222000000", "costOfRevenue": "1009000000", "costofGoodsAndServicesSold": "1009000000", "operatingIncome": "0", "sellingGeneralAndAdministrative": "0", "researchAndDevelopment": "0", "operatingExpenses": "0", "investmentIncomeNet": "None", "netInterestIncome": "None", "interestIncome": "None", "interestExpense": "622000000", "nonInterestIncome": "None", "otherNonOperatingIncome": "None", "depreciation": "None", "depreciationAndAmortization": "None", "incomeBeforeTax": "0", "incomeTaxExpense": "0", "interestAndDebtExpense": "None", "netIncomeFromContinuingOperations": "0", "comprehensiveIncomeNetOfTax": "None", "ebit": "0", "ebitda": "None", "netIncome": "0"}, {"fiscalDateEnding": "2011-12-31", "reportedCurrency": "USD", "grossProfit": "1896000000", "totalRevenue": "1368000000", "costOfRevenue": "1155000000", "costofGoodsAndServicesSold": "1155000000", "operatingIncome": "-44000000", "sellingGeneralAndAdministrative": "0", "researchAndDevelopment": "0", "operatingExpenses": "0", "investmentIncomeNet": "None", "netInterestIncome": "None", "interestIncome": "None", "interestExpense": "679000000", "nonInterestIncome": "None", "otherNonOperatingIncome": "None", "depreciation": "None", "depreciationAndAmortization": "None", "incomeBeforeTax": "0", "incomeTaxExpense": "0", "interestAndDebtExpense": "None", "netIncomeFromContinuingOperations": "0", "comprehensiveIncomeNetOfTax": "None", "ebit": "0", "ebitda": "None", "netIncome": "0"}, {"fiscalDateEnding": "2011-09-30", "reportedCurrency": "USD", "grossProfit": "0", "totalRevenue": "2321000000", "costOfRevenue": "1480000000", "costofGoodsAndServicesSold": "1480000000", "operatingIncome": "470000000", "sellingGeneralAndAdministrative": "0", "researchAndDevelopment": "0", "operatingExpenses": "0", "investmentIncomeNet": "None", "netInterestIncome": "None", "interestIncome": "None", "interestExpense": "1369000000", "nonInterestIncome": "None", "otherNonOperatingIncome": "None", "depreciation": "None", "depreciationAndAmortization": "None", "incomeBeforeTax": "0", "incomeTaxExpense": "0", "interestAndDebtExpense": "None", "netIncomeFromContinuingOperations": "0", "comprehensiveIncomeNetOfTax": "None", "ebit": "0", "ebitda": "None", "netIncome": "0"}, {"fiscalDateEnding": "2011-06-30", "reportedCurrency": "USD", "grossProfit": "0", "totalRevenue": "1679000000", "costOfRevenue": "1280000000", "costofGoodsAndServicesSold": "1280000000", "operatingIncome": "35000000", "sellingGeneralAndAdministrative": "0", "researchAndDevelopment": "0", "operatingExpenses": "0", "investmentIncomeNet": "None", "netInterestIncome": "None", "interestIncome": "None", "interestExpense": "1152000000", "nonInterestIncome": "None", "otherNonOperatingIncome": "None", "depreciation": "None", "depreciationAndAmortization": "None", "incomeBeforeTax": "0", "incomeTaxExpense": "0", "interestAndDebtExpense": "None", "netIncomeFromContinuingOperations": "0", "comprehensiveIncomeNetOfTax": "None", "ebit": "0", "ebitda": "None", "netIncome": "0"}, {"fiscalDateEnding": "2011-03-31", "reportedCurrency": "USD", "grossProfit": "0", "totalRevenue": "1672000000", "costOfRevenue": "1229000000", "costofGoodsAndServicesSold": "1229000000", "operatingIncome": "81000000", "sellingGeneralAndAdministrative": "0", "researchAndDevelopment": "0", "operatingExpenses": "0", "investmentIncomeNet": "None", "netInterestIncome": "None", "interestIncome": "None", "interestExpense": "499000000", "nonInterestIncome": "None", "otherNonOperatingIncome": "None", "depreciation": "None", "depreciationAndAmortization": "None", "incomeBeforeTax": "0", "incomeTaxExpense": "0", "interestAndDebtExpense": "None", "netIncomeFromContinuingOperations": "0", "comprehensiveIncomeNetOfTax": "None", "ebit": "0", "ebitda": "None", "netIncome": "0"}, {"fiscalDateEnding": "2010-12-31", "reportedCurrency": "USD", "grossProfit": "2199000000", "totalRevenue": "1636000000", "costOfRevenue": "1274000000", "costofGoodsAndServicesSold": "1274000000", "operatingIncome": "9000000", "sellingGeneralAndAdministrative": "0", "researchAndDevelopment": "0", "operatingExpenses": "0", "investmentIncomeNet": "None", "netInterestIncome": "None", "interestIncome": "None", "interestExpense": "321000000", "nonInterestIncome": "None", "otherNonOperatingIncome": "None", "depreciation": "None", "depreciationAndAmortization": "None", "incomeBeforeTax": "405000000", "incomeTaxExpense": "142000000", "interestAndDebtExpense": "None", "netIncomeFromContinuingOperations": "0", "comprehensiveIncomeNetOfTax": "None", "ebit": "0", "ebitda": "None", "netIncome": "263000000"}, {"fiscalDateEnding": "2010-09-30", "reportedCurrency": "USD", "grossProfit": "0", "totalRevenue": "2607000000", "costOfRevenue": "1804000000", "costofGoodsAndServicesSold": "1804000000", "operatingIncome": "458000000", "sellingGeneralAndAdministrative": "0", "researchAndDevelopment": "0", "operatingExpenses": "0", "investmentIncomeNet": "None", "netInterestIncome": "None", "interestIncome": "None", "interestExpense": "852000000", "nonInterestIncome": "None", "otherNonOperatingIncome": "None", "depreciation": "None", "depreciationAndAmortization": "None", "incomeBeforeTax": "0", "incomeTaxExpense": "214000000", "interestAndDebtExpense": "None", "netIncomeFromContinuingOperations": "0", "comprehensiveIncomeNetOfTax": "None", "ebit": "0", "ebitda": "None", "netIncome": "0"}, {"fiscalDateEnding": "2010-06-30", "reportedCurrency": "USD", "grossProfit": "0", "totalRevenue": "1993000000", "costOfRevenue": "1509000000", "costofGoodsAndServicesSold": "1509000000", "operatingIncome": "139000000", "sellingGeneralAndAdministrative": "0", "researchAndDevelopment": "0", "operatingExpenses": "0", "investmentIncomeNet": "None", "netInterestIncome": "None", "interestIncome": "None", "interestExpense": "915000000", "nonInterestIncome": "None", "otherNonOperatingIncome": "None", "depreciation": "None", "depreciationAndAmortization": "None", "incomeBeforeTax": "-708000000", "incomeTaxExpense": "-258000000", "interestAndDebtExpense": "None", "netIncomeFromContinuingOperations": "0", "comprehensiveIncomeNetOfTax": "None", "ebit": "0", "ebitda": "None", "netIncome": "-449000000"}, {"fiscalDateEnding": "2010-03-31", "reportedCurrency": "USD", "grossProfit": "0", "totalRevenue": "1999000000", "costOfRevenue": "1449000000", "costofGoodsAndServicesSold": "1449000000", "operatingIncome": "213000000", "sellingGeneralAndAdministrative": "0", "researchAndDevelopment": "0", "operatingExpenses": "0", "investmentIncomeNet": "None", "netInterestIncome": "None", "interestIncome": "None", "interestExpense": "749000000", "nonInterestIncome": "None", "otherNonOperatingIncome": "None", "depreciation": "None", "depreciationAndAmortization": "None", "incomeBeforeTax": "708000000", "incomeTaxExpense": "258000000", "interestAndDebtExpense": "None", "netIncomeFromContinuingOperations": "0", "comprehensiveIncomeNetOfTax": "None", "ebit": "0", "ebitda": "None", "netIncome": "449000000"}, {"fiscalDateEnding": "2009-12-31", "reportedCurrency": "USD", "grossProfit": "2435000000", "totalRevenue": "1767000000", "costOfRevenue": "1356000000", "costofGoodsAndServicesSold": "1356000000", "operatingIncome": "101000000", "sellingGeneralAndAdministrative": "0", "researchAndDevelopment": "0", "operatingExpenses": "0", "investmentIncomeNet": "None", "netInterestIncome": "None", "interestIncome": "None", "interestExpense": "502000000", "nonInterestIncome": "None", "otherNonOperatingIncome": "None", "depreciation": "None", "depreciationAndAmortization": "None", "incomeBeforeTax": "333000000", "incomeTaxExpense": "117000000", "interestAndDebtExpense": "None", "netIncomeFromContinuingOperations": "0", "comprehensiveIncomeNetOfTax": "None", "ebit": "0", "ebitda": "None", "netIncome": "216000000"}, {"fiscalDateEnding": "2009-09-30", "reportedCurrency": "USD", "grossProfit": "0", "totalRevenue": "2433000000", "costOfRevenue": "1567000000", "costofGoodsAndServicesSold": "1567000000", "operatingIncome": "563000000", "sellingGeneralAndAdministrative": "0", "researchAndDevelopment": "0", "operatingExpenses": "0", "investmentIncomeNet": "None", "netInterestIncome": "None", "interestIncome": "None", "interestExpense": "770000000", "nonInterestIncome": "None", "otherNonOperatingIncome": "None", "depreciation": "None", "depreciationAndAmortization": "None", "incomeBeforeTax": "-859000000", "incomeTaxExpense": "-341000000", "interestAndDebtExpense": "None", "netIncomeFromContinuingOperations": "0", "comprehensiveIncomeNetOfTax": "None", "ebit": "0", "ebitda": "None", "netIncome": "-518000000"}, {"fiscalDateEnding": "2009-06-30", "reportedCurrency": "USD", "grossProfit": "0", "totalRevenue": "3711000000", "costOfRevenue": "2553000000", "costofGoodsAndServicesSold": "2553000000", "operatingIncome": "599000000", "sellingGeneralAndAdministrative": "0", "researchAndDevelopment": "0", "operatingExpenses": "0", "investmentIncomeNet": "None", "netInterestIncome": "None", "interestIncome": "None", "interestExpense": "561000000", "nonInterestIncome": "None", "otherNonOperatingIncome": "None", "depreciation": "None", "depreciationAndAmortization": "None", "incomeBeforeTax": "859000000", "incomeTaxExpense": "341000000", "interestAndDebtExpense": "None", "netIncomeFromContinuingOperations": "0", "comprehensiveIncomeNetOfTax": "None", "ebit": "0", "ebitda": "None", "netIncome": "518000000"}, {"fiscalDateEnding": "2008-12-31", "reportedCurrency": "USD", "grossProfit": "4906000000", "totalRevenue": "1978000000", "costOfRevenue": "4881000000", "costofGoodsAndServicesSold": "4881000000", "operatingIncome": "2797000000", "sellingGeneralAndAdministrative": "0", "researchAndDevelopment": "0", "operatingExpenses": "0", "investmentIncomeNet": "None", "netInterestIncome": "None", "interestIncome": "None", "interestExpense": "2246000000", "nonInterestIncome": "None", "otherNonOperatingIncome": "None", "depreciation": "None", "depreciationAndAmortization": "None", "incomeBeforeTax": "-5639000000", "incomeTaxExpense": "14000000", "interestAndDebtExpense": "None", "netIncomeFromContinuingOperations": "0", "comprehensiveIncomeNetOfTax": "None", "ebit": "0", "ebitda": "None", "netIncome": "-3629000000"}, {"fiscalDateEnding": "2008-09-30", "reportedCurrency": "USD", "grossProfit": "0", "totalRevenue": "3259000000", "costOfRevenue": "-6763000000", "costofGoodsAndServicesSold": "-6763000000", "operatingIncome": "6728000000", "sellingGeneralAndAdministrative": "0", "researchAndDevelopment": "0", "operatingExpenses": "0", "investmentIncomeNet": "None", "netInterestIncome": "None", "interestIncome": "None", "interestExpense": "654000000", "nonInterestIncome": "None", "otherNonOperatingIncome": "None", "depreciation": "None", "depreciationAndAmortization": "None", "incomeBeforeTax": "5639000000", "incomeTaxExpense": "2010000000", "interestAndDebtExpense": "None", "netIncomeFromContinuingOperations": "0", "comprehensiveIncomeNetOfTax": "None", "ebit": "0", "ebitda": "None", "netIncome": "3629000000"}, {"fiscalDateEnding": "2008-06-30", "reportedCurrency": "USD", "grossProfit": "0", "totalRevenue": "2567000000", "costOfRevenue": "6763000000", "costofGoodsAndServicesSold": "6763000000", "operatingIncome": "0", "sellingGeneralAndAdministrative": "0", "researchAndDevelopment": "0", "operatingExpenses": "0", "investmentIncomeNet": "None", "netInterestIncome": "None", "interestIncome": "None", "interestExpense": "648000000", "nonInterestIncome": "None", "otherNonOperatingIncome": "None", "depreciation": "None", "depreciationAndAmortization": "None", "incomeBeforeTax": "0", "incomeTaxExpense": "0", "interestAndDebtExpense": "None", "netIncomeFromContinuingOperations": "0", "comprehensiveIncomeNetOfTax": "None", "ebit": "0", "ebitda": "None", "netIncome": "0"}, {"fiscalDateEnding": "2008-03-31", "reportedCurrency": "USD", "grossProfit": "0", "totalRevenue": "1983000000", "costOfRevenue": "2967000000", "costofGoodsAndServicesSold": "2967000000", "operatingIncome": "0", "sellingGeneralAndAdministrative": "0", "researchAndDevelopment": "0", "operatingExpenses": "0", "investmentIncomeNet": "None", "netInterestIncome": "None", "interestIncome": "None", "interestExpense": "674000000", "nonInterestIncome": "None", "otherNonOperatingIncome": "None", "depreciation": "None", "depreciationAndAmortization": "None", "incomeBeforeTax": "0", "incomeTaxExpense": "0", "interestAndDebtExpense": "None", "netIncomeFromContinuingOperations": "0", "comprehensiveIncomeNetOfTax": "None", "ebit": "0", "ebitda": "None", "netIncome": "0"}, {"fiscalDateEnding": "2007-12-31", "reportedCurrency": "USD", "grossProfit": "1137000000", "totalRevenue": "1931000000", "costOfRevenue": "2759000000", "costofGoodsAndServicesSold": "2759000000", "operatingIncome": "-885000000", "sellingGeneralAndAdministrative": "0", "researchAndDevelopment": "0", "operatingExpenses": "0", "investmentIncomeNet": "None", "netInterestIncome": "None", "interestIncome": "None", "interestExpense": "662000000", "nonInterestIncome": "None", "otherNonOperatingIncome": "None", "depreciation": "None", "depreciationAndAmortization": "None", "incomeBeforeTax": "-1475000000", "incomeTaxExpense": "-501000000", "interestAndDebtExpense": "None", "netIncomeFromContinuingOperations": "0", "comprehensiveIncomeNetOfTax": "None", "ebit": "0", "ebitda": "None", "netIncome": "-939000000"}, {"fiscalDateEnding": "2007-09-30", "reportedCurrency": "USD", "grossProfit": "0", "totalRevenue": "2572000000", "costOfRevenue": "1034000000", "costofGoodsAndServicesSold": "1034000000", "operatingIncome": "1454000000", "sellingGeneralAndAdministrative": "0", "researchAndDevelopment": "0", "operatingExpenses": "0", "investmentIncomeNet": "None", "netInterestIncome": "None", "interestIncome": "None", "interestExpense": "131000000", "nonInterestIncome": "None", "otherNonOperatingIncome": "None", "depreciation": "None", "depreciationAndAmortization": "None", "incomeBeforeTax": "1475000000", "incomeTaxExpense": "501000000", "interestAndDebtExpense": "None", "netIncomeFromContinuingOperations": "0", "comprehensiveIncomeNetOfTax": "None", "ebit": "0", "ebitda": "None", "netIncome": "974000000"}, {"fiscalDateEnding": "2007-06-30", "reportedCurrency": "USD", "grossProfit": "0", "totalRevenue": "2049000000", "costOfRevenue": "1692000000", "costofGoodsAndServicesSold": "1692000000", "operatingIncome": "275000000", "sellingGeneralAndAdministrative": "0", "researchAndDevelopment": "0", "operatingExpenses": "0", "investmentIncomeNet": "None", "netInterestIncome": "None", "interestIncome": "None", "interestExpense": "122000000", "nonInterestIncome": "None", "otherNonOperatingIncome": "None", "depreciation": "None", "depreciationAndAmortization": "None", "incomeBeforeTax": "242000000", "incomeTaxExpense": "45000000", "interestAndDebtExpense": "None", "netIncomeFromContinuingOperations": "0", "comprehensiveIncomeNetOfTax": "None", "ebit": "0", "ebitda": "None", "netIncome": "197000000"}, {"fiscalDateEnding": "2007-03-31", "reportedCurrency": "USD", "grossProfit": "0", "totalRevenue": "2003000000", "costOfRevenue": "1933000000", "costofGoodsAndServicesSold": "1933000000", "operatingIncome": "0", "sellingGeneralAndAdministrative": "0", "researchAndDevelopment": "0", "operatingExpenses": "0", "investmentIncomeNet": "None", "netInterestIncome": "None", "interestIncome": "None", "interestExpense": "94000000", "nonInterestIncome": "None", "otherNonOperatingIncome": "None", "depreciation": "None", "depreciationAndAmortization": "None", "incomeBeforeTax": "0", "incomeTaxExpense": "0", "interestAndDebtExpense": "None", "netIncomeFromContinuingOperations": "0", "comprehensiveIncomeNetOfTax": "None", "ebit": "0", "ebitda": "None", "netIncome": "9000000"}, {"fiscalDateEnding": "2006-12-31", "reportedCurrency": "USD", "grossProfit": "4564000000", "totalRevenue": "2188000000", "costOfRevenue": "1204000000", "costofGoodsAndServicesSold": "1204000000", "operatingIncome": "902000000", "sellingGeneralAndAdministrative": "0", "researchAndDevelopment": "0", "operatingExpenses": "0", "investmentIncomeNet": "None", "netInterestIncome": "None", "interestIncome": "None", "interestExpense": "82000000", "nonInterestIncome": "None", "otherNonOperatingIncome": "None", "depreciation": "None", "depreciationAndAmortization": "None", "incomeBeforeTax": "743000000", "incomeTaxExpense": "255000000", "interestAndDebtExpense": "None", "netIncomeFromContinuingOperations": "0", "comprehensiveIncomeNetOfTax": "None", "ebit": "0", "ebitda": "None", "netIncome": "488000000"}, {"fiscalDateEnding": "2006-09-30", "reportedCurrency": "USD", "grossProfit": "0", "totalRevenue": "3091000000", "costOfRevenue": "1653000000", "costofGoodsAndServicesSold": "1653000000", "operatingIncome": "1356000000", "sellingGeneralAndAdministrative": "0", "researchAndDevelopment": "0", "operatingExpenses": "0", "investmentIncomeNet": "None", "netInterestIncome": "None", "interestIncome": "None", "interestExpense": "115000000", "nonInterestIncome": "None", "otherNonOperatingIncome": "None", "depreciation": "None", "depreciationAndAmortization": "None", "incomeBeforeTax": "1316000000", "incomeTaxExpense": "432000000", "interestAndDebtExpense": "None", "netIncomeFromContinuingOperations": "0", "comprehensiveIncomeNetOfTax": "None", "ebit": "0", "ebitda": "None", "netIncome": "884000000"}, {"fiscalDateEnding": "2006-06-30", "reportedCurrency": "USD", "grossProfit": "0", "totalRevenue": "2468000000", "costOfRevenue": "1243000000", "costofGoodsAndServicesSold": "1243000000", "operatingIncome": "1140000000", "sellingGeneralAndAdministrative": "0", "researchAndDevelopment": "0", "operatingExpenses": "0", "investmentIncomeNet": "None", "netInterestIncome": "None", "interestIncome": "None", "interestExpense": "109000000", "nonInterestIncome": "None", "otherNonOperatingIncome": "None", "depreciation": "None", "depreciationAndAmortization": "None", "incomeBeforeTax": "880000000", "incomeTaxExpense": "337000000", "interestAndDebtExpense": "None", "netIncomeFromContinuingOperations": "0", "comprehensiveIncomeNetOfTax": "None", "ebit": "0", "ebitda": "None", "netIncome": "543000000"}, {"fiscalDateEnding": "2006-03-31", "reportedCurrency": "USD", "grossProfit": "0", "totalRevenue": "2010000000", "costOfRevenue": "1093000000", "costofGoodsAndServicesSold": "1093000000", "operatingIncome": "833000000", "sellingGeneralAndAdministrative": "0", "researchAndDevelopment": "0", "operatingExpenses": "0", "investmentIncomeNet": "None", "netInterestIncome": "None", "interestIncome": "None", "interestExpense": "105000000", "nonInterestIncome": "None", "otherNonOperatingIncome": "None", "depreciation": "None", "depreciationAndAmortization": "None", "incomeBeforeTax": "773000000", "incomeTaxExpense": "253000000", "interestAndDebtExpense": "None", "netIncomeFromContinuingOperations": "0", "comprehensiveIncomeNetOfTax": "None", "ebit": "0", "ebitda": "None", "netIncome": "520000000"}, {"fiscalDateEnding": "2005-12-31", "reportedCurrency": "USD", "grossProfit": "2704000000", "totalRevenue": "2461000000", "costOfRevenue": "1748000000", "costofGoodsAndServicesSold": "1748000000", "operatingIncome": "634000000", "sellingGeneralAndAdministrative": "0", "researchAndDevelopment": "0", "operatingExpenses": "0", "investmentIncomeNet": "None", "netInterestIncome": "None", "interestIncome": "None", "interestExpense": "109000000", "nonInterestIncome": "None", "otherNonOperatingIncome": "None", "depreciation": "None", "depreciationAndAmortization": "None", "incomeBeforeTax": "595000000", "incomeTaxExpense": "172000000", "interestAndDebtExpense": "None", "netIncomeFromContinuingOperations": "0", "comprehensiveIncomeNetOfTax": "None", "ebit": "0", "ebitda": "None", "netIncome": "413000000"}, {"fiscalDateEnding": "2005-09-30", "reportedCurrency": "USD", "grossProfit": "0", "totalRevenue": "2994000000", "costOfRevenue": "2154000000", "costofGoodsAndServicesSold": "2154000000", "operatingIncome": "762000000", "sellingGeneralAndAdministrative": "0", "researchAndDevelopment": "0", "operatingExpenses": "0", "investmentIncomeNet": "None", "netInterestIncome": "None", "interestIncome": "None", "interestExpense": "106000000", "nonInterestIncome": "None", "otherNonOperatingIncome": "None", "depreciation": "None", "depreciationAndAmortization": "None", "incomeBeforeTax": "696000000", "incomeTaxExpense": "237000000", "interestAndDebtExpense": "None", "netIncomeFromContinuingOperations": "0", "comprehensiveIncomeNetOfTax": "None", "ebit": "0", "ebitda": "None", "netIncome": "457000000"}, {"fiscalDateEnding": "2005-06-30", "reportedCurrency": "USD", "grossProfit": "0", "totalRevenue": "2276000000", "costOfRevenue": "1581000000", "costofGoodsAndServicesSold": "1581000000", "operatingIncome": "618000000", "sellingGeneralAndAdministrative": "0", "researchAndDevelopment": "0", "operatingExpenses": "0", "investmentIncomeNet": "None", "netInterestIncome": "None", "interestIncome": "None", "interestExpense": "96000000", "nonInterestIncome": "None", "otherNonOperatingIncome": "None", "depreciation": "None", "depreciationAndAmortization": "None", "incomeBeforeTax": "530000000", "incomeTaxExpense": "185000000", "interestAndDebtExpense": "None", "netIncomeFromContinuingOperations": "0", "comprehensiveIncomeNetOfTax": "None", "ebit": "0", "ebitda": "None", "netIncome": "344000000"}]}