{"symbol": "ARBEW", "annualReports": [{"fiscalDateEnding": "2024-12-31", "reportedCurrency": "USD", "grossProfit": "-785000", "totalRevenue": "768000", "costOfRevenue": "1553000", "costofGoodsAndServicesSold": "1553000", "operatingIncome": "-49653000", "sellingGeneralAndAdministrative": "8347000", "researchAndDevelopment": "35091000", "operatingExpenses": "48868000", "investmentIncomeNet": "None", "netInterestIncome": "336000", "interestIncome": "336000", "interestExpense": "None", "nonInterestIncome": "None", "otherNonOperatingIncome": "None", "depreciation": "None", "depreciationAndAmortization": "585000", "incomeBeforeTax": "-49317000", "incomeTaxExpense": "None", "interestAndDebtExpense": "None", "netIncomeFromContinuingOperations": "-49317000", "comprehensiveIncomeNetOfTax": "None", "ebit": "-49653000", "ebitda": "-49068000", "netIncome": "-49317000"}, {"fiscalDateEnding": "2023-12-31", "reportedCurrency": "USD", "grossProfit": "-38000", "totalRevenue": "1470000", "costOfRevenue": "1508000", "costofGoodsAndServicesSold": "1508000", "operatingIncome": "-46885000", "sellingGeneralAndAdministrative": "7571000", "researchAndDevelopment": "34082000", "operatingExpenses": "46847000", "investmentIncomeNet": "None", "netInterestIncome": "3385000", "interestIncome": "3385000", "interestExpense": "None", "nonInterestIncome": "None", "otherNonOperatingIncome": "None", "depreciation": "None", "depreciationAndAmortization": "557000", "incomeBeforeTax": "-43500000", "incomeTaxExpense": "389105", "interestAndDebtExpense": "None", "netIncomeFromContinuingOperations": "-43500000", "comprehensiveIncomeNetOfTax": "None", "ebit": "-46885000", "ebitda": "-46328000", "netIncome": "-43500000"}, {"fiscalDateEnding": "2022-12-31", "reportedCurrency": "USD", "grossProfit": "2234000", "totalRevenue": "3517000", "costOfRevenue": "1283000", "costofGoodsAndServicesSold": "1283000", "operatingIncome": "-47731000", "sellingGeneralAndAdministrative": "8613000", "researchAndDevelopment": "36731000", "operatingExpenses": "49965000", "investmentIncomeNet": "None", "netInterestIncome": "7237000", "interestIncome": "7237000", "interestExpense": "7237000", "nonInterestIncome": "None", "otherNonOperatingIncome": "None", "depreciation": "None", "depreciationAndAmortization": "481000", "incomeBeforeTax": "-40494000", "incomeTaxExpense": "-7237000", "interestAndDebtExpense": "None", "netIncomeFromContinuingOperations": "-40494000", "comprehensiveIncomeNetOfTax": "None", "ebit": "-47731000", "ebitda": "-47250000", "netIncome": "-40494000"}, {"fiscalDateEnding": "2021-12-31", "reportedCurrency": "USD", "grossProfit": "809000", "totalRevenue": "2249000", "costOfRevenue": "1440000", "costofGoodsAndServicesSold": "1440000", "operatingIncome": "-33278000", "sellingGeneralAndAdministrative": "3709000", "researchAndDevelopment": "28564000", "operatingExpenses": "34087000", "investmentIncomeNet": "None", "netInterestIncome": "-24814000", "interestIncome": "None", "interestExpense": "24814000", "nonInterestIncome": "None", "otherNonOperatingIncome": "None", "depreciation": "None", "depreciationAndAmortization": "342000", "incomeBeforeTax": "-58092000", "incomeTaxExpense": "24814000", "interestAndDebtExpense": "None", "netIncomeFromContinuingOperations": "-58092000", "comprehensiveIncomeNetOfTax": "None", "ebit": "-33278000", "ebitda": "-32936000", "netIncome": "-58092000"}, {"fiscalDateEnding": "2020-12-31", "reportedCurrency": "USD", "grossProfit": "-8000", "totalRevenue": "332000", "costOfRevenue": "340000", "costofGoodsAndServicesSold": "340000", "operatingIncome": "-14958000", "sellingGeneralAndAdministrative": "1093000", "researchAndDevelopment": "12794000", "operatingExpenses": "14950000", "investmentIncomeNet": "None", "netInterestIncome": "-667000", "interestIncome": "None", "interestExpense": "667000", "nonInterestIncome": "None", "otherNonOperatingIncome": "None", "depreciation": "None", "depreciationAndAmortization": "228000", "incomeBeforeTax": "-15625000", "incomeTaxExpense": "667000", "interestAndDebtExpense": "None", "netIncomeFromContinuingOperations": "-15625000", "comprehensiveIncomeNetOfTax": "None", "ebit": "-14958000", "ebitda": "-14730000", "netIncome": "-15625000"}, {"fiscalDateEnding": "2019-12-31", "reportedCurrency": "USD", "grossProfit": "-237000", "totalRevenue": "0", "costOfRevenue": "237000", "costofGoodsAndServicesSold": "237000", "operatingIncome": "-25132000", "sellingGeneralAndAdministrative": "1187000", "researchAndDevelopment": "22012000", "operatingExpenses": "25132000", "investmentIncomeNet": "None", "netInterestIncome": "-475000", "interestIncome": "None", "interestExpense": "475000", "nonInterestIncome": "None", "otherNonOperatingIncome": "None", "depreciation": "None", "depreciationAndAmortization": "237000", "incomeBeforeTax": "-25607000", "incomeTaxExpense": "475000", "interestAndDebtExpense": "None", "netIncomeFromContinuingOperations": "-25607000", "comprehensiveIncomeNetOfTax": "None", "ebit": "-25132000", "ebitda": "-24895000", "netIncome": "-26082000"}], "quarterlyReports": [{"fiscalDateEnding": "2025-09-30", "reportedCurrency": "USD", "grossProfit": "-243000", "totalRevenue": "254000", "costOfRevenue": "497000", "costofGoodsAndServicesSold": "497000", "operatingIncome": "-11511000", "sellingGeneralAndAdministrative": "3018000", "researchAndDevelopment": "8250000", "operatingExpenses": "11268000", "investmentIncomeNet": "None", "netInterestIncome": "476000", "interestIncome": "None", "interestExpense": "None", "nonInterestIncome": "None", "otherNonOperatingIncome": "None", "depreciation": "None", "depreciationAndAmortization": "137000", "incomeBeforeTax": "-11035000", "incomeTaxExpense": "None", "interestAndDebtExpense": "None", "netIncomeFromContinuingOperations": "-11035000", "comprehensiveIncomeNetOfTax": "None", "ebit": "-11035000", "ebitda": "-10898000", "netIncome": "-11035000"}, {"fiscalDateEnding": "2025-06-30", "reportedCurrency": "USD", "grossProfit": "-185000", "totalRevenue": "274000", "costOfRevenue": "459000", "costofGoodsAndServicesSold": "459000", "operatingIncome": "-11480000", "sellingGeneralAndAdministrative": "1782000", "researchAndDevelopment": "8216000", "operatingExpenses": "11295000", "investmentIncomeNet": "None", "netInterestIncome": "1322000", "interestIncome": "None", "interestExpense": "None", "nonInterestIncome": "None", "otherNonOperatingIncome": "None", "depreciation": "None", "depreciationAndAmortization": "132000", "incomeBeforeTax": "-10158000", "incomeTaxExpense": "None", "interestAndDebtExpense": "None", "netIncomeFromContinuingOperations": "-10158000", "comprehensiveIncomeNetOfTax": "None", "ebit": "-11480000", "ebitda": "-11348000", "netIncome": "-10158000"}, {"fiscalDateEnding": "2025-03-31", "reportedCurrency": "USD", "grossProfit": "-298000", "totalRevenue": "40000", "costOfRevenue": "338000", "costofGoodsAndServicesSold": "338000", "operatingIncome": "-13361000", "sellingGeneralAndAdministrative": "1989000", "researchAndDevelopment": "9693000", "operatingExpenses": "13063000", "investmentIncomeNet": "None", "netInterestIncome": "-457000", "interestIncome": "None", "interestExpense": "457000", "nonInterestIncome": "None", "otherNonOperatingIncome": "None", "depreciation": "None", "depreciationAndAmortization": "135000", "incomeBeforeTax": "-13818000", "incomeTaxExpense": "None", "interestAndDebtExpense": "None", "netIncomeFromContinuingOperations": "-13818000", "comprehensiveIncomeNetOfTax": "None", "ebit": "-13361000", "ebitda": "-13226000", "netIncome": "-13818000"}, {"fiscalDateEnding": "2024-12-31", "reportedCurrency": "USD", "grossProfit": "-209000", "totalRevenue": "99000", "costOfRevenue": "308000", "costofGoodsAndServicesSold": "308000", "operatingIncome": "-12835000", "sellingGeneralAndAdministrative": "2420000", "researchAndDevelopment": "9019000", "operatingExpenses": "12626000", "investmentIncomeNet": "None", "netInterestIncome": "639000", "interestIncome": "None", "interestExpense": "127000", "nonInterestIncome": "None", "otherNonOperatingIncome": "None", "depreciation": "None", "depreciationAndAmortization": "148000", "incomeBeforeTax": "-12196000", "incomeTaxExpense": "None", "interestAndDebtExpense": "None", "netIncomeFromContinuingOperations": "-12196000", "comprehensiveIncomeNetOfTax": "None", "ebit": "-12835000", "ebitda": "-12687000", "netIncome": "-12196000"}, {"fiscalDateEnding": "2024-09-30", "reportedCurrency": "USD", "grossProfit": "-271000", "totalRevenue": "123000", "costOfRevenue": "394000", "costofGoodsAndServicesSold": "394000", "operatingIncome": "-12447000", "sellingGeneralAndAdministrative": "1988000", "researchAndDevelopment": "8762000", "operatingExpenses": "12176000", "investmentIncomeNet": "None", "netInterestIncome": "-127000", "interestIncome": "None", "interestExpense": "None", "nonInterestIncome": "None", "otherNonOperatingIncome": "None", "depreciation": "None", "depreciationAndAmortization": "148000", "incomeBeforeTax": "-12574000", "incomeTaxExpense": "None", "interestAndDebtExpense": "None", "netIncomeFromContinuingOperations": "-12574000", "comprehensiveIncomeNetOfTax": "None", "ebit": "-12447000", "ebitda": "-12299000", "netIncome": "-12574000"}, {"fiscalDateEnding": "2024-06-30", "reportedCurrency": "USD", "grossProfit": "-39000", "totalRevenue": "409000", "costOfRevenue": "448000", "costofGoodsAndServicesSold": "448000", "operatingIncome": "-11614000", "sellingGeneralAndAdministrative": "2296000", "researchAndDevelopment": "7914000", "operatingExpenses": "11575000", "investmentIncomeNet": "None", "netInterestIncome": "-132000", "interestIncome": "None", "interestExpense": "132000", "nonInterestIncome": "None", "otherNonOperatingIncome": "None", "depreciation": "None", "depreciationAndAmortization": "147000", "incomeBeforeTax": "-11746000", "incomeTaxExpense": "None", "interestAndDebtExpense": "None", "netIncomeFromContinuingOperations": "-11746000", "comprehensiveIncomeNetOfTax": "None", "ebit": "-11614000", "ebitda": "-11467000", "netIncome": "-11746000"}, {"fiscalDateEnding": "2024-03-31", "reportedCurrency": "USD", "grossProfit": "-266000", "totalRevenue": "137000", "costOfRevenue": "403000", "costofGoodsAndServicesSold": "403000", "operatingIncome": "-12760000", "sellingGeneralAndAdministrative": "1644000", "researchAndDevelopment": "9397000", "operatingExpenses": "12494000", "investmentIncomeNet": "None", "netInterestIncome": "-45000", "interestIncome": "None", "interestExpense": "45000", "nonInterestIncome": "None", "otherNonOperatingIncome": "None", "depreciation": "None", "depreciationAndAmortization": "142000", "incomeBeforeTax": "-12805000", "incomeTaxExpense": "98724", "interestAndDebtExpense": "None", "netIncomeFromContinuingOperations": "-12805000", "comprehensiveIncomeNetOfTax": "None", "ebit": "-12760000", "ebitda": "-12618000", "netIncome": "-12805000"}, {"fiscalDateEnding": "2023-12-31", "reportedCurrency": "USD", "grossProfit": "-189000", "totalRevenue": "347000", "costOfRevenue": "536000", "costofGoodsAndServicesSold": "536000", "operatingIncome": "-12097000", "sellingGeneralAndAdministrative": "1934000", "researchAndDevelopment": "8446000", "operatingExpenses": "11908000", "investmentIncomeNet": "None", "netInterestIncome": "2812000", "interestIncome": "None", "interestExpense": "45000", "nonInterestIncome": "None", "otherNonOperatingIncome": "None", "depreciation": "None", "depreciationAndAmortization": "142000", "incomeBeforeTax": "-9285000", "incomeTaxExpense": "98188", "interestAndDebtExpense": "None", "netIncomeFromContinuingOperations": "-9285000", "comprehensiveIncomeNetOfTax": "None", "ebit": "-12097000", "ebitda": "-11955000", "netIncome": "-9285000"}, {"fiscalDateEnding": "2023-09-30", "reportedCurrency": "USD", "grossProfit": "115000", "totalRevenue": "479000", "costOfRevenue": "364000", "costofGoodsAndServicesSold": "364000", "operatingIncome": "-11563000", "sellingGeneralAndAdministrative": "1993000", "researchAndDevelopment": "8421000", "operatingExpenses": "11678000", "investmentIncomeNet": "None", "netInterestIncome": "-134000", "interestIncome": "None", "interestExpense": "134000", "nonInterestIncome": "None", "otherNonOperatingIncome": "None", "depreciation": "None", "depreciationAndAmortization": "139000", "incomeBeforeTax": "-11697000", "incomeTaxExpense": "178586", "interestAndDebtExpense": "None", "netIncomeFromContinuingOperations": "-11697000", "comprehensiveIncomeNetOfTax": "None", "ebit": "-11563000", "ebitda": "-11424000", "netIncome": "-11697000"}, {"fiscalDateEnding": "2023-06-30", "reportedCurrency": "USD", "grossProfit": "-3000", "totalRevenue": "289000", "costOfRevenue": "292000", "costofGoodsAndServicesSold": "292000", "operatingIncome": "-12586000", "sellingGeneralAndAdministrative": "2014000", "researchAndDevelopment": "9091000", "operatingExpenses": "12583000", "investmentIncomeNet": "None", "netInterestIncome": "-25000", "interestIncome": "None", "interestExpense": "134000", "nonInterestIncome": "None", "otherNonOperatingIncome": "None", "depreciation": "None", "depreciationAndAmortization": "139000", "incomeBeforeTax": "-12611000", "incomeTaxExpense": "16915", "interestAndDebtExpense": "None", "netIncomeFromContinuingOperations": "-12611000", "comprehensiveIncomeNetOfTax": "None", "ebit": "-12586000", "ebitda": "-12447000", "netIncome": "-12611000"}, {"fiscalDateEnding": "2023-03-31", "reportedCurrency": "USD", "grossProfit": "39000", "totalRevenue": "355000", "costOfRevenue": "316000", "costofGoodsAndServicesSold": "316000", "operatingIncome": "-10639000", "sellingGeneralAndAdministrative": "1630000", "researchAndDevelopment": "8124000", "operatingExpenses": "10678000", "investmentIncomeNet": "None", "netInterestIncome": "732000", "interestIncome": "732000", "interestExpense": "732000", "nonInterestIncome": "None", "otherNonOperatingIncome": "None", "depreciation": "None", "depreciationAndAmortization": "137000", "incomeBeforeTax": "-9907000", "incomeTaxExpense": "-732000", "interestAndDebtExpense": "None", "netIncomeFromContinuingOperations": "-9907000", "comprehensiveIncomeNetOfTax": "None", "ebit": "-10639000", "ebitda": "-10502000", "netIncome": "-9907000"}, {"fiscalDateEnding": "2022-12-31", "reportedCurrency": "USD", "grossProfit": "-68000", "totalRevenue": "149000", "costOfRevenue": "217000", "costofGoodsAndServicesSold": "217000", "operatingIncome": "-14115000", "sellingGeneralAndAdministrative": "2026000", "researchAndDevelopment": "10827000", "operatingExpenses": "14047000", "investmentIncomeNet": "None", "netInterestIncome": "3004000", "interestIncome": "None", "interestExpense": "959000", "nonInterestIncome": "None", "otherNonOperatingIncome": "None", "depreciation": "None", "depreciationAndAmortization": "132000", "incomeBeforeTax": "-11111000", "incomeTaxExpense": "-3004000", "interestAndDebtExpense": "None", "netIncomeFromContinuingOperations": "-11111000", "comprehensiveIncomeNetOfTax": "None", "ebit": "-14115000", "ebitda": "-13983000", "netIncome": "-11111000"}, {"fiscalDateEnding": "2022-09-30", "reportedCurrency": "USD", "grossProfit": "911000", "totalRevenue": "1256000", "costOfRevenue": "345000", "costofGoodsAndServicesSold": "345000", "operatingIncome": "-10892000", "sellingGeneralAndAdministrative": "2169000", "researchAndDevelopment": "8566000", "operatingExpenses": "11803000", "investmentIncomeNet": "None", "netInterestIncome": "959000", "interestIncome": "None", "interestExpense": "959000", "nonInterestIncome": "None", "otherNonOperatingIncome": "None", "depreciation": "None", "depreciationAndAmortization": "132000", "incomeBeforeTax": "-9933000", "incomeTaxExpense": "-959000", "interestAndDebtExpense": "None", "netIncomeFromContinuingOperations": "-9933000", "comprehensiveIncomeNetOfTax": "None", "ebit": "-10892000", "ebitda": "-10760000", "netIncome": "-9933000"}, {"fiscalDateEnding": "2022-06-30", "reportedCurrency": "USD", "grossProfit": "899000", "totalRevenue": "1236000", "costOfRevenue": "337000", "costofGoodsAndServicesSold": "337000", "operatingIncome": "-12085000", "sellingGeneralAndAdministrative": "2273000", "researchAndDevelopment": "9534000", "operatingExpenses": "12984000", "investmentIncomeNet": "None", "netInterestIncome": "492000", "interestIncome": "None", "interestExpense": "492000", "nonInterestIncome": "None", "otherNonOperatingIncome": "None", "depreciation": "None", "depreciationAndAmortization": "111000", "incomeBeforeTax": "-11593000", "incomeTaxExpense": "-492000", "interestAndDebtExpense": "None", "netIncomeFromContinuingOperations": "-11593000", "comprehensiveIncomeNetOfTax": "None", "ebit": "-12085000", "ebitda": "-11974000", "netIncome": "-11593000"}, {"fiscalDateEnding": "2022-03-31", "reportedCurrency": "USD", "grossProfit": "492000", "totalRevenue": "876000", "costOfRevenue": "384000", "costofGoodsAndServicesSold": "384000", "operatingIncome": "-10638000", "sellingGeneralAndAdministrative": "2145000", "researchAndDevelopment": "7803000", "operatingExpenses": "11130000", "investmentIncomeNet": "None", "netInterestIncome": "2782000", "interestIncome": "None", "interestExpense": "2782000", "nonInterestIncome": "None", "otherNonOperatingIncome": "None", "depreciation": "None", "depreciationAndAmortization": "105000", "incomeBeforeTax": "-7856000", "incomeTaxExpense": "-2782000", "interestAndDebtExpense": "None", "netIncomeFromContinuingOperations": "-7856000", "comprehensiveIncomeNetOfTax": "None", "ebit": "-10638000", "ebitda": "-10533000", "netIncome": "-7856000"}, {"fiscalDateEnding": "2021-12-31", "reportedCurrency": "USD", "grossProfit": "196000", "totalRevenue": "520000", "costOfRevenue": "324000", "costofGoodsAndServicesSold": "324000", "operatingIncome": "-13977000", "sellingGeneralAndAdministrative": "1916000", "researchAndDevelopment": "11580000", "operatingExpenses": "14173000", "investmentIncomeNet": "None", "netInterestIncome": "-1870000", "interestIncome": "None", "interestExpense": "1870000", "nonInterestIncome": "None", "otherNonOperatingIncome": "None", "depreciation": "None", "depreciationAndAmortization": "96000", "incomeBeforeTax": "-15847000", "incomeTaxExpense": "1870000", "interestAndDebtExpense": "None", "netIncomeFromContinuingOperations": "-15847000", "comprehensiveIncomeNetOfTax": "None", "ebit": "-13977000", "ebitda": "-13881000", "netIncome": "-15847000"}, {"fiscalDateEnding": "2021-09-30", "reportedCurrency": "USD", "grossProfit": "190000", "totalRevenue": "628000", "costOfRevenue": "438000", "costofGoodsAndServicesSold": "438000", "operatingIncome": "-8306000", "sellingGeneralAndAdministrative": "674000", "researchAndDevelopment": "7432000", "operatingExpenses": "8496000", "investmentIncomeNet": "None", "netInterestIncome": "-4980000", "interestIncome": "None", "interestExpense": "4980000", "nonInterestIncome": "None", "otherNonOperatingIncome": "None", "depreciation": "None", "depreciationAndAmortization": "97000", "incomeBeforeTax": "-13286000", "incomeTaxExpense": "1870000", "interestAndDebtExpense": "None", "netIncomeFromContinuingOperations": "-13286000", "comprehensiveIncomeNetOfTax": "None", "ebit": "-8306000", "ebitda": "-8209000", "netIncome": "-13286000"}, {"fiscalDateEnding": "2021-06-30", "reportedCurrency": "USD", "grossProfit": "166000", "totalRevenue": "521000", "costOfRevenue": "355000", "costofGoodsAndServicesSold": "355000", "operatingIncome": "-6723000", "sellingGeneralAndAdministrative": "597000", "researchAndDevelopment": "5841000", "operatingExpenses": "6889000", "investmentIncomeNet": "None", "netInterestIncome": "-3859000", "interestIncome": "None", "interestExpense": "3859000", "nonInterestIncome": "None", "otherNonOperatingIncome": "None", "depreciation": "None", "depreciationAndAmortization": "96000", "incomeBeforeTax": "-10583000", "incomeTaxExpense": "-2000", "interestAndDebtExpense": "None", "netIncomeFromContinuingOperations": "-10583000", "comprehensiveIncomeNetOfTax": "None", "ebit": "-6724000", "ebitda": "-6628000", "netIncome": "-10582000"}, {"fiscalDateEnding": "2021-03-31", "reportedCurrency": "USD", "grossProfit": "257000", "totalRevenue": "580000", "costOfRevenue": "323000", "costofGoodsAndServicesSold": "323000", "operatingIncome": "-4270000", "sellingGeneralAndAdministrative": "521000", "researchAndDevelopment": "3711000", "operatingExpenses": "4527000", "investmentIncomeNet": "None", "netInterestIncome": "-14106000", "interestIncome": "None", "interestExpense": "14106000", "nonInterestIncome": "None", "otherNonOperatingIncome": "None", "depreciation": "None", "depreciationAndAmortization": "53000", "incomeBeforeTax": "-18376000", "incomeTaxExpense": "None", "interestAndDebtExpense": "None", "netIncomeFromContinuingOperations": "-18376000", "comprehensiveIncomeNetOfTax": "None", "ebit": "-4270000", "ebitda": "-4217000", "netIncome": "-18376000"}, {"fiscalDateEnding": "2020-12-31", "reportedCurrency": "USD", "grossProfit": "81000", "totalRevenue": "194000", "costOfRevenue": "113000", "costofGoodsAndServicesSold": "113000", "operatingIncome": "-3810000", "sellingGeneralAndAdministrative": "301000", "researchAndDevelopment": "3279000", "operatingExpenses": "3891000", "investmentIncomeNet": "None", "netInterestIncome": "None", "interestIncome": "None", "interestExpense": "694000", "nonInterestIncome": "None", "otherNonOperatingIncome": "None", "depreciation": "None", "depreciationAndAmortization": "57000", "incomeBeforeTax": "-4504000", "incomeTaxExpense": "27000", "interestAndDebtExpense": "None", "netIncomeFromContinuingOperations": "None", "comprehensiveIncomeNetOfTax": "None", "ebit": "-3810000", "ebitda": "-3753000", "netIncome": "-4504000"}, {"fiscalDateEnding": "2020-09-30", "reportedCurrency": "USD", "grossProfit": "-90000", "totalRevenue": "0", "costOfRevenue": "90000", "costofGoodsAndServicesSold": "90000", "operatingIncome": "-3457000", "sellingGeneralAndAdministrative": "285000", "researchAndDevelopment": "2890000", "operatingExpenses": "3367000", "investmentIncomeNet": "None", "netInterestIncome": "126000", "interestIncome": "None", "interestExpense": "126000", "nonInterestIncome": "None", "otherNonOperatingIncome": "None", "depreciation": "None", "depreciationAndAmortization": "41000", "incomeBeforeTax": "-3331000", "incomeTaxExpense": "-41000", "interestAndDebtExpense": "None", "netIncomeFromContinuingOperations": "-3331000", "comprehensiveIncomeNetOfTax": "None", "ebit": "-3457000", "ebitda": "-3416000", "netIncome": "-3331000"}, {"fiscalDateEnding": "2020-06-30", "reportedCurrency": "None", "grossProfit": "500", "totalRevenue": "69000", "costOfRevenue": "68500", "costofGoodsAndServicesSold": "68500", "operatingIncome": "-3845500", "sellingGeneralAndAdministrative": "253500", "researchAndDevelopment": "3312500", "operatingExpenses": "3846000", "investmentIncomeNet": "None", "netInterestIncome": "None", "interestIncome": "None", "interestExpense": "None", "nonInterestIncome": "None", "otherNonOperatingIncome": "None", "depreciation": "None", "depreciationAndAmortization": "107000", "incomeBeforeTax": "-3895000", "incomeTaxExpense": "None", "interestAndDebtExpense": "None", "netIncomeFromContinuingOperations": "None", "comprehensiveIncomeNetOfTax": "None", "ebit": "-3845500", "ebitda": "-3738500", "netIncome": "-3895000"}, {"fiscalDateEnding": "2020-03-31", "reportedCurrency": "None", "grossProfit": "500", "totalRevenue": "69000", "costOfRevenue": "68500", "costofGoodsAndServicesSold": "68500", "operatingIncome": "-3845500", "sellingGeneralAndAdministrative": "253500", "researchAndDevelopment": "3312500", "operatingExpenses": "3846000", "investmentIncomeNet": "None", "netInterestIncome": "None", "interestIncome": "None", "interestExpense": "None", "nonInterestIncome": "None", "otherNonOperatingIncome": "None", "depreciation": "None", "depreciationAndAmortization": "107000", "incomeBeforeTax": "-3895000", "incomeTaxExpense": "None", "interestAndDebtExpense": "None", "netIncomeFromContinuingOperations": "None", "comprehensiveIncomeNetOfTax": "None", "ebit": "-3845500", "ebitda": "-3738500", "netIncome": "-3895000"}]}