{"symbol": "BIO", "annualReports": [{"fiscalDateEnding": "2025-12-31", "reportedCurrency": "USD", "grossProfit": "1343600000", "totalRevenue": "2583200000", "costOfRevenue": "1239600000", "costofGoodsAndServicesSold": "1239600000", "operatingIncome": "270500000", "sellingGeneralAndAdministrative": "844300000", "researchAndDevelopment": "256899999", "operatingExpenses": "1077500000", "investmentIncomeNet": "None", "netInterestIncome": "46500000", "interestIncome": "95500000", "interestExpense": "49000000", "nonInterestIncome": "None", "otherNonOperatingIncome": "None", "depreciation": "None", "depreciationAndAmortization": "205400000", "incomeBeforeTax": "995500000", "incomeTaxExpense": "235600000", "interestAndDebtExpense": "None", "netIncomeFromContinuingOperations": "759900000", "comprehensiveIncomeNetOfTax": "None", "ebit": "270500000", "ebitda": "475900000", "netIncome": "759900000"}, {"fiscalDateEnding": "2024-12-31", "reportedCurrency": "USD", "grossProfit": "1378900000", "totalRevenue": "2566500000", "costOfRevenue": "1187600000", "costofGoodsAndServicesSold": "1187600000", "operatingIncome": "269000000", "sellingGeneralAndAdministrative": "814000000", "researchAndDevelopment": "295900000", "operatingExpenses": "1109900000", "investmentIncomeNet": "None", "netInterestIncome": "33100000", "interestIncome": "82000000", "interestExpense": "48900000", "nonInterestIncome": "None", "otherNonOperatingIncome": "None", "depreciation": "None", "depreciationAndAmortization": "151600000", "incomeBeforeTax": "-2342500000", "incomeTaxExpense": "-498300000", "interestAndDebtExpense": "None", "netIncomeFromContinuingOperations": "-1844200000", "comprehensiveIncomeNetOfTax": "None", "ebit": "-2293600000", "ebitda": "-2142000000", "netIncome": "-1844200000"}, {"fiscalDateEnding": "2023-12-31", "reportedCurrency": "USD", "grossProfit": "1426946000", "totalRevenue": "2671262000", "costOfRevenue": "1244316000", "costofGoodsAndServicesSold": "1244316000", "operatingIncome": "337796000", "sellingGeneralAndAdministrative": "846803000", "researchAndDevelopment": "247427000", "operatingExpenses": "1089100000", "investmentIncomeNet": "None", "netInterestIncome": "47639000", "interestIncome": "96400000", "interestExpense": "49439000", "nonInterestIncome": "None", "otherNonOperatingIncome": "None", "depreciation": "None", "depreciationAndAmortization": "145900000", "incomeBeforeTax": "-850104000", "incomeTaxExpense": "-212780000", "interestAndDebtExpense": "None", "netIncomeFromContinuingOperations": "-159298000", "comprehensiveIncomeNetOfTax": "None", "ebit": "-800700000", "ebitda": "-654800000", "netIncome": "-637324000"}, {"fiscalDateEnding": "2022-12-31", "reportedCurrency": "USD", "grossProfit": "1567330000", "totalRevenue": "2802249000", "costOfRevenue": "1234919000", "costofGoodsAndServicesSold": "1234919000", "operatingIncome": "482616000", "sellingGeneralAndAdministrative": "827825000", "researchAndDevelopment": "256889000", "operatingExpenses": "1084714000", "investmentIncomeNet": "None", "netInterestIncome": "19886000", "interestIncome": "58000000", "interestExpense": "38114000", "nonInterestIncome": "None", "otherNonOperatingIncome": "44779000", "depreciation": "None", "depreciationAndAmortization": "177200000", "incomeBeforeTax": "-4704273000", "incomeTaxExpense": "-1076738000", "interestAndDebtExpense": "None", "netIncomeFromContinuingOperations": "-3627535000", "comprehensiveIncomeNetOfTax": "None", "ebit": "-4666159000", "ebitda": "-4488959000", "netIncome": "-3627535000"}, {"fiscalDateEnding": "2021-12-31", "reportedCurrency": "USD", "grossProfit": "1638096000", "totalRevenue": "2922545000", "costOfRevenue": "1284449000", "costofGoodsAndServicesSold": "1284449000", "operatingIncome": "500336000", "sellingGeneralAndAdministrative": "879574000", "researchAndDevelopment": "260638000", "operatingExpenses": "1137760000", "investmentIncomeNet": "None", "netInterestIncome": "-1551000", "interestIncome": "4921944000", "interestExpense": "1551000", "nonInterestIncome": "None", "otherNonOperatingIncome": "24022000", "depreciation": "None", "depreciationAndAmortization": "137600000", "incomeBeforeTax": "5449055000", "incomeTaxExpense": "1194798000", "interestAndDebtExpense": "None", "netIncomeFromContinuingOperations": "4245902000", "comprehensiveIncomeNetOfTax": "None", "ebit": "5450606000", "ebitda": "5588206000", "netIncome": "4254257000"}, {"fiscalDateEnding": "2020-12-31", "reportedCurrency": "USD", "grossProfit": "1437887000", "totalRevenue": "2545626000", "costOfRevenue": "1107739000", "costofGoodsAndServicesSold": "1107739000", "operatingIncome": "421326000", "sellingGeneralAndAdministrative": "800267000", "researchAndDevelopment": "217763000", "operatingExpenses": "1016561000", "investmentIncomeNet": "None", "netInterestIncome": "-21861000", "interestIncome": "4491393000", "interestExpense": "21861000", "nonInterestIncome": "None", "otherNonOperatingIncome": "22717000", "depreciation": "None", "depreciationAndAmortization": "138600000", "incomeBeforeTax": "4918007000", "incomeTaxExpense": "1103778000", "interestAndDebtExpense": "None", "netIncomeFromContinuingOperations": "3806267000", "comprehensiveIncomeNetOfTax": "None", "ebit": "4939868000", "ebitda": "5078468000", "netIncome": "3814229000"}, {"fiscalDateEnding": "2019-12-31", "reportedCurrency": "USD", "grossProfit": "1256996000", "totalRevenue": "2311659000", "costOfRevenue": "1054663000", "costofGoodsAndServicesSold": "1054663000", "operatingIncome": "229661000", "sellingGeneralAndAdministrative": "824625000", "researchAndDevelopment": "202710000", "operatingExpenses": "1027335000", "investmentIncomeNet": "None", "netInterestIncome": "7084000", "interestIncome": "30500000", "interestExpense": "23416000", "nonInterestIncome": "None", "otherNonOperatingIncome": "23849000", "depreciation": "None", "depreciationAndAmortization": "174500000", "incomeBeforeTax": "2261081000", "incomeTaxExpense": "502406000", "interestAndDebtExpense": "None", "netIncomeFromContinuingOperations": "1758675000", "comprehensiveIncomeNetOfTax": "None", "ebit": "2284497000", "ebitda": "2458997000", "netIncome": "1758675000"}, {"fiscalDateEnding": "2018-12-31", "reportedCurrency": "USD", "grossProfit": "1224362000", "totalRevenue": "2290109000", "costOfRevenue": "1065747000", "costofGoodsAndServicesSold": "1065747000", "operatingIncome": "-108641000", "sellingGeneralAndAdministrative": "834783000", "researchAndDevelopment": "199196000", "operatingExpenses": "1032490000", "investmentIncomeNet": "None", "netInterestIncome": "2638000", "interestIncome": "26600000", "interestExpense": "23962000", "nonInterestIncome": "None", "otherNonOperatingIncome": "33732000", "depreciation": "None", "depreciationAndAmortization": "138100000", "incomeBeforeTax": "507359000", "incomeTaxExpense": "146363000", "interestAndDebtExpense": "None", "netIncomeFromContinuingOperations": "365614000", "comprehensiveIncomeNetOfTax": "None", "ebit": "536621000", "ebitda": "674721000", "netIncome": "360996000"}, {"fiscalDateEnding": "2017-12-31", "reportedCurrency": "USD", "grossProfit": "1187399000", "totalRevenue": "2160153000", "costOfRevenue": "972754000", "costofGoodsAndServicesSold": "972754000", "operatingIncome": "116650000", "sellingGeneralAndAdministrative": "808942000", "researchAndDevelopment": "250301000", "operatingExpenses": "1059243000", "investmentIncomeNet": "None", "netInterestIncome": "-2814000", "interestIncome": "19100000", "interestExpense": "23014000", "nonInterestIncome": "None", "otherNonOperatingIncome": "3069000", "depreciation": "None", "depreciationAndAmortization": "148700000", "incomeBeforeTax": "97805000", "incomeTaxExpense": "-16935000", "interestAndDebtExpense": "None", "netIncomeFromContinuingOperations": "122249000", "comprehensiveIncomeNetOfTax": "None", "ebit": "120819000", "ebitda": "269519000", "netIncome": "114740000"}, {"fiscalDateEnding": "2016-12-31", "reportedCurrency": "USD", "grossProfit": "1138087000", "totalRevenue": "2068172000", "costOfRevenue": "930085000", "costofGoodsAndServicesSold": "930085000", "operatingIncome": "53194000", "sellingGeneralAndAdministrative": "816724000", "researchAndDevelopment": "205864000", "operatingExpenses": "1022588000", "investmentIncomeNet": "None", "netInterestIncome": "-7242000", "interestIncome": "14700000", "interestExpense": "23380000", "nonInterestIncome": "None", "otherNonOperatingIncome": "10308000", "depreciation": "None", "depreciationAndAmortization": "142900000", "incomeBeforeTax": "41560000", "incomeTaxExpense": "13435000", "interestAndDebtExpense": "None", "netIncomeFromContinuingOperations": "28125000", "comprehensiveIncomeNetOfTax": "None", "ebit": "63502000", "ebitda": "206402000", "netIncome": "28125000"}, {"fiscalDateEnding": "2015-12-31", "reportedCurrency": "USD", "grossProfit": "1121670000", "totalRevenue": "2019441000", "costOfRevenue": "897771000", "costofGoodsAndServicesSold": "897771000", "operatingIncome": "166708000", "sellingGeneralAndAdministrative": "761990000", "researchAndDevelopment": "192972000", "operatingExpenses": "954962000", "investmentIncomeNet": "None", "netInterestIncome": "None", "interestIncome": "20241000", "interestExpense": "21692000", "nonInterestIncome": "None", "otherNonOperatingIncome": "831000", "depreciation": "None", "depreciationAndAmortization": "131848000", "incomeBeforeTax": "145847000", "incomeTaxExpense": "32754000", "interestAndDebtExpense": "None", "netIncomeFromContinuingOperations": "113093000", "comprehensiveIncomeNetOfTax": "None", "ebit": "167491000", "ebitda": "299339000", "netIncome": "113093000"}, {"fiscalDateEnding": "2014-12-31", "reportedCurrency": "USD", "grossProfit": "1178517000", "totalRevenue": "2175044000", "costOfRevenue": "996527000", "costofGoodsAndServicesSold": "996527000", "operatingIncome": "149984000", "sellingGeneralAndAdministrative": "808200000", "researchAndDevelopment": "220333000", "operatingExpenses": "1028533000", "investmentIncomeNet": "None", "netInterestIncome": "None", "interestIncome": "None", "interestExpense": "22131000", "nonInterestIncome": "None", "otherNonOperatingIncome": "3704000", "depreciation": "None", "depreciationAndAmortization": "149889000", "incomeBeforeTax": "131557000", "incomeTaxExpense": "42712000", "interestAndDebtExpense": "None", "netIncomeFromContinuingOperations": "88845000", "comprehensiveIncomeNetOfTax": "None", "ebit": "153699000", "ebitda": "303588000", "netIncome": "88845000"}, {"fiscalDateEnding": "2013-12-31", "reportedCurrency": "USD", "grossProfit": "1178478000", "totalRevenue": "2132694000", "costOfRevenue": "954216000", "costofGoodsAndServicesSold": "954216000", "operatingIncome": "169456000", "sellingGeneralAndAdministrative": "798070000", "researchAndDevelopment": "210952000", "operatingExpenses": "1009022000", "investmentIncomeNet": "None", "netInterestIncome": "None", "interestIncome": "None", "interestExpense": "61271000", "nonInterestIncome": "None", "otherNonOperatingIncome": "4200000", "depreciation": "None", "depreciationAndAmortization": "147157000", "incomeBeforeTax": "112385000", "incomeTaxExpense": "34574000", "interestAndDebtExpense": "None", "netIncomeFromContinuingOperations": "77811000", "comprehensiveIncomeNetOfTax": "None", "ebit": "158099000", "ebitda": "305256000", "netIncome": "77790000"}, {"fiscalDateEnding": "2012-12-31", "reportedCurrency": "USD", "grossProfit": "1161045000", "totalRevenue": "2069235000", "costOfRevenue": "908190000", "costofGoodsAndServicesSold": "908190000", "operatingIncome": "264107000", "sellingGeneralAndAdministrative": "682898000", "researchAndDevelopment": "214040000", "operatingExpenses": "896938000", "investmentIncomeNet": "None", "netInterestIncome": "None", "interestIncome": "None", "interestExpense": "51112000", "nonInterestIncome": "None", "otherNonOperatingIncome": "16843000", "depreciation": "None", "depreciationAndAmortization": "130424000", "incomeBeforeTax": "231582000", "incomeTaxExpense": "62279000", "interestAndDebtExpense": "None", "netIncomeFromContinuingOperations": "163847000", "comprehensiveIncomeNetOfTax": "None", "ebit": "274019000", "ebitda": "404443000", "netIncome": "169234000"}, {"fiscalDateEnding": "2011-12-31", "reportedCurrency": "USD", "grossProfit": "1177889000", "totalRevenue": "2073529000", "costOfRevenue": "895640000", "costofGoodsAndServicesSold": "895640000", "operatingIncome": "295156000", "sellingGeneralAndAdministrative": "696294000", "researchAndDevelopment": "186439000", "operatingExpenses": "882733000", "investmentIncomeNet": "None", "netInterestIncome": "None", "interestIncome": "None", "interestExpense": "53135000", "nonInterestIncome": "None", "otherNonOperatingIncome": "None", "depreciation": "None", "depreciationAndAmortization": "120956000", "incomeBeforeTax": "235762000", "incomeTaxExpense": "57739000", "interestAndDebtExpense": "None", "netIncomeFromContinuingOperations": "None", "comprehensiveIncomeNetOfTax": "None", "ebit": "288941000", "ebitda": "409897000", "netIncome": "178223000"}, {"fiscalDateEnding": "2010-12-31", "reportedCurrency": "USD", "grossProfit": "1091488000", "totalRevenue": "1927118000", "costOfRevenue": "835630000", "costofGoodsAndServicesSold": "835630000", "operatingIncome": "284009000", "sellingGeneralAndAdministrative": "635213000", "researchAndDevelopment": "172266000", "operatingExpenses": "807479000", "investmentIncomeNet": "None", "netInterestIncome": "None", "interestIncome": "None", "interestExpense": "63717000", "nonInterestIncome": "None", "otherNonOperatingIncome": "3884000", "depreciation": "None", "depreciationAndAmortization": "108911000", "incomeBeforeTax": "220283000", "incomeTaxExpense": "33348000", "interestAndDebtExpense": "None", "netIncomeFromContinuingOperations": "253631000", "comprehensiveIncomeNetOfTax": "None", "ebit": "283989000", "ebitda": "392900000", "netIncome": "185490000"}, {"fiscalDateEnding": "2009-12-31", "reportedCurrency": "USD", "grossProfit": "999843000", "totalRevenue": "1784244000", "costOfRevenue": "784401000", "costofGoodsAndServicesSold": "784401000", "operatingIncome": "230988000", "sellingGeneralAndAdministrative": "601468000", "researchAndDevelopment": "163585000", "operatingExpenses": "765053000", "investmentIncomeNet": "None", "netInterestIncome": "None", "interestIncome": "None", "interestExpense": "47024000", "nonInterestIncome": "None", "otherNonOperatingIncome": "None", "depreciation": "None", "depreciationAndAmortization": "101682000", "incomeBeforeTax": "185832000", "incomeTaxExpense": "36667000", "interestAndDebtExpense": "None", "netIncomeFromContinuingOperations": "None", "comprehensiveIncomeNetOfTax": "None", "ebit": "232874000", "ebitda": "334556000", "netIncome": "144620000"}, {"fiscalDateEnding": "2008-12-31", "reportedCurrency": "USD", "grossProfit": "962522000", "totalRevenue": "1764365000", "costOfRevenue": "801843000", "costofGoodsAndServicesSold": "801843000", "operatingIncome": "182943000", "sellingGeneralAndAdministrative": "591304000", "researchAndDevelopment": "159518000", "operatingExpenses": "808336000", "investmentIncomeNet": "None", "netInterestIncome": "None", "interestIncome": "None", "interestExpense": "32113000", "nonInterestIncome": "None", "otherNonOperatingIncome": "None", "depreciation": "None", "depreciationAndAmortization": "97088000", "incomeBeforeTax": "142843000", "incomeTaxExpense": "44579000", "interestAndDebtExpense": "None", "netIncomeFromContinuingOperations": "None", "comprehensiveIncomeNetOfTax": "None", "ebit": "174968000", "ebitda": "272056000", "netIncome": "89510000"}, {"fiscalDateEnding": "2007-12-31", "reportedCurrency": "USD", "grossProfit": "791362000", "totalRevenue": "1461052000", "costOfRevenue": "669690000", "costofGoodsAndServicesSold": "669690000", "operatingIncome": "135193000", "sellingGeneralAndAdministrative": "507978000", "researchAndDevelopment": "140535000", "operatingExpenses": "648513000", "investmentIncomeNet": "None", "netInterestIncome": "None", "interestIncome": "None", "interestExpense": "31606000", "nonInterestIncome": "None", "otherNonOperatingIncome": "None", "depreciation": "None", "depreciationAndAmortization": "67300000", "incomeBeforeTax": "120843000", "incomeTaxExpense": "26548000", "interestAndDebtExpense": "None", "netIncomeFromContinuingOperations": "None", "comprehensiveIncomeNetOfTax": "None", "ebit": "152449000", "ebitda": "219749000", "netIncome": "92994000"}, {"fiscalDateEnding": "2006-12-31", "reportedCurrency": "USD", "grossProfit": "712536000", "totalRevenue": "1273930000", "costOfRevenue": "561394000", "costofGoodsAndServicesSold": "561394000", "operatingIncome": "146111000", "sellingGeneralAndAdministrative": "438949000", "researchAndDevelopment": "123376000", "operatingExpenses": "562325000", "investmentIncomeNet": "None", "netInterestIncome": "None", "interestIncome": "None", "interestExpense": "32022000", "nonInterestIncome": "None", "otherNonOperatingIncome": "None", "depreciation": "None", "depreciationAndAmortization": "55400000", "incomeBeforeTax": "142027000", "incomeTaxExpense": "38764000", "interestAndDebtExpense": "None", "netIncomeFromContinuingOperations": "None", "comprehensiveIncomeNetOfTax": "None", "ebit": "174000000", "ebitda": "229400000", "netIncome": "103263000"}], "quarterlyReports": [{"fiscalDateEnding": "2025-12-31", "reportedCurrency": "USD", "grossProfit": "345200000", "totalRevenue": "693200000", "costOfRevenue": "348000000", "costofGoodsAndServicesSold": "348000000", "operatingIncome": "61900000", "sellingGeneralAndAdministrative": "221000000", "researchAndDevelopment": "65700000", "operatingExpenses": "282300000", "investmentIncomeNet": "None", "netInterestIncome": "18900000", "interestIncome": "31000000", "interestExpense": "12100000", "nonInterestIncome": "None", "otherNonOperatingIncome": "None", "depreciation": "None", "depreciationAndAmortization": "52400000", "incomeBeforeTax": "929200000", "incomeTaxExpense": "209200000", "interestAndDebtExpense": "None", "netIncomeFromContinuingOperations": "720000000", "comprehensiveIncomeNetOfTax": "None", "ebit": "61900000", "ebitda": "114300000", "netIncome": "720000000"}, {"fiscalDateEnding": "2025-09-30", "reportedCurrency": "USD", "grossProfit": "343400000", "totalRevenue": "653000000", "costOfRevenue": "309600000", "costofGoodsAndServicesSold": "309600000", "operatingIncome": "66400000", "sellingGeneralAndAdministrative": "206800000", "researchAndDevelopment": "71300000", "operatingExpenses": "278100000", "investmentIncomeNet": "None", "netInterestIncome": "1400000", "interestIncome": "13700000", "interestExpense": "12300000", "nonInterestIncome": "None", "otherNonOperatingIncome": "None", "depreciation": "None", "depreciationAndAmortization": "54200000", "incomeBeforeTax": "-431100000", "incomeTaxExpense": "-89200000", "interestAndDebtExpense": "None", "netIncomeFromContinuingOperations": "-341900000", "comprehensiveIncomeNetOfTax": "None", "ebit": "66400000", "ebitda": "120600000", "netIncome": "-341900000"}, {"fiscalDateEnding": "2025-06-30", "reportedCurrency": "USD", "grossProfit": "345300000", "totalRevenue": "651600000", "costOfRevenue": "306300000", "costofGoodsAndServicesSold": "306300000", "operatingIncome": "77100000", "sellingGeneralAndAdministrative": "207700000", "researchAndDevelopment": "60500000", "operatingExpenses": "268200000", "investmentIncomeNet": "None", "netInterestIncome": "2100000", "interestIncome": "14700000", "interestExpense": "12600000", "nonInterestIncome": "None", "otherNonOperatingIncome": "None", "depreciation": "None", "depreciationAndAmortization": "50600000", "incomeBeforeTax": "414000000", "incomeTaxExpense": "96200000", "interestAndDebtExpense": "None", "netIncomeFromContinuingOperations": "317800000", "comprehensiveIncomeNetOfTax": "None", "ebit": "426600000", "ebitda": "477200000", "netIncome": "317800000"}, {"fiscalDateEnding": "2025-03-31", "reportedCurrency": "USD", "grossProfit": "306000000", "totalRevenue": "585400000", "costOfRevenue": "279400000", "costofGoodsAndServicesSold": "279400000", "operatingIncome": "23700000", "sellingGeneralAndAdministrative": "208800000", "researchAndDevelopment": "73500000", "operatingExpenses": "282300000", "investmentIncomeNet": "None", "netInterestIncome": "24200000", "interestIncome": "36200000", "interestExpense": "12000000", "nonInterestIncome": "None", "otherNonOperatingIncome": "None", "depreciation": "None", "depreciationAndAmortization": "38100000", "incomeBeforeTax": "83400000", "incomeTaxExpense": "19400000", "interestAndDebtExpense": "None", "netIncomeFromContinuingOperations": "64000000", "comprehensiveIncomeNetOfTax": "None", "ebit": "95400000", "ebitda": "133500000", "netIncome": "64000000"}, {"fiscalDateEnding": "2024-12-31", "reportedCurrency": "USD", "grossProfit": "341912000", "totalRevenue": "667475000", "costOfRevenue": "325563000", "costofGoodsAndServicesSold": "325563000", "operatingIncome": "58330000", "sellingGeneralAndAdministrative": "203958000", "researchAndDevelopment": "79624000", "operatingExpenses": "283582000", "investmentIncomeNet": "None", "netInterestIncome": "3715000", "interestIncome": "15900000", "interestExpense": "12185000", "nonInterestIncome": "None", "otherNonOperatingIncome": "None", "depreciation": "None", "depreciationAndAmortization": "49300000", "incomeBeforeTax": "-908900000", "incomeTaxExpense": "-193100000", "interestAndDebtExpense": "None", "netIncomeFromContinuingOperations": "-715802000", "comprehensiveIncomeNetOfTax": "None", "ebit": "-896700000", "ebitda": "-847400000", "netIncome": "-715800000"}, {"fiscalDateEnding": "2024-09-30", "reportedCurrency": "USD", "grossProfit": "355903000", "totalRevenue": "649729000", "costOfRevenue": "293826000", "costofGoodsAndServicesSold": "293826000", "operatingIncome": "64466000", "sellingGeneralAndAdministrative": "200440000", "researchAndDevelopment": "90997000", "operatingExpenses": "291437000", "investmentIncomeNet": "None", "netInterestIncome": "3326000", "interestIncome": "15500000", "interestExpense": "12174000", "nonInterestIncome": "None", "otherNonOperatingIncome": "None", "depreciation": "None", "depreciationAndAmortization": "49100000", "incomeBeforeTax": "861620000", "incomeTaxExpense": "208448000", "interestAndDebtExpense": "None", "netIncomeFromContinuingOperations": "653172000", "comprehensiveIncomeNetOfTax": "None", "ebit": "873794000", "ebitda": "922894000", "netIncome": "653172000"}, {"fiscalDateEnding": "2024-06-30", "reportedCurrency": "USD", "grossProfit": "355119000", "totalRevenue": "638476000", "costOfRevenue": "282757000", "costofGoodsAndServicesSold": "282757000", "operatingIncome": "101496000", "sellingGeneralAndAdministrative": "194719000", "researchAndDevelopment": "59304000", "operatingExpenses": "253623000", "investmentIncomeNet": "None", "netInterestIncome": "4336000", "interestIncome": "16600000", "interestExpense": "12264000", "nonInterestIncome": "None", "otherNonOperatingIncome": "None", "depreciation": "None", "depreciationAndAmortization": "46600000", "incomeBeforeTax": "-2786281000", "incomeTaxExpense": "-620795000", "interestAndDebtExpense": "None", "netIncomeFromContinuingOperations": "-2165486000", "comprehensiveIncomeNetOfTax": "None", "ebit": "-2774017000", "ebitda": "-2727417000", "netIncome": "-2165486000"}, {"fiscalDateEnding": "2024-03-31", "reportedCurrency": "USD", "grossProfit": "326466000", "totalRevenue": "610820000", "costOfRevenue": "284354000", "costofGoodsAndServicesSold": "284354000", "operatingIncome": "52008000", "sellingGeneralAndAdministrative": "214883000", "researchAndDevelopment": "63975000", "operatingExpenses": "274458000", "investmentIncomeNet": "None", "netInterestIncome": "21723000", "interestIncome": "34000000", "interestExpense": "12277000", "nonInterestIncome": "None", "otherNonOperatingIncome": "None", "depreciation": "None", "depreciationAndAmortization": "47800000", "incomeBeforeTax": "491078000", "incomeTaxExpense": "107162000", "interestAndDebtExpense": "None", "netIncomeFromContinuingOperations": "383916000", "comprehensiveIncomeNetOfTax": "None", "ebit": "503355000", "ebitda": "551155000", "netIncome": "383916000"}, {"fiscalDateEnding": "2023-12-31", "reportedCurrency": "USD", "grossProfit": "365900000", "totalRevenue": "681184000", "costOfRevenue": "315284000", "costofGoodsAndServicesSold": "315284000", "operatingIncome": "97791000", "sellingGeneralAndAdministrative": "207147000", "researchAndDevelopment": "62213000", "operatingExpenses": "268109000", "investmentIncomeNet": "None", "netInterestIncome": "4439000", "interestIncome": "16800000", "interestExpense": "12361000", "nonInterestIncome": "None", "otherNonOperatingIncome": "None", "depreciation": "None", "depreciationAndAmortization": "53000000", "incomeBeforeTax": "428392000", "incomeTaxExpense": "78684000", "interestAndDebtExpense": "None", "netIncomeFromContinuingOperations": "349708000", "comprehensiveIncomeNetOfTax": "None", "ebit": "440753000", "ebitda": "493753000", "netIncome": "349708000"}, {"fiscalDateEnding": "2023-09-30", "reportedCurrency": "USD", "grossProfit": "335683000", "totalRevenue": "632124000", "costOfRevenue": "296441000", "costofGoodsAndServicesSold": "296441000", "operatingIncome": "90949000", "sellingGeneralAndAdministrative": "201199000", "researchAndDevelopment": "43535000", "operatingExpenses": "244734000", "investmentIncomeNet": "None", "netInterestIncome": "-12398000", "interestIncome": "17300000", "interestExpense": "12398000", "nonInterestIncome": "None", "otherNonOperatingIncome": "None", "depreciation": "None", "depreciationAndAmortization": "48100000", "incomeBeforeTax": "137102000", "incomeTaxExpense": "30845000", "interestAndDebtExpense": "None", "netIncomeFromContinuingOperations": "106257000", "comprehensiveIncomeNetOfTax": "None", "ebit": "149500000", "ebitda": "197600000", "netIncome": "106257000"}, {"fiscalDateEnding": "2023-06-30", "reportedCurrency": "USD", "grossProfit": "362483000", "totalRevenue": "681110000", "costOfRevenue": "318627000", "costofGoodsAndServicesSold": "318627000", "operatingIncome": "89617000", "sellingGeneralAndAdministrative": "207824000", "researchAndDevelopment": "65042000", "operatingExpenses": "272866000", "investmentIncomeNet": "None", "netInterestIncome": "-12343000", "interestIncome": "1606532000", "interestExpense": "12343000", "nonInterestIncome": "None", "otherNonOperatingIncome": "-1577701000", "depreciation": "None", "depreciationAndAmortization": "57600000", "incomeBeforeTax": "-1500427000", "incomeTaxExpense": "-338176000", "interestAndDebtExpense": "None", "netIncomeFromContinuingOperations": "-1162251000", "comprehensiveIncomeNetOfTax": "None", "ebit": "-1488084000", "ebitda": "-1430484000", "netIncome": "-1162251000"}, {"fiscalDateEnding": "2023-03-31", "reportedCurrency": "USD", "grossProfit": "362417000", "totalRevenue": "676844000", "costOfRevenue": "314427000", "costofGoodsAndServicesSold": "314427000", "operatingIncome": "61913000", "sellingGeneralAndAdministrative": "225553000", "researchAndDevelopment": "74951000", "operatingExpenses": "300504000", "investmentIncomeNet": "None", "netInterestIncome": "-12337000", "interestIncome": "22085000", "interestExpense": "12337000", "nonInterestIncome": "None", "otherNonOperatingIncome": "35253000", "depreciation": "None", "depreciationAndAmortization": "45600000", "incomeBeforeTax": "84829000", "incomeTaxExpense": "15867000", "interestAndDebtExpense": "None", "netIncomeFromContinuingOperations": "68962000", "comprehensiveIncomeNetOfTax": "None", "ebit": "97166000", "ebitda": "142766000", "netIncome": "68962000"}, {"fiscalDateEnding": "2022-12-31", "reportedCurrency": "USD", "grossProfit": "397097000", "totalRevenue": "730288000", "costOfRevenue": "333191000", "costofGoodsAndServicesSold": "333191000", "operatingIncome": "118670000", "sellingGeneralAndAdministrative": "210454000", "researchAndDevelopment": "66200000", "operatingExpenses": "278427000", "investmentIncomeNet": "None", "netInterestIncome": "617000", "interestIncome": "12300000", "interestExpense": "11683000", "nonInterestIncome": "None", "otherNonOperatingIncome": "6177849000", "depreciation": "None", "depreciationAndAmortization": "50069000", "incomeBeforeTax": "1091282000", "incomeTaxExpense": "263548000", "interestAndDebtExpense": "None", "netIncomeFromContinuingOperations": "833494000", "comprehensiveIncomeNetOfTax": "None", "ebit": "1102965000", "ebitda": "1153034000", "netIncome": "833494000"}, {"fiscalDateEnding": "2022-09-30", "reportedCurrency": "USD", "grossProfit": "373792000", "totalRevenue": "680800000", "costOfRevenue": "307008000", "costofGoodsAndServicesSold": "307008000", "operatingIncome": "92796000", "sellingGeneralAndAdministrative": "206463000", "researchAndDevelopment": "69949000", "operatingExpenses": "280996000", "investmentIncomeNet": "None", "netInterestIncome": "-3663000", "interestIncome": "305026000", "interestExpense": "11663000", "nonInterestIncome": "None", "otherNonOperatingIncome": "-290301000", "depreciation": "None", "depreciationAndAmortization": "34300000", "incomeBeforeTax": "-209168000", "incomeTaxExpense": "-44936000", "interestAndDebtExpense": "None", "netIncomeFromContinuingOperations": "-164232000", "comprehensiveIncomeNetOfTax": "None", "ebit": "-195655000", "ebitda": "-161355000", "netIncome": "-164232000"}, {"fiscalDateEnding": "2022-06-30", "reportedCurrency": "USD", "grossProfit": "395981000", "totalRevenue": "691099000", "costOfRevenue": "295118000", "costofGoodsAndServicesSold": "295118000", "operatingIncome": "120217000", "sellingGeneralAndAdministrative": "208730000", "researchAndDevelopment": "67034000", "operatingExpenses": "275764000", "investmentIncomeNet": "None", "netInterestIncome": "-10720000", "interestIncome": "5500000", "interestExpense": "10720000", "nonInterestIncome": "None", "otherNonOperatingIncome": "-1332377000", "depreciation": "None", "depreciationAndAmortization": "42600000", "incomeBeforeTax": "-1222880000", "incomeTaxExpense": "-295696000", "interestAndDebtExpense": "None", "netIncomeFromContinuingOperations": "-927184000", "comprehensiveIncomeNetOfTax": "None", "ebit": "-1212160000", "ebitda": "-1169560000", "netIncome": "-927184000"}, {"fiscalDateEnding": "2022-03-31", "reportedCurrency": "USD", "grossProfit": "402635000", "totalRevenue": "700062000", "costOfRevenue": "297427000", "costofGoodsAndServicesSold": "297427000", "operatingIncome": "146408000", "sellingGeneralAndAdministrative": "197594000", "researchAndDevelopment": "59535000", "operatingExpenses": "256227000", "investmentIncomeNet": "None", "netInterestIncome": "-4048000", "interestIncome": "4514837000", "interestExpense": "4048000", "nonInterestIncome": "None", "otherNonOperatingIncome": "-4510392000", "depreciation": "None", "depreciationAndAmortization": "33400000", "incomeBeforeTax": "-4368032000", "incomeTaxExpense": "-1000685000", "interestAndDebtExpense": "None", "netIncomeFromContinuingOperations": "-3369613000", "comprehensiveIncomeNetOfTax": "None", "ebit": "-4363984000", "ebitda": "-4330584000", "netIncome": "-3367347000"}, {"fiscalDateEnding": "2021-12-31", "reportedCurrency": "USD", "grossProfit": "401001000", "totalRevenue": "732769000", "costOfRevenue": "331768000", "costofGoodsAndServicesSold": "331768000", "operatingIncome": "106982000", "sellingGeneralAndAdministrative": "224146000", "researchAndDevelopment": "69873000", "operatingExpenses": "294019000", "investmentIncomeNet": "None", "netInterestIncome": "-364000", "interestIncome": "2155080000", "interestExpense": "364000", "nonInterestIncome": "None", "otherNonOperatingIncome": "-7070921000", "depreciation": "None", "depreciationAndAmortization": "33700000", "incomeBeforeTax": "-2038055000", "incomeTaxExpense": "-464396000", "interestAndDebtExpense": "None", "netIncomeFromContinuingOperations": "-1573659000", "comprehensiveIncomeNetOfTax": "None", "ebit": "-2037691000", "ebitda": "-2003991000", "netIncome": "-1573659000"}, {"fiscalDateEnding": "2021-09-30", "reportedCurrency": "USD", "grossProfit": "437435000", "totalRevenue": "747049000", "costOfRevenue": "309614000", "costofGoodsAndServicesSold": "309614000", "operatingIncome": "156804000", "sellingGeneralAndAdministrative": "211705000", "researchAndDevelopment": "64481000", "operatingExpenses": "280631000", "investmentIncomeNet": "None", "netInterestIncome": "-726000", "interestIncome": "4866001000", "interestExpense": "426000", "nonInterestIncome": "None", "otherNonOperatingIncome": "4865848000", "depreciation": "None", "depreciationAndAmortization": "43400000", "incomeBeforeTax": "5022226000", "incomeTaxExpense": "1094193000", "interestAndDebtExpense": "None", "netIncomeFromContinuingOperations": "3928033000", "comprehensiveIncomeNetOfTax": "None", "ebit": "5022652000", "ebitda": "5066052000", "netIncome": "3928033000"}, {"fiscalDateEnding": "2021-06-30", "reportedCurrency": "USD", "grossProfit": "401598000", "totalRevenue": "715931000", "costOfRevenue": "314333000", "costofGoodsAndServicesSold": "314333000", "operatingIncome": "124782000", "sellingGeneralAndAdministrative": "213425000", "researchAndDevelopment": "63391000", "operatingExpenses": "276816000", "investmentIncomeNet": "None", "netInterestIncome": "337000", "interestIncome": "700000", "interestExpense": "363000", "nonInterestIncome": "None", "otherNonOperatingIncome": "1032356000", "depreciation": "None", "depreciationAndAmortization": "43500000", "incomeBeforeTax": "1156775000", "incomeTaxExpense": "242661000", "interestAndDebtExpense": "None", "netIncomeFromContinuingOperations": "914114000", "comprehensiveIncomeNetOfTax": "None", "ebit": "1157138000", "ebitda": "1200638000", "netIncome": "914114000"}, {"fiscalDateEnding": "2021-03-31", "reportedCurrency": "USD", "grossProfit": "400627000", "totalRevenue": "726796000", "costOfRevenue": "326169000", "costofGoodsAndServicesSold": "326169000", "operatingIncome": "100862000", "sellingGeneralAndAdministrative": "225853000", "researchAndDevelopment": "73912000", "operatingExpenses": "299765000", "investmentIncomeNet": "None", "netInterestIncome": "-398000", "interestIncome": "1197334000", "interestExpense": "398000", "nonInterestIncome": "None", "otherNonOperatingIncome": "1196739000", "depreciation": "None", "depreciationAndAmortization": "42500000", "incomeBeforeTax": "1297203000", "incomeTaxExpense": "319789000", "interestAndDebtExpense": "None", "netIncomeFromContinuingOperations": "977414000", "comprehensiveIncomeNetOfTax": "None", "ebit": "1297601000", "ebitda": "1340101000", "netIncome": "977414000"}, {"fiscalDateEnding": "2020-12-31", "reportedCurrency": "USD", "grossProfit": "460155000", "totalRevenue": "789839000", "costOfRevenue": "329684000", "costofGoodsAndServicesSold": "329684000", "operatingIncome": "175242000", "sellingGeneralAndAdministrative": "193692000", "researchAndDevelopment": "65765000", "operatingExpenses": "284913000", "investmentIncomeNet": "None", "netInterestIncome": "-4703000", "interestIncome": "904320000", "interestExpense": "4703000", "nonInterestIncome": "None", "otherNonOperatingIncome": "-3587831000", "depreciation": "None", "depreciationAndAmortization": "36189000", "incomeBeforeTax": "1078533000", "incomeTaxExpense": "239431000", "interestAndDebtExpense": "None", "netIncomeFromContinuingOperations": "839102000", "comprehensiveIncomeNetOfTax": "None", "ebit": "1083247000", "ebitda": "1119436000", "netIncome": "839102000"}, {"fiscalDateEnding": "2020-09-30", "reportedCurrency": "USD", "grossProfit": "367311000", "totalRevenue": "647263000", "costOfRevenue": "279952000", "costofGoodsAndServicesSold": "279952000", "operatingIncome": "109600000", "sellingGeneralAndAdministrative": "198165000", "researchAndDevelopment": "59546000", "operatingExpenses": "257711000", "investmentIncomeNet": "None", "netInterestIncome": "-5728000", "interestIncome": "1575646000", "interestExpense": "5728000", "nonInterestIncome": "None", "otherNonOperatingIncome": "1580589000", "depreciation": "None", "depreciationAndAmortization": "33600000", "incomeBeforeTax": "1684461000", "incomeTaxExpense": "369637000", "interestAndDebtExpense": "None", "netIncomeFromContinuingOperations": "1314824000", "comprehensiveIncomeNetOfTax": "None", "ebit": "1690189000", "ebitda": "1723789000", "netIncome": "1314824000"}, {"fiscalDateEnding": "2020-06-30", "reportedCurrency": "USD", "grossProfit": "292988000", "totalRevenue": "536880000", "costOfRevenue": "243892000", "costofGoodsAndServicesSold": "243892000", "operatingIncome": "51742000", "sellingGeneralAndAdministrative": "189262000", "researchAndDevelopment": "51984000", "operatingExpenses": "241246000", "investmentIncomeNet": "None", "netInterestIncome": "4260000", "interestIncome": "10000000", "interestExpense": "5740000", "nonInterestIncome": "None", "otherNonOperatingIncome": "1199943000", "depreciation": "None", "depreciationAndAmortization": "34700000", "incomeBeforeTax": "1245945000", "incomeTaxExpense": "279516000", "interestAndDebtExpense": "None", "netIncomeFromContinuingOperations": "966429000", "comprehensiveIncomeNetOfTax": "None", "ebit": "1251685000", "ebitda": "1286385000", "netIncome": "966429000"}, {"fiscalDateEnding": "2020-03-31", "reportedCurrency": "USD", "grossProfit": "317368000", "totalRevenue": "571644000", "costOfRevenue": "254276000", "costofGoodsAndServicesSold": "254276000", "operatingIncome": "74373000", "sellingGeneralAndAdministrative": "193692000", "researchAndDevelopment": "49303000", "operatingExpenses": "242995000", "investmentIncomeNet": "None", "netInterestIncome": "-2890000", "interestIncome": "2800000", "interestExpense": "5690000", "nonInterestIncome": "None", "otherNonOperatingIncome": "830016000", "depreciation": "None", "depreciationAndAmortization": "33591000", "incomeBeforeTax": "898699000", "incomeTaxExpense": "212787000", "interestAndDebtExpense": "None", "netIncomeFromContinuingOperations": "685912000", "comprehensiveIncomeNetOfTax": "None", "ebit": "904398000", "ebitda": "937989000", "netIncome": "685912000"}, {"fiscalDateEnding": "2019-12-31", "reportedCurrency": "USD", "grossProfit": "330439000", "totalRevenue": "624428000", "costOfRevenue": "293989000", "costofGoodsAndServicesSold": "293989000", "operatingIncome": "59205000", "sellingGeneralAndAdministrative": "214165000", "researchAndDevelopment": "57069000", "operatingExpenses": "271234000", "investmentIncomeNet": "None", "netInterestIncome": "-2964000", "interestIncome": "3100000", "interestExpense": "6064000", "nonInterestIncome": "None", "otherNonOperatingIncome": "390921000", "depreciation": "None", "depreciationAndAmortization": "3373000", "incomeBeforeTax": "699430000", "incomeTaxExpense": "145944000", "interestAndDebtExpense": "None", "netIncomeFromContinuingOperations": "553486000", "comprehensiveIncomeNetOfTax": "None", "ebit": "705494000", "ebitda": "708867000", "netIncome": "553486000"}, {"fiscalDateEnding": "2019-09-30", "reportedCurrency": "USD", "grossProfit": "307026000", "totalRevenue": "560633000", "costOfRevenue": "253607000", "costofGoodsAndServicesSold": "253607000", "operatingIncome": "57460000", "sellingGeneralAndAdministrative": "201622000", "researchAndDevelopment": "47944000", "operatingExpenses": "249566000", "investmentIncomeNet": "None", "netInterestIncome": "-1425000", "interestIncome": "4100000", "interestExpense": "5525000", "nonInterestIncome": "None", "otherNonOperatingIncome": "-387151000", "depreciation": "None", "depreciationAndAmortization": "44953000", "incomeBeforeTax": "-335216000", "incomeTaxExpense": "-76400000", "interestAndDebtExpense": "None", "netIncomeFromContinuingOperations": "-258816000", "comprehensiveIncomeNetOfTax": "None", "ebit": "-329644000", "ebitda": "-284691000", "netIncome": "-258816000"}, {"fiscalDateEnding": "2019-06-30", "reportedCurrency": "USD", "grossProfit": "307769000", "totalRevenue": "572619000", "costOfRevenue": "264850000", "costofGoodsAndServicesSold": "264850000", "operatingIncome": "56390000", "sellingGeneralAndAdministrative": "201257000", "researchAndDevelopment": "50122000", "operatingExpenses": "251379000", "investmentIncomeNet": "None", "netInterestIncome": "-2041000", "interestIncome": "3800000", "interestExpense": "5841000", "nonInterestIncome": "None", "otherNonOperatingIncome": "2663000", "depreciation": "None", "depreciationAndAmortization": "42970000", "incomeBeforeTax": "769601000", "incomeTaxExpense": "170791000", "interestAndDebtExpense": "None", "netIncomeFromContinuingOperations": "598810000", "comprehensiveIncomeNetOfTax": "None", "ebit": "775472000", "ebitda": "818442000", "netIncome": "598810000"}, {"fiscalDateEnding": "2019-03-31", "reportedCurrency": "USD", "grossProfit": "311762000", "totalRevenue": "553979000", "costOfRevenue": "242217000", "costofGoodsAndServicesSold": "242217000", "operatingIncome": "56606000", "sellingGeneralAndAdministrative": "207581000", "researchAndDevelopment": "47575000", "operatingExpenses": "255156000", "investmentIncomeNet": "None", "netInterestIncome": "13514000", "interestIncome": "1071464000", "interestExpense": "5986000", "nonInterestIncome": "None", "otherNonOperatingIncome": "17416000", "depreciation": "None", "depreciationAndAmortization": "42942000", "incomeBeforeTax": "1127266000", "incomeTaxExpense": "262071000", "interestAndDebtExpense": "None", "netIncomeFromContinuingOperations": "865195000", "comprehensiveIncomeNetOfTax": "None", "ebit": "1133210000", "ebitda": "1176152000", "netIncome": "865195000"}, {"fiscalDateEnding": "2018-12-31", "reportedCurrency": "USD", "grossProfit": "332565000", "totalRevenue": "616847000", "costOfRevenue": "284282000", "costofGoodsAndServicesSold": "284282000", "operatingIncome": "65459000", "sellingGeneralAndAdministrative": "214032000", "researchAndDevelopment": "53074000", "operatingExpenses": "267106000", "investmentIncomeNet": "None", "netInterestIncome": "None", "interestIncome": "None", "interestExpense": "6139000", "nonInterestIncome": "None", "otherNonOperatingIncome": "6055000", "depreciation": "None", "depreciationAndAmortization": "34500000", "incomeBeforeTax": "-1041247000", "incomeTaxExpense": "-212718000", "interestAndDebtExpense": "None", "netIncomeFromContinuingOperations": "-828529000", "comprehensiveIncomeNetOfTax": "None", "ebit": "65459000", "ebitda": "99959000", "netIncome": "-828529000"}, {"fiscalDateEnding": "2018-09-30", "reportedCurrency": "USD", "grossProfit": "286716000", "totalRevenue": "545138000", "costOfRevenue": "258422000", "costofGoodsAndServicesSold": "258422000", "operatingIncome": "36275000", "sellingGeneralAndAdministrative": "201196000", "researchAndDevelopment": "49245000", "operatingExpenses": "250441000", "investmentIncomeNet": "None", "netInterestIncome": "None", "interestIncome": "None", "interestExpense": "6064000", "nonInterestIncome": "None", "otherNonOperatingIncome": "1913000", "depreciation": "None", "depreciationAndAmortization": "34840000", "incomeBeforeTax": "350131000", "incomeTaxExpense": "80805000", "interestAndDebtExpense": "None", "netIncomeFromContinuingOperations": "269326000", "comprehensiveIncomeNetOfTax": "None", "ebit": "356255000", "ebitda": "391095000", "netIncome": "269326000"}, {"fiscalDateEnding": "2018-06-30", "reportedCurrency": "USD", "grossProfit": "301667000", "totalRevenue": "575911000", "costOfRevenue": "274244000", "costofGoodsAndServicesSold": "274244000", "operatingIncome": "43792000", "sellingGeneralAndAdministrative": "210425000", "researchAndDevelopment": "47450000", "operatingExpenses": "257875000", "investmentIncomeNet": "None", "netInterestIncome": "None", "interestIncome": "None", "interestExpense": "5977000", "nonInterestIncome": "None", "otherNonOperatingIncome": "15873000", "depreciation": "None", "depreciationAndAmortization": "34325000", "incomeBeforeTax": "340086000", "incomeTaxExpense": "72043000", "interestAndDebtExpense": "None", "netIncomeFromContinuingOperations": "268043000", "comprehensiveIncomeNetOfTax": "None", "ebit": "346138000", "ebitda": "380463000", "netIncome": "268043000"}, {"fiscalDateEnding": "2018-03-31", "reportedCurrency": "USD", "grossProfit": "302203000", "totalRevenue": "551519000", "costOfRevenue": "249316000", "costofGoodsAndServicesSold": "249316000", "operatingIncome": "43646000", "sellingGeneralAndAdministrative": "209130000", "researchAndDevelopment": "49427000", "operatingExpenses": "258557000", "investmentIncomeNet": "None", "netInterestIncome": "None", "interestIncome": "None", "interestExpense": "5782000", "nonInterestIncome": "None", "otherNonOperatingIncome": "9891000", "depreciation": "None", "depreciationAndAmortization": "34344000", "incomeBeforeTax": "863689000", "incomeTaxExpense": "206915000", "interestAndDebtExpense": "None", "netIncomeFromContinuingOperations": "656774000", "comprehensiveIncomeNetOfTax": "None", "ebit": "869427000", "ebitda": "903771000", "netIncome": "656774000"}, {"fiscalDateEnding": "2017-12-31", "reportedCurrency": "USD", "grossProfit": "339593000", "totalRevenue": "620433000", "costOfRevenue": "280840000", "costofGoodsAndServicesSold": "280840000", "operatingIncome": "58569000", "sellingGeneralAndAdministrative": "204206000", "researchAndDevelopment": "76818000", "operatingExpenses": "281024000", "investmentIncomeNet": "None", "netInterestIncome": "None", "interestIncome": "None", "interestExpense": "5506000", "nonInterestIncome": "None", "otherNonOperatingIncome": "-3874000", "depreciation": "None", "depreciationAndAmortization": "42649000", "incomeBeforeTax": "37683000", "incomeTaxExpense": "-39725000", "interestAndDebtExpense": "None", "netIncomeFromContinuingOperations": "77408000", "comprehensiveIncomeNetOfTax": "None", "ebit": "58569000", "ebitda": "101218000", "netIncome": "77408000"}, {"fiscalDateEnding": "2017-09-30", "reportedCurrency": "USD", "grossProfit": "304520000", "totalRevenue": "535003000", "costOfRevenue": "230483000", "costofGoodsAndServicesSold": "230483000", "operatingIncome": "46379000", "sellingGeneralAndAdministrative": "196769000", "researchAndDevelopment": "61372000", "operatingExpenses": "258141000", "investmentIncomeNet": "None", "netInterestIncome": "None", "interestIncome": "None", "interestExpense": "5872000", "nonInterestIncome": "None", "otherNonOperatingIncome": "-1927000", "depreciation": "None", "depreciationAndAmortization": "35363000", "incomeBeforeTax": "38855000", "incomeTaxExpense": "11462000", "interestAndDebtExpense": "None", "netIncomeFromContinuingOperations": "27393000", "comprehensiveIncomeNetOfTax": "None", "ebit": "44452000", "ebitda": "79815000", "netIncome": "27393000"}, {"fiscalDateEnding": "2017-06-30", "reportedCurrency": "USD", "grossProfit": "273299000", "totalRevenue": "504666000", "costOfRevenue": "231367000", "costofGoodsAndServicesSold": "231367000", "operatingIncome": "-2351000", "sellingGeneralAndAdministrative": "213027000", "researchAndDevelopment": "62623000", "operatingExpenses": "275650000", "investmentIncomeNet": "None", "netInterestIncome": "None", "interestIncome": "None", "interestExpense": "6045000", "nonInterestIncome": "None", "otherNonOperatingIncome": "9241000", "depreciation": "None", "depreciationAndAmortization": "37026000", "incomeBeforeTax": "1120000", "incomeTaxExpense": "-3915000", "interestAndDebtExpense": "None", "netIncomeFromContinuingOperations": "5035000", "comprehensiveIncomeNetOfTax": "None", "ebit": "6890000", "ebitda": "43916000", "netIncome": "5035000"}, {"fiscalDateEnding": "2017-03-31", "reportedCurrency": "USD", "grossProfit": "269987000", "totalRevenue": "500051000", "costOfRevenue": "230064000", "costofGoodsAndServicesSold": "230064000", "operatingIncome": "25559000", "sellingGeneralAndAdministrative": "194940000", "researchAndDevelopment": "49488000", "operatingExpenses": "244428000", "investmentIncomeNet": "None", "netInterestIncome": "None", "interestIncome": "None", "interestExpense": "5316000", "nonInterestIncome": "None", "otherNonOperatingIncome": "-371000", "depreciation": "None", "depreciationAndAmortization": "33662000", "incomeBeforeTax": "20147000", "incomeTaxExpense": "7734000", "interestAndDebtExpense": "None", "netIncomeFromContinuingOperations": "12413000", "comprehensiveIncomeNetOfTax": "None", "ebit": "25188000", "ebitda": "58850000", "netIncome": "12413000"}, {"fiscalDateEnding": "2016-12-31", "reportedCurrency": "USD", "grossProfit": "314357000", "totalRevenue": "571453000", "costOfRevenue": "257096000", "costofGoodsAndServicesSold": "257096000", "operatingIncome": "-23151000", "sellingGeneralAndAdministrative": "220020000", "researchAndDevelopment": "57543000", "operatingExpenses": "277563000", "investmentIncomeNet": "None", "netInterestIncome": "None", "interestIncome": "None", "interestExpense": "5096000", "nonInterestIncome": "None", "otherNonOperatingIncome": "None", "depreciation": "None", "depreciationAndAmortization": "32744000", "incomeBeforeTax": "-28187000", "incomeTaxExpense": "-7617000", "interestAndDebtExpense": "None", "netIncomeFromContinuingOperations": "-25095000", "comprehensiveIncomeNetOfTax": "None", "ebit": "-23094000", "ebitda": "9650000", "netIncome": "-20570000"}, {"fiscalDateEnding": "2016-09-30", "reportedCurrency": "USD", "grossProfit": "279469000", "totalRevenue": "508745000", "costOfRevenue": "229276000", "costofGoodsAndServicesSold": "229276000", "operatingIncome": "28093000", "sellingGeneralAndAdministrative": "201452000", "researchAndDevelopment": "49924000", "operatingExpenses": "251376000", "investmentIncomeNet": "None", "netInterestIncome": "None", "interestIncome": "None", "interestExpense": "5634000", "nonInterestIncome": "None", "otherNonOperatingIncome": "229000", "depreciation": "None", "depreciationAndAmortization": "38488000", "incomeBeforeTax": "22688000", "incomeTaxExpense": "4283000", "interestAndDebtExpense": "None", "netIncomeFromContinuingOperations": "18405000", "comprehensiveIncomeNetOfTax": "None", "ebit": "28322000", "ebitda": "66810000", "netIncome": "18405000"}, {"fiscalDateEnding": "2016-06-30", "reportedCurrency": "USD", "grossProfit": "280232000", "totalRevenue": "516777000", "costOfRevenue": "236545000", "costofGoodsAndServicesSold": "236545000", "operatingIncome": "22525000", "sellingGeneralAndAdministrative": "205536000", "researchAndDevelopment": "52171000", "operatingExpenses": "257707000", "investmentIncomeNet": "None", "netInterestIncome": "None", "interestIncome": "None", "interestExpense": "5632000", "nonInterestIncome": "None", "otherNonOperatingIncome": "9971000", "depreciation": "None", "depreciationAndAmortization": "37578000", "incomeBeforeTax": "26864000", "incomeTaxExpense": "8850000", "interestAndDebtExpense": "None", "netIncomeFromContinuingOperations": "18014000", "comprehensiveIncomeNetOfTax": "None", "ebit": "32496000", "ebitda": "70074000", "netIncome": "18014000"}, {"fiscalDateEnding": "2016-03-31", "reportedCurrency": "USD", "grossProfit": "264029000", "totalRevenue": "471197000", "costOfRevenue": "207168000", "costofGoodsAndServicesSold": "207168000", "operatingIncome": "25727000", "sellingGeneralAndAdministrative": "189716000", "researchAndDevelopment": "48586000", "operatingExpenses": "238302000", "investmentIncomeNet": "None", "netInterestIncome": "None", "interestIncome": "None", "interestExpense": "5580000", "nonInterestIncome": "None", "otherNonOperatingIncome": "48000", "depreciation": "None", "depreciationAndAmortization": "34090000", "incomeBeforeTax": "20195000", "incomeTaxExpense": "7919000", "interestAndDebtExpense": "None", "netIncomeFromContinuingOperations": "12276000", "comprehensiveIncomeNetOfTax": "None", "ebit": "25775000", "ebitda": "59865000", "netIncome": "12276000"}, {"fiscalDateEnding": "2015-12-31", "reportedCurrency": "USD", "grossProfit": "308515000", "totalRevenue": "570557000", "costOfRevenue": "262042000", "costofGoodsAndServicesSold": "262042000", "operatingIncome": "59483000", "sellingGeneralAndAdministrative": "193145000", "researchAndDevelopment": "55887000", "operatingExpenses": "249032000", "investmentIncomeNet": "None", "netInterestIncome": "None", "interestIncome": "None", "interestExpense": "6034000", "nonInterestIncome": "None", "otherNonOperatingIncome": "749000", "depreciation": "None", "depreciationAndAmortization": "33878000", "incomeBeforeTax": "54198000", "incomeTaxExpense": "4716000", "interestAndDebtExpense": "None", "netIncomeFromContinuingOperations": "49482000", "comprehensiveIncomeNetOfTax": "None", "ebit": "60184000", "ebitda": "94062000", "netIncome": "49482000"}, {"fiscalDateEnding": "2015-09-30", "reportedCurrency": "USD", "grossProfit": "263452000", "totalRevenue": "469961000", "costOfRevenue": "206509000", "costofGoodsAndServicesSold": "206509000", "operatingIncome": "32671000", "sellingGeneralAndAdministrative": "187445000", "researchAndDevelopment": "43336000", "operatingExpenses": "230781000", "investmentIncomeNet": "None", "netInterestIncome": "None", "interestIncome": "None", "interestExpense": "5822000", "nonInterestIncome": "None", "otherNonOperatingIncome": "-1434000", "depreciation": "None", "depreciationAndAmortization": "33561000", "incomeBeforeTax": "25415000", "incomeTaxExpense": "8045000", "interestAndDebtExpense": "None", "netIncomeFromContinuingOperations": "17370000", "comprehensiveIncomeNetOfTax": "None", "ebit": "31237000", "ebitda": "64798000", "netIncome": "17370000"}, {"fiscalDateEnding": "2015-06-30", "reportedCurrency": "USD", "grossProfit": "279597000", "totalRevenue": "506102000", "costOfRevenue": "226505000", "costofGoodsAndServicesSold": "226505000", "operatingIncome": "40205000", "sellingGeneralAndAdministrative": "192845000", "researchAndDevelopment": "46547000", "operatingExpenses": "239392000", "investmentIncomeNet": "None", "netInterestIncome": "None", "interestIncome": "None", "interestExpense": "4834000", "nonInterestIncome": "None", "otherNonOperatingIncome": "4169000", "depreciation": "None", "depreciationAndAmortization": "32126000", "incomeBeforeTax": "39540000", "incomeTaxExpense": "11117000", "interestAndDebtExpense": "None", "netIncomeFromContinuingOperations": "28423000", "comprehensiveIncomeNetOfTax": "None", "ebit": "44374000", "ebitda": "76500000", "netIncome": "28423000"}, {"fiscalDateEnding": "2015-03-31", "reportedCurrency": "USD", "grossProfit": "270106000", "totalRevenue": "472821000", "costOfRevenue": "202715000", "costofGoodsAndServicesSold": "202715000", "operatingIncome": "34349000", "sellingGeneralAndAdministrative": "188555000", "researchAndDevelopment": "47202000", "operatingExpenses": "235757000", "investmentIncomeNet": "None", "netInterestIncome": "None", "interestIncome": "None", "interestExpense": "5002000", "nonInterestIncome": "None", "otherNonOperatingIncome": "-2653000", "depreciation": "None", "depreciationAndAmortization": "32283000", "incomeBeforeTax": "26694000", "incomeTaxExpense": "8876000", "interestAndDebtExpense": "None", "netIncomeFromContinuingOperations": "17818000", "comprehensiveIncomeNetOfTax": "None", "ebit": "35502000", "ebitda": "67785000", "netIncome": "17818000"}, {"fiscalDateEnding": "2014-12-31", "reportedCurrency": "USD", "grossProfit": "317410000", "totalRevenue": "598224000", "costOfRevenue": "280814000", "costofGoodsAndServicesSold": "280814000", "operatingIncome": "50586000", "sellingGeneralAndAdministrative": "207537000", "researchAndDevelopment": "59287000", "operatingExpenses": "266824000", "investmentIncomeNet": "None", "netInterestIncome": "None", "interestIncome": "None", "interestExpense": "5000000", "nonInterestIncome": "None", "otherNonOperatingIncome": "160000", "depreciation": "None", "depreciationAndAmortization": "39760000", "incomeBeforeTax": "45746000", "incomeTaxExpense": "6709000", "interestAndDebtExpense": "None", "netIncomeFromContinuingOperations": "39037000", "comprehensiveIncomeNetOfTax": "None", "ebit": "50757000", "ebitda": "90517000", "netIncome": "39037000"}, {"fiscalDateEnding": "2014-09-30", "reportedCurrency": "USD", "grossProfit": "288576000", "totalRevenue": "530644000", "costOfRevenue": "242068000", "costofGoodsAndServicesSold": "242068000", "operatingIncome": "33240000", "sellingGeneralAndAdministrative": "202550000", "researchAndDevelopment": "52786000", "operatingExpenses": "255336000", "investmentIncomeNet": "None", "netInterestIncome": "None", "interestIncome": "None", "interestExpense": "7710000", "nonInterestIncome": "None", "otherNonOperatingIncome": "-3054000", "depreciation": "None", "depreciationAndAmortization": "37122000", "incomeBeforeTax": "22476000", "incomeTaxExpense": "10967000", "interestAndDebtExpense": "None", "netIncomeFromContinuingOperations": "11509000", "comprehensiveIncomeNetOfTax": "None", "ebit": "33853000", "ebitda": "70975000", "netIncome": "11509000"}, {"fiscalDateEnding": "2014-06-30", "reportedCurrency": "USD", "grossProfit": "297242000", "totalRevenue": "536832000", "costOfRevenue": "239590000", "costofGoodsAndServicesSold": "239590000", "operatingIncome": "45687000", "sellingGeneralAndAdministrative": "195838000", "researchAndDevelopment": "55717000", "operatingExpenses": "251555000", "investmentIncomeNet": "None", "netInterestIncome": "None", "interestIncome": "None", "interestExpense": "5564000", "nonInterestIncome": "None", "otherNonOperatingIncome": "8674000", "depreciation": "None", "depreciationAndAmortization": "36336000", "incomeBeforeTax": "48797000", "incomeTaxExpense": "17166000", "interestAndDebtExpense": "None", "netIncomeFromContinuingOperations": "31631000", "comprehensiveIncomeNetOfTax": "None", "ebit": "54361000", "ebitda": "90697000", "netIncome": "31631000"}, {"fiscalDateEnding": "2014-03-31", "reportedCurrency": "USD", "grossProfit": "275289000", "totalRevenue": "509344000", "costOfRevenue": "234055000", "costofGoodsAndServicesSold": "234055000", "operatingIncome": "20471000", "sellingGeneralAndAdministrative": "202275000", "researchAndDevelopment": "52543000", "operatingExpenses": "254818000", "investmentIncomeNet": "None", "netInterestIncome": "None", "interestIncome": "None", "interestExpense": "3857000", "nonInterestIncome": "None", "otherNonOperatingIncome": "-2076000", "depreciation": "None", "depreciationAndAmortization": "36671000", "incomeBeforeTax": "14538000", "incomeTaxExpense": "7870000", "interestAndDebtExpense": "None", "netIncomeFromContinuingOperations": "6668000", "comprehensiveIncomeNetOfTax": "None", "ebit": "21132000", "ebitda": "57803000", "netIncome": "6668000"}, {"fiscalDateEnding": "2013-12-31", "reportedCurrency": "USD", "grossProfit": "322749000", "totalRevenue": "602635000", "costOfRevenue": "279886000", "costofGoodsAndServicesSold": "279886000", "operatingIncome": "52317000", "sellingGeneralAndAdministrative": "214584000", "researchAndDevelopment": "55848000", "operatingExpenses": "270432000", "investmentIncomeNet": "None", "netInterestIncome": "None", "interestIncome": "None", "interestExpense": "7019000", "nonInterestIncome": "None", "otherNonOperatingIncome": "None", "depreciation": "None", "depreciationAndAmortization": "41976000", "incomeBeforeTax": "44510000", "incomeTaxExpense": "14374000", "interestAndDebtExpense": "None", "netIncomeFromContinuingOperations": "0", "comprehensiveIncomeNetOfTax": "None", "ebit": "51572000", "ebitda": "93548000", "netIncome": "30136000"}, {"fiscalDateEnding": "2013-09-30", "reportedCurrency": "USD", "grossProfit": "284216000", "totalRevenue": "505066000", "costOfRevenue": "220850000", "costofGoodsAndServicesSold": "220850000", "operatingIncome": "29058000", "sellingGeneralAndAdministrative": "202238000", "researchAndDevelopment": "52920000", "operatingExpenses": "255158000", "investmentIncomeNet": "None", "netInterestIncome": "None", "interestIncome": "None", "interestExpense": "31611000", "nonInterestIncome": "None", "otherNonOperatingIncome": "None", "depreciation": "None", "depreciationAndAmortization": "36970000", "incomeBeforeTax": "-5216000", "incomeTaxExpense": "1883000", "interestAndDebtExpense": "None", "netIncomeFromContinuingOperations": "0", "comprehensiveIncomeNetOfTax": "None", "ebit": "29725000", "ebitda": "66695000", "netIncome": "-7099000"}, {"fiscalDateEnding": "2013-06-30", "reportedCurrency": "USD", "grossProfit": "300101000", "totalRevenue": "525321000", "costOfRevenue": "225220000", "costofGoodsAndServicesSold": "225220000", "operatingIncome": "51546000", "sellingGeneralAndAdministrative": "195331000", "researchAndDevelopment": "53224000", "operatingExpenses": "248555000", "investmentIncomeNet": "None", "netInterestIncome": "None", "interestIncome": "None", "interestExpense": "11664000", "nonInterestIncome": "None", "otherNonOperatingIncome": "7779000", "depreciation": "None", "depreciationAndAmortization": "34921000", "incomeBeforeTax": "47661000", "incomeTaxExpense": "12987000", "interestAndDebtExpense": "None", "netIncomeFromContinuingOperations": "34674000", "comprehensiveIncomeNetOfTax": "None", "ebit": "60708000", "ebitda": "95629000", "netIncome": "34674000"}, {"fiscalDateEnding": "2013-03-31", "reportedCurrency": "USD", "grossProfit": "271412000", "totalRevenue": "499672000", "costOfRevenue": "228260000", "costofGoodsAndServicesSold": "228260000", "operatingIncome": "33554000", "sellingGeneralAndAdministrative": "185917000", "researchAndDevelopment": "51941000", "operatingExpenses": "237858000", "investmentIncomeNet": "None", "netInterestIncome": "None", "interestIncome": "None", "interestExpense": "10977000", "nonInterestIncome": "None", "otherNonOperatingIncome": "None", "depreciation": "None", "depreciationAndAmortization": "33290000", "incomeBeforeTax": "22449000", "incomeTaxExpense": "2929000", "interestAndDebtExpense": "None", "netIncomeFromContinuingOperations": "0", "comprehensiveIncomeNetOfTax": "None", "ebit": "35024000", "ebitda": "68314000", "netIncome": "19499000"}, {"fiscalDateEnding": "2012-12-31", "reportedCurrency": "USD", "grossProfit": "321053000", "totalRevenue": "573839000", "costOfRevenue": "252786000", "costofGoodsAndServicesSold": "252786000", "operatingIncome": "72201000", "sellingGeneralAndAdministrative": "189075000", "researchAndDevelopment": "59777000", "operatingExpenses": "248852000", "investmentIncomeNet": "None", "netInterestIncome": "None", "interestIncome": "None", "interestExpense": "11765000", "nonInterestIncome": "None", "otherNonOperatingIncome": "None", "depreciation": "None", "depreciationAndAmortization": "35539000", "incomeBeforeTax": "65990000", "incomeTaxExpense": "18567000", "interestAndDebtExpense": "None", "netIncomeFromContinuingOperations": "0", "comprehensiveIncomeNetOfTax": "None", "ebit": "70929000", "ebitda": "106468000", "netIncome": "47502000"}, {"fiscalDateEnding": "2012-09-30", "reportedCurrency": "USD", "grossProfit": "273510000", "totalRevenue": "498697000", "costOfRevenue": "225187000", "costofGoodsAndServicesSold": "225187000", "operatingIncome": "64232000", "sellingGeneralAndAdministrative": "160274000", "researchAndDevelopment": "49004000", "operatingExpenses": "209278000", "investmentIncomeNet": "None", "netInterestIncome": "None", "interestIncome": "None", "interestExpense": "11901000", "nonInterestIncome": "None", "otherNonOperatingIncome": "None", "depreciation": "None", "depreciationAndAmortization": "32136000", "incomeBeforeTax": "53394000", "incomeTaxExpense": "11023000", "interestAndDebtExpense": "None", "netIncomeFromContinuingOperations": "0", "comprehensiveIncomeNetOfTax": "None", "ebit": "66904000", "ebitda": "99040000", "netIncome": "42384000"}, {"fiscalDateEnding": "2012-06-30", "reportedCurrency": "USD", "grossProfit": "287900000", "totalRevenue": "510422000", "costOfRevenue": "222522000", "costofGoodsAndServicesSold": "222522000", "operatingIncome": "73308000", "sellingGeneralAndAdministrative": "162256000", "researchAndDevelopment": "52336000", "operatingExpenses": "214592000", "investmentIncomeNet": "None", "netInterestIncome": "None", "interestIncome": "None", "interestExpense": "12401000", "nonInterestIncome": "None", "otherNonOperatingIncome": "None", "depreciation": "None", "depreciationAndAmortization": "31653000", "incomeBeforeTax": "66019000", "incomeTaxExpense": "17454000", "interestAndDebtExpense": "None", "netIncomeFromContinuingOperations": "0", "comprehensiveIncomeNetOfTax": "None", "ebit": "78420000", "ebitda": "110073000", "netIncome": "48343000"}, {"fiscalDateEnding": "2012-03-31", "reportedCurrency": "USD", "grossProfit": "278582000", "totalRevenue": "486277000", "costOfRevenue": "207695000", "costofGoodsAndServicesSold": "207695000", "operatingIncome": "54366000", "sellingGeneralAndAdministrative": "171293000", "researchAndDevelopment": "52923000", "operatingExpenses": "224216000", "investmentIncomeNet": "None", "netInterestIncome": "None", "interestIncome": "None", "interestExpense": "13196000", "nonInterestIncome": "None", "otherNonOperatingIncome": "None", "depreciation": "None", "depreciationAndAmortization": "31096000", "incomeBeforeTax": "46179000", "incomeTaxExpense": "15235000", "interestAndDebtExpense": "None", "netIncomeFromContinuingOperations": "0", "comprehensiveIncomeNetOfTax": "None", "ebit": "59375000", "ebitda": "90471000", "netIncome": "31005000"}, {"fiscalDateEnding": "2011-12-31", "reportedCurrency": "USD", "grossProfit": "310966000", "totalRevenue": "550238000", "costOfRevenue": "239272000", "costofGoodsAndServicesSold": "239272000", "operatingIncome": "85930000", "sellingGeneralAndAdministrative": "174924000", "researchAndDevelopment": "50112000", "operatingExpenses": "225036000", "investmentIncomeNet": "None", "netInterestIncome": "None", "interestIncome": "None", "interestExpense": "11987000", "nonInterestIncome": "None", "otherNonOperatingIncome": "None", "depreciation": "None", "depreciationAndAmortization": "32873000", "incomeBeforeTax": "73909000", "incomeTaxExpense": "14708000", "interestAndDebtExpense": "None", "netIncomeFromContinuingOperations": "0", "comprehensiveIncomeNetOfTax": "None", "ebit": "85896000", "ebitda": "118769000", "netIncome": "59239000"}, {"fiscalDateEnding": "2011-09-30", "reportedCurrency": "USD", "grossProfit": "296176000", "totalRevenue": "516514000", "costOfRevenue": "220338000", "costofGoodsAndServicesSold": "220338000", "operatingIncome": "73922000", "sellingGeneralAndAdministrative": "176867000", "researchAndDevelopment": "45387000", "operatingExpenses": "222254000", "investmentIncomeNet": "None", "netInterestIncome": "None", "interestIncome": "None", "interestExpense": "12341000", "nonInterestIncome": "None", "otherNonOperatingIncome": "-5808000", "depreciation": "None", "depreciationAndAmortization": "30384000", "incomeBeforeTax": "55773000", "incomeTaxExpense": "9911000", "interestAndDebtExpense": "None", "netIncomeFromContinuingOperations": "45862000", "comprehensiveIncomeNetOfTax": "None", "ebit": "68114000", "ebitda": "98498000", "netIncome": "45897000"}, {"fiscalDateEnding": "2011-06-30", "reportedCurrency": "USD", "grossProfit": "293136000", "totalRevenue": "521656000", "costOfRevenue": "228520000", "costofGoodsAndServicesSold": "228520000", "operatingIncome": "68186000", "sellingGeneralAndAdministrative": "176740000", "researchAndDevelopment": "48210000", "operatingExpenses": "224950000", "investmentIncomeNet": "None", "netInterestIncome": "None", "interestIncome": "None", "interestExpense": "12041000", "nonInterestIncome": "None", "otherNonOperatingIncome": "1674000", "depreciation": "None", "depreciationAndAmortization": "29628000", "incomeBeforeTax": "57819000", "incomeTaxExpense": "17797000", "interestAndDebtExpense": "None", "netIncomeFromContinuingOperations": "40022000", "comprehensiveIncomeNetOfTax": "None", "ebit": "69860000", "ebitda": "99488000", "netIncome": "40048000"}, {"fiscalDateEnding": "2011-03-31", "reportedCurrency": "USD", "grossProfit": "277611000", "totalRevenue": "485121000", "costOfRevenue": "207510000", "costofGoodsAndServicesSold": "207510000", "operatingIncome": "67118000", "sellingGeneralAndAdministrative": "167763000", "researchAndDevelopment": "42730000", "operatingExpenses": "210493000", "investmentIncomeNet": "None", "netInterestIncome": "None", "interestIncome": "None", "interestExpense": "16766000", "nonInterestIncome": "None", "otherNonOperatingIncome": "3042000", "depreciation": "None", "depreciationAndAmortization": "28115000", "incomeBeforeTax": "48261000", "incomeTaxExpense": "15323000", "interestAndDebtExpense": "None", "netIncomeFromContinuingOperations": "63584000", "comprehensiveIncomeNetOfTax": "None", "ebit": "65027000", "ebitda": "93142000", "netIncome": "33039000"}, {"fiscalDateEnding": "2010-12-31", "reportedCurrency": "USD", "grossProfit": "299723000", "totalRevenue": "533720000", "costOfRevenue": "233997000", "costofGoodsAndServicesSold": "233997000", "operatingIncome": "77784000", "sellingGeneralAndAdministrative": "176672000", "researchAndDevelopment": "45267000", "operatingExpenses": "221939000", "investmentIncomeNet": "None", "netInterestIncome": "None", "interestIncome": "None", "interestExpense": "20548000", "nonInterestIncome": "None", "otherNonOperatingIncome": "None", "depreciation": "None", "depreciationAndAmortization": "28936000", "incomeBeforeTax": "57201000", "incomeTaxExpense": "-10736000", "interestAndDebtExpense": "None", "netIncomeFromContinuingOperations": "0", "comprehensiveIncomeNetOfTax": "None", "ebit": "77749000", "ebitda": "106685000", "netIncome": "67908000"}, {"fiscalDateEnding": "2010-09-30", "reportedCurrency": "USD", "grossProfit": "266330000", "totalRevenue": "471502000", "costOfRevenue": "205172000", "costofGoodsAndServicesSold": "205172000", "operatingIncome": "74802000", "sellingGeneralAndAdministrative": "148654000", "researchAndDevelopment": "42874000", "operatingExpenses": "191528000", "investmentIncomeNet": "None", "netInterestIncome": "None", "interestIncome": "None", "interestExpense": "14400000", "nonInterestIncome": "None", "otherNonOperatingIncome": "None", "depreciation": "None", "depreciationAndAmortization": "26331000", "incomeBeforeTax": "57909000", "incomeTaxExpense": "12824000", "interestAndDebtExpense": "None", "netIncomeFromContinuingOperations": "0", "comprehensiveIncomeNetOfTax": "None", "ebit": "72309000", "ebitda": "98640000", "netIncome": "44764000"}, {"fiscalDateEnding": "2010-06-30", "reportedCurrency": "USD", "grossProfit": "268308000", "totalRevenue": "467662000", "costOfRevenue": "199354000", "costofGoodsAndServicesSold": "199354000", "operatingIncome": "68176000", "sellingGeneralAndAdministrative": "156270000", "researchAndDevelopment": "43862000", "operatingExpenses": "200132000", "investmentIncomeNet": "None", "netInterestIncome": "None", "interestIncome": "None", "interestExpense": "14325000", "nonInterestIncome": "None", "otherNonOperatingIncome": "None", "depreciation": "None", "depreciationAndAmortization": "26085000", "incomeBeforeTax": "55354000", "incomeTaxExpense": "16833000", "interestAndDebtExpense": "None", "netIncomeFromContinuingOperations": "0", "comprehensiveIncomeNetOfTax": "None", "ebit": "69679000", "ebitda": "95764000", "netIncome": "37957000"}, {"fiscalDateEnding": "2010-03-31", "reportedCurrency": "USD", "grossProfit": "257127000", "totalRevenue": "454234000", "costOfRevenue": "197107000", "costofGoodsAndServicesSold": "197107000", "operatingIncome": "63247000", "sellingGeneralAndAdministrative": "153617000", "researchAndDevelopment": "40263000", "operatingExpenses": "193880000", "investmentIncomeNet": "None", "netInterestIncome": "None", "interestIncome": "None", "interestExpense": "14444000", "nonInterestIncome": "None", "otherNonOperatingIncome": "None", "depreciation": "None", "depreciationAndAmortization": "27548000", "incomeBeforeTax": "49819000", "incomeTaxExpense": "14427000", "interestAndDebtExpense": "None", "netIncomeFromContinuingOperations": "0", "comprehensiveIncomeNetOfTax": "None", "ebit": "64263000", "ebitda": "91811000", "netIncome": "34861000"}, {"fiscalDateEnding": "2009-12-31", "reportedCurrency": "USD", "grossProfit": "268469000", "totalRevenue": "495073000", "costOfRevenue": "226604000", "costofGoodsAndServicesSold": "226604000", "operatingIncome": "56295000", "sellingGeneralAndAdministrative": "163862000", "researchAndDevelopment": "44510000", "operatingExpenses": "208372000", "investmentIncomeNet": "None", "netInterestIncome": "None", "interestIncome": "None", "interestExpense": "14363000", "nonInterestIncome": "None", "otherNonOperatingIncome": "None", "depreciation": "None", "depreciationAndAmortization": "-74003000", "incomeBeforeTax": "42093000", "incomeTaxExpense": "3571000", "interestAndDebtExpense": "None", "netIncomeFromContinuingOperations": "0", "comprehensiveIncomeNetOfTax": "None", "ebit": "130459000", "ebitda": "56456000", "netIncome": "37862000"}, {"fiscalDateEnding": "2009-09-30", "reportedCurrency": "USD", "grossProfit": "260510000", "totalRevenue": "461055000", "costOfRevenue": "200545000", "costofGoodsAndServicesSold": "200545000", "operatingIncome": "67371000", "sellingGeneralAndAdministrative": "153623000", "researchAndDevelopment": "39516000", "operatingExpenses": "193139000", "investmentIncomeNet": "None", "netInterestIncome": "None", "interestIncome": "None", "interestExpense": "14487000", "nonInterestIncome": "None", "otherNonOperatingIncome": "None", "depreciation": "None", "depreciationAndAmortization": "26238000", "incomeBeforeTax": "51220000", "incomeTaxExpense": "11920000", "interestAndDebtExpense": "None", "netIncomeFromContinuingOperations": "0", "comprehensiveIncomeNetOfTax": "None", "ebit": "65707000", "ebitda": "91945000", "netIncome": "38524000"}, {"fiscalDateEnding": "2009-06-30", "reportedCurrency": "USD", "grossProfit": "241962000", "totalRevenue": "427183000", "costOfRevenue": "185221000", "costofGoodsAndServicesSold": "185221000", "operatingIncome": "55885000", "sellingGeneralAndAdministrative": "143670000", "researchAndDevelopment": "42407000", "operatingExpenses": "186077000", "investmentIncomeNet": "None", "netInterestIncome": "None", "interestIncome": "None", "interestExpense": "10367000", "nonInterestIncome": "None", "otherNonOperatingIncome": "None", "depreciation": "None", "depreciationAndAmortization": "25438000", "incomeBeforeTax": "49274000", "incomeTaxExpense": "9974000", "interestAndDebtExpense": "None", "netIncomeFromContinuingOperations": "0", "comprehensiveIncomeNetOfTax": "None", "ebit": "59641000", "ebitda": "85079000", "netIncome": "37969000"}, {"fiscalDateEnding": "2009-03-31", "reportedCurrency": "USD", "grossProfit": "228902000", "totalRevenue": "400933000", "costOfRevenue": "172031000", "costofGoodsAndServicesSold": "172031000", "operatingIncome": "51437000", "sellingGeneralAndAdministrative": "140313000", "researchAndDevelopment": "37152000", "operatingExpenses": "177465000", "investmentIncomeNet": "None", "netInterestIncome": "None", "interestIncome": "None", "interestExpense": "7807000", "nonInterestIncome": "None", "otherNonOperatingIncome": "None", "depreciation": "None", "depreciationAndAmortization": "22327000", "incomeBeforeTax": "43245000", "incomeTaxExpense": "11202000", "interestAndDebtExpense": "None", "netIncomeFromContinuingOperations": "0", "comprehensiveIncomeNetOfTax": "None", "ebit": "51052000", "ebitda": "73379000", "netIncome": "30265000"}, {"fiscalDateEnding": "2008-12-31", "reportedCurrency": "USD", "grossProfit": "246676000", "totalRevenue": "447965000", "costOfRevenue": "201289000", "costofGoodsAndServicesSold": "201289000", "operatingIncome": "22302000", "sellingGeneralAndAdministrative": "154497000", "researchAndDevelopment": "41120000", "operatingExpenses": "195617000", "investmentIncomeNet": "None", "netInterestIncome": "None", "interestIncome": "None", "interestExpense": "7985000", "nonInterestIncome": "None", "otherNonOperatingIncome": "None", "depreciation": "None", "depreciationAndAmortization": "22778000", "incomeBeforeTax": "4059000", "incomeTaxExpense": "10567000", "interestAndDebtExpense": "None", "netIncomeFromContinuingOperations": "0", "comprehensiveIncomeNetOfTax": "None", "ebit": "14315000", "ebitda": "37093000", "netIncome": "-8216000"}, {"fiscalDateEnding": "2008-09-30", "reportedCurrency": "USD", "grossProfit": "240542000", "totalRevenue": "441842000", "costOfRevenue": "201300000", "costofGoodsAndServicesSold": "201300000", "operatingIncome": "51194000", "sellingGeneralAndAdministrative": "150518000", "researchAndDevelopment": "38830000", "operatingExpenses": "189348000", "investmentIncomeNet": "None", "netInterestIncome": "None", "interestIncome": "None", "interestExpense": "8180000", "nonInterestIncome": "None", "otherNonOperatingIncome": "None", "depreciation": "None", "depreciationAndAmortization": "24999000", "incomeBeforeTax": "43446000", "incomeTaxExpense": "12557000", "interestAndDebtExpense": "None", "netIncomeFromContinuingOperations": "0", "comprehensiveIncomeNetOfTax": "None", "ebit": "50762000", "ebitda": "75761000", "netIncome": "27833000"}, {"fiscalDateEnding": "2008-06-30", "reportedCurrency": "USD", "grossProfit": "248421000", "totalRevenue": "452361000", "costOfRevenue": "203940000", "costofGoodsAndServicesSold": "203940000", "operatingIncome": "59708000", "sellingGeneralAndAdministrative": "146634000", "researchAndDevelopment": "42079000", "operatingExpenses": "188713000", "investmentIncomeNet": "None", "netInterestIncome": "None", "interestIncome": "None", "interestExpense": "7991000", "nonInterestIncome": "None", "otherNonOperatingIncome": "None", "depreciation": "None", "depreciationAndAmortization": "25583000", "incomeBeforeTax": "55956000", "incomeTaxExpense": "10632000", "interestAndDebtExpense": "None", "netIncomeFromContinuingOperations": "0", "comprehensiveIncomeNetOfTax": "None", "ebit": "55469000", "ebitda": "81052000", "netIncome": "43398000"}, {"fiscalDateEnding": "2008-03-31", "reportedCurrency": "USD", "grossProfit": "226883000", "totalRevenue": "422197000", "costOfRevenue": "195314000", "costofGoodsAndServicesSold": "195314000", "operatingIncome": "49739000", "sellingGeneralAndAdministrative": "139655000", "researchAndDevelopment": "37489000", "operatingExpenses": "177144000", "investmentIncomeNet": "None", "netInterestIncome": "None", "interestIncome": "None", "interestExpense": "7957000", "nonInterestIncome": "None", "otherNonOperatingIncome": "None", "depreciation": "None", "depreciationAndAmortization": "23740000", "incomeBeforeTax": "39382000", "incomeTaxExpense": "10823000", "interestAndDebtExpense": "None", "netIncomeFromContinuingOperations": "0", "comprehensiveIncomeNetOfTax": "None", "ebit": "52139000", "ebitda": "75879000", "netIncome": "26495000"}, {"fiscalDateEnding": "2007-12-31", "reportedCurrency": "USD", "grossProfit": "233633000", "totalRevenue": "459688000", "costOfRevenue": "226055000", "costofGoodsAndServicesSold": "226055000", "operatingIncome": "23132000", "sellingGeneralAndAdministrative": "162990000", "researchAndDevelopment": "39855000", "operatingExpenses": "202845000", "investmentIncomeNet": "None", "netInterestIncome": "None", "interestIncome": "None", "interestExpense": "8023000", "nonInterestIncome": "None", "otherNonOperatingIncome": "None", "depreciation": "None", "depreciationAndAmortization": "23894000", "incomeBeforeTax": "12584000", "incomeTaxExpense": "-1072000", "interestAndDebtExpense": "None", "netIncomeFromContinuingOperations": "0", "comprehensiveIncomeNetOfTax": "None", "ebit": "30788000", "ebitda": "54682000", "netIncome": "12355000"}, {"fiscalDateEnding": "2007-09-30", "reportedCurrency": "USD", "grossProfit": "188357000", "totalRevenue": "339742000", "costOfRevenue": "151385000", "costofGoodsAndServicesSold": "151385000", "operatingIncome": "37525000", "sellingGeneralAndAdministrative": "117687000", "researchAndDevelopment": "33145000", "operatingExpenses": "150832000", "investmentIncomeNet": "None", "netInterestIncome": "None", "interestIncome": "None", "interestExpense": "7847000", "nonInterestIncome": "None", "otherNonOperatingIncome": "None", "depreciation": "None", "depreciationAndAmortization": "14566000", "incomeBeforeTax": "35108000", "incomeTaxExpense": "7137000", "interestAndDebtExpense": "None", "netIncomeFromContinuingOperations": "0", "comprehensiveIncomeNetOfTax": "None", "ebit": "37525000", "ebitda": "52091000", "netIncome": "27971000"}, {"fiscalDateEnding": "2007-06-30", "reportedCurrency": "USD", "grossProfit": "189991000", "totalRevenue": "339114000", "costOfRevenue": "149123000", "costofGoodsAndServicesSold": "149123000", "operatingIncome": "35686000", "sellingGeneralAndAdministrative": "119551000", "researchAndDevelopment": "34754000", "operatingExpenses": "154305000", "investmentIncomeNet": "None", "netInterestIncome": "None", "interestIncome": "None", "interestExpense": "7867000", "nonInterestIncome": "None", "otherNonOperatingIncome": "None", "depreciation": "None", "depreciationAndAmortization": "14465000", "incomeBeforeTax": "35712000", "incomeTaxExpense": "10041000", "interestAndDebtExpense": "None", "netIncomeFromContinuingOperations": "0", "comprehensiveIncomeNetOfTax": "None", "ebit": "35686000", "ebitda": "50151000", "netIncome": "25671000"}, {"fiscalDateEnding": "2007-03-31", "reportedCurrency": "USD", "grossProfit": "179381000", "totalRevenue": "322508000", "costOfRevenue": "143127000", "costofGoodsAndServicesSold": "143127000", "operatingIncome": "38850000", "sellingGeneralAndAdministrative": "107750000", "researchAndDevelopment": "32781000", "operatingExpenses": "140531000", "investmentIncomeNet": "None", "netInterestIncome": "None", "interestIncome": "None", "interestExpense": "7869000", "nonInterestIncome": "None", "otherNonOperatingIncome": "None", "depreciation": "None", "depreciationAndAmortization": "14375000", "incomeBeforeTax": "37439000", "incomeTaxExpense": "10442000", "interestAndDebtExpense": "None", "netIncomeFromContinuingOperations": "0", "comprehensiveIncomeNetOfTax": "None", "ebit": "38850000", "ebitda": "53225000", "netIncome": "26997000"}, {"fiscalDateEnding": "2006-12-31", "reportedCurrency": "USD", "grossProfit": "185557000", "totalRevenue": "343081000", "costOfRevenue": "157524000", "costofGoodsAndServicesSold": "157524000", "operatingIncome": "25668000", "sellingGeneralAndAdministrative": "122463000", "researchAndDevelopment": "33326000", "operatingExpenses": "155789000", "investmentIncomeNet": "None", "netInterestIncome": "None", "interestIncome": "None", "interestExpense": "7911000", "nonInterestIncome": "None", "otherNonOperatingIncome": "None", "depreciation": "None", "depreciationAndAmortization": "15100000", "incomeBeforeTax": "23845000", "incomeTaxExpense": "7196000", "interestAndDebtExpense": "None", "netIncomeFromContinuingOperations": "0", "comprehensiveIncomeNetOfTax": "None", "ebit": "29768000", "ebitda": "44868000", "netIncome": "16649000"}, {"fiscalDateEnding": "2006-09-30", "reportedCurrency": "USD", "grossProfit": "166789000", "totalRevenue": "304764000", "costOfRevenue": "137975000", "costofGoodsAndServicesSold": "137975000", "operatingIncome": "29851000", "sellingGeneralAndAdministrative": "105950000", "researchAndDevelopment": "30988000", "operatingExpenses": "136938000", "investmentIncomeNet": "None", "netInterestIncome": "None", "interestIncome": "None", "interestExpense": "8212000000", "nonInterestIncome": "None", "otherNonOperatingIncome": "None", "depreciation": "None", "depreciationAndAmortization": "13864000", "incomeBeforeTax": "32446000", "incomeTaxExpense": "9296000", "interestAndDebtExpense": "None", "netIncomeFromContinuingOperations": "0", "comprehensiveIncomeNetOfTax": "None", "ebit": "29851000", "ebitda": "43715000", "netIncome": "23150000"}, {"fiscalDateEnding": "2006-06-30", "reportedCurrency": "USD", "grossProfit": "184662000", "totalRevenue": "317747000", "costOfRevenue": "133085000", "costofGoodsAndServicesSold": "133085000", "operatingIncome": "43225000", "sellingGeneralAndAdministrative": "110466000", "researchAndDevelopment": "30971000", "operatingExpenses": "141437000", "investmentIncomeNet": "None", "netInterestIncome": "None", "interestIncome": "None", "interestExpense": "7880000000", "nonInterestIncome": "None", "otherNonOperatingIncome": "None", "depreciation": "None", "depreciationAndAmortization": "13465000", "incomeBeforeTax": "41857000", "incomeTaxExpense": "9591000", "interestAndDebtExpense": "None", "netIncomeFromContinuingOperations": "0", "comprehensiveIncomeNetOfTax": "None", "ebit": "43225000", "ebitda": "56690000", "netIncome": "32266000"}, {"fiscalDateEnding": "2006-03-31", "reportedCurrency": "USD", "grossProfit": "175528000", "totalRevenue": "308338000", "costOfRevenue": "132810000", "costofGoodsAndServicesSold": "132810000", "operatingIncome": "47367000", "sellingGeneralAndAdministrative": "100070000", "researchAndDevelopment": "28091000", "operatingExpenses": "128161000", "investmentIncomeNet": "None", "netInterestIncome": "None", "interestIncome": "None", "interestExpense": "8019000000", "nonInterestIncome": "None", "otherNonOperatingIncome": "None", "depreciation": "None", "depreciationAndAmortization": "12971000", "incomeBeforeTax": "43879000", "incomeTaxExpense": "12681000", "interestAndDebtExpense": "None", "netIncomeFromContinuingOperations": "0", "comprehensiveIncomeNetOfTax": "None", "ebit": "47367000", "ebitda": "60338000", "netIncome": "31198000"}, {"fiscalDateEnding": "2005-12-31", "reportedCurrency": "USD", "grossProfit": "162625000", "totalRevenue": "307287000", "costOfRevenue": "144662000", "costofGoodsAndServicesSold": "144662000", "operatingIncome": "21890000", "sellingGeneralAndAdministrative": "109626000", "researchAndDevelopment": "31109000", "operatingExpenses": "140735000", "investmentIncomeNet": "None", "netInterestIncome": "None", "interestIncome": "None", "interestExpense": "8272000", "nonInterestIncome": "None", "otherNonOperatingIncome": "None", "depreciation": "None", "depreciationAndAmortization": "16419000", "incomeBeforeTax": "9005000", "incomeTaxExpense": "-4447000", "interestAndDebtExpense": "None", "netIncomeFromContinuingOperations": "0", "comprehensiveIncomeNetOfTax": "None", "ebit": "21890000", "ebitda": "38309000", "netIncome": "13452000"}]}