{"symbol": "AIRTP", "annualReports": [{"fiscalDateEnding": "2025-03-31", "reportedCurrency": "USD", "grossProfit": "60191000", "totalRevenue": "291850000", "costOfRevenue": "231659000", "costofGoodsAndServicesSold": "231659000", "operatingIncome": "1908000", "sellingGeneralAndAdministrative": "57848000", "researchAndDevelopment": "None", "operatingExpenses": "58283000", "investmentIncomeNet": "None", "netInterestIncome": "-8554000", "interestIncome": "375000", "interestExpense": "8929000", "nonInterestIncome": "None", "otherNonOperatingIncome": "None", "depreciation": "None", "depreciationAndAmortization": "4356000", "incomeBeforeTax": "-4988000", "incomeTaxExpense": "423000", "interestAndDebtExpense": "None", "netIncomeFromContinuingOperations": "-5411000", "comprehensiveIncomeNetOfTax": "None", "ebit": "3618000", "ebitda": "7974000", "netIncome": "-6140000"}, {"fiscalDateEnding": "2024-03-31", "reportedCurrency": "USD", "grossProfit": "52378000", "totalRevenue": "286834000", "costOfRevenue": "234456000", "costofGoodsAndServicesSold": "234456000", "operatingIncome": "1264000", "sellingGeneralAndAdministrative": "51114000", "researchAndDevelopment": "None", "operatingExpenses": "51114000", "investmentIncomeNet": "None", "netInterestIncome": "-6916000", "interestIncome": "92000", "interestExpense": "7008000", "nonInterestIncome": "None", "otherNonOperatingIncome": "None", "depreciation": "None", "depreciationAndAmortization": "2798000", "incomeBeforeTax": "-3955000", "incomeTaxExpense": "729000", "interestAndDebtExpense": "None", "netIncomeFromContinuingOperations": "-4684000", "comprehensiveIncomeNetOfTax": "None", "ebit": "2733000", "ebitda": "5531000", "netIncome": "-6819000"}, {"fiscalDateEnding": "2023-03-31", "reportedCurrency": "USD", "grossProfit": "48825000", "totalRevenue": "247323000", "costOfRevenue": "198498000", "costofGoodsAndServicesSold": "198498000", "operatingIncome": "-4407000", "sellingGeneralAndAdministrative": "42844000", "researchAndDevelopment": "None", "operatingExpenses": "53232000", "investmentIncomeNet": "None", "netInterestIncome": "-7935000", "interestIncome": "328000", "interestExpense": "8263000", "nonInterestIncome": "None", "otherNonOperatingIncome": "989000", "depreciation": "None", "depreciationAndAmortization": "4162000", "incomeBeforeTax": "-11353000", "incomeTaxExpense": "432000", "interestAndDebtExpense": "None", "netIncomeFromContinuingOperations": "-11785000", "comprehensiveIncomeNetOfTax": "None", "ebit": "-3421000", "ebitda": "741000", "netIncome": "-12295000"}, {"fiscalDateEnding": "2022-03-31", "reportedCurrency": "USD", "grossProfit": "39382000", "totalRevenue": "177077000", "costOfRevenue": "137695000", "costofGoodsAndServicesSold": "137695000", "operatingIncome": "8755000", "sellingGeneralAndAdministrative": "29817000", "researchAndDevelopment": "None", "operatingExpenses": "30627000", "investmentIncomeNet": "None", "netInterestIncome": "-4948000", "interestIncome": "227000", "interestExpense": "5175000", "nonInterestIncome": "None", "otherNonOperatingIncome": "None", "depreciation": "None", "depreciationAndAmortization": "1860000", "incomeBeforeTax": "13396000", "incomeTaxExpense": "1169000", "interestAndDebtExpense": "None", "netIncomeFromContinuingOperations": "12227000", "comprehensiveIncomeNetOfTax": "None", "ebit": "18204000", "ebitda": "20064000", "netIncome": "10928000"}, {"fiscalDateEnding": "2021-03-31", "reportedCurrency": "USD", "grossProfit": "31671000", "totalRevenue": "175121000", "costOfRevenue": "143450000", "costofGoodsAndServicesSold": "143450000", "operatingIncome": "-9175000", "sellingGeneralAndAdministrative": "34264000", "researchAndDevelopment": "None", "operatingExpenses": "40846000", "investmentIncomeNet": "None", "netInterestIncome": "-4624000", "interestIncome": "16000", "interestExpense": "4640000", "nonInterestIncome": "None", "otherNonOperatingIncome": "None", "depreciation": "None", "depreciationAndAmortization": "3107000", "incomeBeforeTax": "-11781000", "incomeTaxExpense": "-3387000", "interestAndDebtExpense": "None", "netIncomeFromContinuingOperations": "-8394000", "comprehensiveIncomeNetOfTax": "None", "ebit": "-7429000", "ebitda": "-4322000", "netIncome": "-7277000"}, {"fiscalDateEnding": "2020-03-31", "reportedCurrency": "USD", "grossProfit": "47053000", "totalRevenue": "236785000", "costOfRevenue": "189732000", "costofGoodsAndServicesSold": "189732000", "operatingIncome": "7291000", "sellingGeneralAndAdministrative": "39781000", "researchAndDevelopment": "None", "operatingExpenses": "39762000", "investmentIncomeNet": "None", "netInterestIncome": "-4692000", "interestIncome": "3000", "interestExpense": "4695000", "nonInterestIncome": "None", "otherNonOperatingIncome": "None", "depreciation": "None", "depreciationAndAmortization": "5712000", "incomeBeforeTax": "2624000", "incomeTaxExpense": "-544000", "interestAndDebtExpense": "None", "netIncomeFromContinuingOperations": "3168000", "comprehensiveIncomeNetOfTax": "None", "ebit": "7082000", "ebitda": "12794000", "netIncome": "7656000"}, {"fiscalDateEnding": "2019-03-31", "reportedCurrency": "USD", "grossProfit": "46462024", "totalRevenue": "249834478", "costOfRevenue": "203372454", "costofGoodsAndServicesSold": "203372454", "operatingIncome": "8064705", "sellingGeneralAndAdministrative": "38376113", "researchAndDevelopment": "0", "operatingExpenses": "38376113", "investmentIncomeNet": "None", "netInterestIncome": "-3427102", "interestIncome": "57628", "interestExpense": "3485000", "nonInterestIncome": "None", "otherNonOperatingIncome": "None", "depreciation": "None", "depreciationAndAmortization": "7239000", "incomeBeforeTax": "4702116", "incomeTaxExpense": "1502184", "interestAndDebtExpense": "None", "netIncomeFromContinuingOperations": "3199932", "comprehensiveIncomeNetOfTax": "None", "ebit": "9453000", "ebitda": "16692000", "netIncome": "1339995"}, {"fiscalDateEnding": "2018-03-31", "reportedCurrency": "USD", "grossProfit": "33609942", "totalRevenue": "194519345", "costOfRevenue": "160909403", "costofGoodsAndServicesSold": "160909403", "operatingIncome": "4245523", "sellingGeneralAndAdministrative": "29168766", "researchAndDevelopment": "195653", "operatingExpenses": "28801919", "investmentIncomeNet": "None", "netInterestIncome": "-1724771", "interestIncome": "None", "interestExpense": "571651", "nonInterestIncome": "None", "otherNonOperatingIncome": "None", "depreciation": "None", "depreciationAndAmortization": "2678858", "incomeBeforeTax": "2651607", "incomeTaxExpense": "195000", "interestAndDebtExpense": "None", "netIncomeFromContinuingOperations": "2456607", "comprehensiveIncomeNetOfTax": "None", "ebit": "4376376", "ebitda": "7055234", "netIncome": "2277109"}, {"fiscalDateEnding": "2017-03-31", "reportedCurrency": "USD", "grossProfit": "20147670", "totalRevenue": "148471659", "costOfRevenue": "128323989", "costofGoodsAndServicesSold": "128323989", "operatingIncome": "-3100773", "sellingGeneralAndAdministrative": "22180477", "researchAndDevelopment": "1042496", "operatingExpenses": "23222973", "investmentIncomeNet": "None", "netInterestIncome": "-571651", "interestIncome": "None", "interestExpense": "571651", "nonInterestIncome": "None", "otherNonOperatingIncome": "None", "depreciation": "None", "depreciationAndAmortization": "3181845", "incomeBeforeTax": "-4219186", "incomeTaxExpense": "725000", "interestAndDebtExpense": "None", "netIncomeFromContinuingOperations": "-4944186", "comprehensiveIncomeNetOfTax": "None", "ebit": "-3075303", "ebitda": "106542", "netIncome": "-3213539"}, {"fiscalDateEnding": "2016-03-31", "reportedCurrency": "USD", "grossProfit": "24943467", "totalRevenue": "148211938", "costOfRevenue": "123268471", "costofGoodsAndServicesSold": "123268471", "operatingIncome": "6031663", "sellingGeneralAndAdministrative": "18139830", "researchAndDevelopment": "777942", "operatingExpenses": "18917772", "investmentIncomeNet": "None", "netInterestIncome": "None", "interestIncome": "None", "interestExpense": "80743", "nonInterestIncome": "None", "otherNonOperatingIncome": "None", "depreciation": "None", "depreciationAndAmortization": "1107207", "incomeBeforeTax": "6153409", "incomeTaxExpense": "2395452", "interestAndDebtExpense": "None", "netIncomeFromContinuingOperations": "3757957", "comprehensiveIncomeNetOfTax": "None", "ebit": "6229410", "ebitda": "7336617", "netIncome": "4943065"}, {"fiscalDateEnding": "2015-03-31", "reportedCurrency": "USD", "grossProfit": "16770584", "totalRevenue": "112181158", "costOfRevenue": "95410574", "costofGoodsAndServicesSold": "95410574", "operatingIncome": "3416703", "sellingGeneralAndAdministrative": "14222996", "researchAndDevelopment": "777942", "operatingExpenses": "14222996", "investmentIncomeNet": "None", "netInterestIncome": "None", "interestIncome": "None", "interestExpense": "0", "nonInterestIncome": "None", "otherNonOperatingIncome": "None", "depreciation": "None", "depreciationAndAmortization": "856911", "incomeBeforeTax": "3414926", "incomeTaxExpense": "931000", "interestAndDebtExpense": "None", "netIncomeFromContinuingOperations": "2483926", "comprehensiveIncomeNetOfTax": "None", "ebit": "3425188", "ebitda": "4282099", "netIncome": "2483926"}, {"fiscalDateEnding": "2014-03-31", "reportedCurrency": "USD", "grossProfit": "15452430", "totalRevenue": "100772045", "costOfRevenue": "85319615", "costofGoodsAndServicesSold": "85319615", "operatingIncome": "2632540", "sellingGeneralAndAdministrative": "12843507", "researchAndDevelopment": "None", "operatingExpenses": "12843507", "investmentIncomeNet": "None", "netInterestIncome": "None", "interestIncome": "None", "interestExpense": "None", "nonInterestIncome": "None", "otherNonOperatingIncome": "None", "depreciation": "None", "depreciationAndAmortization": "752412", "incomeBeforeTax": "2658636", "incomeTaxExpense": "1192000", "interestAndDebtExpense": "None", "netIncomeFromContinuingOperations": "None", "comprehensiveIncomeNetOfTax": "None", "ebit": "2608923", "ebitda": "3361335", "netIncome": "1466636"}, {"fiscalDateEnding": "2013-03-31", "reportedCurrency": "USD", "grossProfit": "15189284", "totalRevenue": "103064239", "costOfRevenue": "87874955", "costofGoodsAndServicesSold": "87874955", "operatingIncome": "2728028", "sellingGeneralAndAdministrative": "12456893", "researchAndDevelopment": "None", "operatingExpenses": "12456893", "investmentIncomeNet": "None", "netInterestIncome": "None", "interestIncome": "None", "interestExpense": "None", "nonInterestIncome": "None", "otherNonOperatingIncome": "None", "depreciation": "None", "depreciationAndAmortization": "532770", "incomeBeforeTax": "2729860", "incomeTaxExpense": "1060000", "interestAndDebtExpense": "None", "netIncomeFromContinuingOperations": "None", "comprehensiveIncomeNetOfTax": "None", "ebit": "2732391", "ebitda": "3265161", "netIncome": "1669860"}, {"fiscalDateEnding": "2012-03-31", "reportedCurrency": "USD", "grossProfit": "13664573", "totalRevenue": "89382131", "costOfRevenue": "75717558", "costofGoodsAndServicesSold": "75717558", "operatingIncome": "2073540", "sellingGeneralAndAdministrative": "11335044", "researchAndDevelopment": "None", "operatingExpenses": "11591033", "investmentIncomeNet": "None", "netInterestIncome": "None", "interestIncome": "None", "interestExpense": "11649", "nonInterestIncome": "None", "otherNonOperatingIncome": "None", "depreciation": "None", "depreciationAndAmortization": "278357", "incomeBeforeTax": "2096224", "incomeTaxExpense": "746000", "interestAndDebtExpense": "None", "netIncomeFromContinuingOperations": "None", "comprehensiveIncomeNetOfTax": "None", "ebit": "2107875", "ebitda": "2386232", "netIncome": "1350224"}, {"fiscalDateEnding": "2011-03-31", "reportedCurrency": "USD", "grossProfit": "14290359", "totalRevenue": "83361932", "costOfRevenue": "69071573", "costofGoodsAndServicesSold": "69071573", "operatingIncome": "3438451", "sellingGeneralAndAdministrative": "10589408", "researchAndDevelopment": "None", "operatingExpenses": "10851908", "investmentIncomeNet": "None", "netInterestIncome": "None", "interestIncome": "None", "interestExpense": "1400", "nonInterestIncome": "None", "otherNonOperatingIncome": "None", "depreciation": "None", "depreciationAndAmortization": "365912", "incomeBeforeTax": "3568902", "incomeTaxExpense": "1431000", "interestAndDebtExpense": "None", "netIncomeFromContinuingOperations": "None", "comprehensiveIncomeNetOfTax": "None", "ebit": "3570300", "ebitda": "3936212", "netIncome": "2137902"}, {"fiscalDateEnding": "2010-03-31", "reportedCurrency": "USD", "grossProfit": "16492832", "totalRevenue": "81076989", "costOfRevenue": "64584157", "costofGoodsAndServicesSold": "64584157", "operatingIncome": "5434072", "sellingGeneralAndAdministrative": "10643656", "researchAndDevelopment": "None", "operatingExpenses": "11058760", "investmentIncomeNet": "None", "netInterestIncome": "None", "interestIncome": "None", "interestExpense": "16101", "nonInterestIncome": "None", "otherNonOperatingIncome": "None", "depreciation": "None", "depreciationAndAmortization": "415104", "incomeBeforeTax": "5556023", "incomeTaxExpense": "1799000", "interestAndDebtExpense": "None", "netIncomeFromContinuingOperations": "None", "comprehensiveIncomeNetOfTax": "None", "ebit": "5572124", "ebitda": "5987228", "netIncome": "3757023"}, {"fiscalDateEnding": "2009-03-31", "reportedCurrency": "USD", "grossProfit": "18346429", "totalRevenue": "90668010", "costOfRevenue": "72321581", "costofGoodsAndServicesSold": "72321581", "operatingIncome": "6666381", "sellingGeneralAndAdministrative": "11242304", "researchAndDevelopment": "None", "operatingExpenses": "11680048", "investmentIncomeNet": "None", "netInterestIncome": "None", "interestIncome": "None", "interestExpense": "104728", "nonInterestIncome": "None", "otherNonOperatingIncome": "None", "depreciation": "None", "depreciationAndAmortization": "437744", "incomeBeforeTax": "6991645", "incomeTaxExpense": "2613000", "interestAndDebtExpense": "None", "netIncomeFromContinuingOperations": "None", "comprehensiveIncomeNetOfTax": "None", "ebit": "7096371", "ebitda": "7534115", "netIncome": "4378645"}, {"fiscalDateEnding": "2008-03-31", "reportedCurrency": "USD", "grossProfit": "15697854", "totalRevenue": "78398806", "costOfRevenue": "62700952", "costofGoodsAndServicesSold": "62700952", "operatingIncome": "5053688", "sellingGeneralAndAdministrative": "10171711", "researchAndDevelopment": "None", "operatingExpenses": "73345118", "investmentIncomeNet": "None", "netInterestIncome": "None", "interestIncome": "None", "interestExpense": "171028", "nonInterestIncome": "None", "otherNonOperatingIncome": "None", "depreciation": "None", "depreciationAndAmortization": "472455", "incomeBeforeTax": "5176437", "incomeTaxExpense": "1774000", "interestAndDebtExpense": "None", "netIncomeFromContinuingOperations": "None", "comprehensiveIncomeNetOfTax": "None", "ebit": "5347465", "ebitda": "5819920", "netIncome": "3402437"}, {"fiscalDateEnding": "2007-03-31", "reportedCurrency": "USD", "grossProfit": "14074616", "totalRevenue": "67303345", "costOfRevenue": "53228729", "costofGoodsAndServicesSold": "53228729", "operatingIncome": "3826647", "sellingGeneralAndAdministrative": "9582151", "researchAndDevelopment": "None", "operatingExpenses": "63476698", "investmentIncomeNet": "None", "netInterestIncome": "None", "interestIncome": "None", "interestExpense": "210148", "nonInterestIncome": "None", "otherNonOperatingIncome": "None", "depreciation": "None", "depreciationAndAmortization": "665818", "incomeBeforeTax": "3902386", "incomeTaxExpense": "1416340", "interestAndDebtExpense": "None", "netIncomeFromContinuingOperations": "None", "comprehensiveIncomeNetOfTax": "None", "ebit": "4080290", "ebitda": "4746108", "netIncome": "2486046"}, {"fiscalDateEnding": "2006-03-31", "reportedCurrency": "USD", "grossProfit": "13432197", "totalRevenue": "79528631", "costOfRevenue": "66096434", "costofGoodsAndServicesSold": "66096434", "operatingIncome": "3157745", "sellingGeneralAndAdministrative": "9591353", "researchAndDevelopment": "None", "operatingExpenses": "76370886", "investmentIncomeNet": "None", "netInterestIncome": "None", "interestIncome": "None", "interestExpense": "None", "nonInterestIncome": "None", "otherNonOperatingIncome": "None", "depreciation": "None", "depreciationAndAmortization": "683099", "incomeBeforeTax": "3081021", "incomeTaxExpense": "1026110", "interestAndDebtExpense": "None", "netIncomeFromContinuingOperations": "None", "comprehensiveIncomeNetOfTax": "None", "ebit": "3157745", "ebitda": "3840844", "netIncome": "2054911"}], "quarterlyReports": [{"fiscalDateEnding": "2025-12-31", "reportedCurrency": "USD", "grossProfit": "12870000", "totalRevenue": "71132000", "costOfRevenue": "58261000", "costofGoodsAndServicesSold": "58261000", "operatingIncome": "-3780000", "sellingGeneralAndAdministrative": "22558000", "researchAndDevelopment": "None", "operatingExpenses": "4459000", "investmentIncomeNet": "None", "netInterestIncome": "-2380000", "interestIncome": "None", "interestExpense": "2380000", "nonInterestIncome": "None", "otherNonOperatingIncome": "None", "depreciation": "None", "depreciationAndAmortization": "1585000", "incomeBeforeTax": "-1880000", "incomeTaxExpense": "121000", "interestAndDebtExpense": "None", "netIncomeFromContinuingOperations": "-2001000", "comprehensiveIncomeNetOfTax": "None", "ebit": "-3780000", "ebitda": "-2195000", "netIncome": "-2451000"}, {"fiscalDateEnding": "2025-09-30", "reportedCurrency": "USD", "grossProfit": "16309000", "totalRevenue": "64150000", "costOfRevenue": "47841000", "costofGoodsAndServicesSold": "47841000", "operatingIncome": "-1790000", "sellingGeneralAndAdministrative": "18099000", "researchAndDevelopment": "None", "operatingExpenses": "18099000", "investmentIncomeNet": "None", "netInterestIncome": "-2252000", "interestIncome": "None", "interestExpense": "2252000", "nonInterestIncome": "None", "otherNonOperatingIncome": "None", "depreciation": "None", "depreciationAndAmortization": "827000", "incomeBeforeTax": "7234000", "incomeTaxExpense": "2201000", "interestAndDebtExpense": "None", "netIncomeFromContinuingOperations": "5033000", "comprehensiveIncomeNetOfTax": "None", "ebit": "9486000", "ebitda": "10313000", "netIncome": "4355000"}, {"fiscalDateEnding": "2025-06-30", "reportedCurrency": "USD", "grossProfit": "15477000", "totalRevenue": "70870000", "costOfRevenue": "55393000", "costofGoodsAndServicesSold": "55393000", "operatingIncome": "446000", "sellingGeneralAndAdministrative": "15031000", "researchAndDevelopment": "None", "operatingExpenses": "15031000", "investmentIncomeNet": "None", "netInterestIncome": "-2314000", "interestIncome": "None", "interestExpense": "2314000", "nonInterestIncome": "None", "otherNonOperatingIncome": "None", "depreciation": "None", "depreciationAndAmortization": "1284000", "incomeBeforeTax": "-807000", "incomeTaxExpense": "-136000", "interestAndDebtExpense": "None", "netIncomeFromContinuingOperations": "-671000", "comprehensiveIncomeNetOfTax": "None", "ebit": "1507000", "ebitda": "2791000", "netIncome": "-1636000"}, {"fiscalDateEnding": "2025-03-31", "reportedCurrency": "USD", "grossProfit": "9713000", "totalRevenue": "66315000", "costOfRevenue": "56602000", "costofGoodsAndServicesSold": "56602000", "operatingIncome": "-3229000", "sellingGeneralAndAdministrative": "15231000", "researchAndDevelopment": "None", "operatingExpenses": "12942000", "investmentIncomeNet": "None", "netInterestIncome": "-1884000", "interestIncome": "None", "interestExpense": "1884000", "nonInterestIncome": "None", "otherNonOperatingIncome": "None", "depreciation": "None", "depreciationAndAmortization": "1318000", "incomeBeforeTax": "-7493000", "incomeTaxExpense": "-331000", "interestAndDebtExpense": "None", "netIncomeFromContinuingOperations": "-7162000", "comprehensiveIncomeNetOfTax": "None", "ebit": "-5557000", "ebitda": "-4239000", "netIncome": "-7028000"}, {"fiscalDateEnding": "2024-12-31", "reportedCurrency": "USD", "grossProfit": "16990000", "totalRevenue": "77880000", "costOfRevenue": "60890000", "costofGoodsAndServicesSold": "60890000", "operatingIncome": "1816000", "sellingGeneralAndAdministrative": "14181000", "researchAndDevelopment": "None", "operatingExpenses": "15174000", "investmentIncomeNet": "None", "netInterestIncome": "-2561000", "interestIncome": "None", "interestExpense": "2561000", "nonInterestIncome": "None", "otherNonOperatingIncome": "None", "depreciation": "None", "depreciationAndAmortization": "1328000", "incomeBeforeTax": "-896000", "incomeTaxExpense": "347000", "interestAndDebtExpense": "None", "netIncomeFromContinuingOperations": "-1243000", "comprehensiveIncomeNetOfTax": "None", "ebit": "1665000", "ebitda": "2993000", "netIncome": "-1297000"}, {"fiscalDateEnding": "2024-09-30", "reportedCurrency": "USD", "grossProfit": "18101000", "totalRevenue": "81242000", "costOfRevenue": "63141000", "costofGoodsAndServicesSold": "63141000", "operatingIncome": "3899000", "sellingGeneralAndAdministrative": "14202000", "researchAndDevelopment": "None", "operatingExpenses": "14202000", "investmentIncomeNet": "None", "netInterestIncome": "-2162000", "interestIncome": "None", "interestExpense": "2162000", "nonInterestIncome": "None", "otherNonOperatingIncome": "None", "depreciation": "None", "depreciationAndAmortization": "949000", "incomeBeforeTax": "3299000", "incomeTaxExpense": "336000", "interestAndDebtExpense": "None", "netIncomeFromContinuingOperations": "2963000", "comprehensiveIncomeNetOfTax": "None", "ebit": "5461000", "ebitda": "6410000", "netIncome": "2520000"}, {"fiscalDateEnding": "2024-06-30", "reportedCurrency": "USD", "grossProfit": "14035000", "totalRevenue": "66411000", "costOfRevenue": "52376000", "costofGoodsAndServicesSold": "52376000", "operatingIncome": "-577000", "sellingGeneralAndAdministrative": "14612000", "researchAndDevelopment": "None", "operatingExpenses": "14612000", "investmentIncomeNet": "None", "netInterestIncome": "-1946000", "interestIncome": "None", "interestExpense": "1946000", "nonInterestIncome": "None", "otherNonOperatingIncome": "None", "depreciation": "None", "depreciationAndAmortization": "760000", "incomeBeforeTax": "103000", "incomeTaxExpense": "71000", "interestAndDebtExpense": "None", "netIncomeFromContinuingOperations": "32000", "comprehensiveIncomeNetOfTax": "None", "ebit": "2049000", "ebitda": "2809000", "netIncome": "-335000"}, {"fiscalDateEnding": "2024-03-31", "reportedCurrency": "USD", "grossProfit": "16676000", "totalRevenue": "72680000", "costOfRevenue": "56004000", "costofGoodsAndServicesSold": "56004000", "operatingIncome": "1453000", "sellingGeneralAndAdministrative": "11424000", "researchAndDevelopment": "None", "operatingExpenses": "15223000", "investmentIncomeNet": "None", "netInterestIncome": "-1727000", "interestIncome": "None", "interestExpense": "1727000", "nonInterestIncome": "None", "otherNonOperatingIncome": "None", "depreciation": "None", "depreciationAndAmortization": "710000", "incomeBeforeTax": "-1062000", "incomeTaxExpense": "-122000", "interestAndDebtExpense": "None", "netIncomeFromContinuingOperations": "-940000", "comprehensiveIncomeNetOfTax": "None", "ebit": "433000", "ebitda": "1143000", "netIncome": "-1700000"}, {"fiscalDateEnding": "2023-12-31", "reportedCurrency": "USD", "grossProfit": "12267000", "totalRevenue": "63756000", "costOfRevenue": "51489000", "costofGoodsAndServicesSold": "51489000", "operatingIncome": "-1608000", "sellingGeneralAndAdministrative": "13272000", "researchAndDevelopment": "None", "operatingExpenses": "13875000", "investmentIncomeNet": "None", "netInterestIncome": "-1528000", "interestIncome": "None", "interestExpense": "1528000", "nonInterestIncome": "None", "otherNonOperatingIncome": "None", "depreciation": "None", "depreciationAndAmortization": "699000", "incomeBeforeTax": "-1956000", "incomeTaxExpense": "153000", "interestAndDebtExpense": "None", "netIncomeFromContinuingOperations": "-2109000", "comprehensiveIncomeNetOfTax": "None", "ebit": "-428000", "ebitda": "271000", "netIncome": "-2979000"}, {"fiscalDateEnding": "2023-09-30", "reportedCurrency": "USD", "grossProfit": "13519000", "totalRevenue": "78966000", "costOfRevenue": "65447000", "costofGoodsAndServicesSold": "65447000", "operatingIncome": "761000", "sellingGeneralAndAdministrative": "12758000", "researchAndDevelopment": "None", "operatingExpenses": "12758000", "investmentIncomeNet": "None", "netInterestIncome": "-1853000", "interestIncome": "None", "interestExpense": "1853000", "nonInterestIncome": "None", "otherNonOperatingIncome": "None", "depreciation": "None", "depreciationAndAmortization": "699000", "incomeBeforeTax": "-1121000", "incomeTaxExpense": "487000", "interestAndDebtExpense": "None", "netIncomeFromContinuingOperations": "-1608000", "comprehensiveIncomeNetOfTax": "None", "ebit": "732000", "ebitda": "1431000", "netIncome": "-1609000"}, {"fiscalDateEnding": "2023-06-30", "reportedCurrency": "USD", "grossProfit": "13412000", "totalRevenue": "71431000", "costOfRevenue": "58019000", "costofGoodsAndServicesSold": "58019000", "operatingIncome": "658000", "sellingGeneralAndAdministrative": "12754000", "researchAndDevelopment": "None", "operatingExpenses": "12754000", "investmentIncomeNet": "None", "netInterestIncome": "-1808000", "interestIncome": "None", "interestExpense": "1808000", "nonInterestIncome": "None", "otherNonOperatingIncome": "1334000", "depreciation": "None", "depreciationAndAmortization": "690000", "incomeBeforeTax": "184000", "incomeTaxExpense": "211000", "interestAndDebtExpense": "None", "netIncomeFromContinuingOperations": "-27000", "comprehensiveIncomeNetOfTax": "None", "ebit": "1992000", "ebitda": "2682000", "netIncome": "-531000"}, {"fiscalDateEnding": "2023-03-31", "reportedCurrency": "USD", "grossProfit": "11606000", "totalRevenue": "74377000", "costOfRevenue": "62771000", "costofGoodsAndServicesSold": "62771000", "operatingIncome": "-5554000", "sellingGeneralAndAdministrative": "11484000", "researchAndDevelopment": "None", "operatingExpenses": "17160000", "investmentIncomeNet": "None", "netInterestIncome": "-1914000", "interestIncome": "None", "interestExpense": "1911000", "nonInterestIncome": "None", "otherNonOperatingIncome": "None", "depreciation": "None", "depreciationAndAmortization": "1178000", "incomeBeforeTax": "-8788000", "incomeTaxExpense": "968000", "interestAndDebtExpense": "None", "netIncomeFromContinuingOperations": "-9756000", "comprehensiveIncomeNetOfTax": "None", "ebit": "-6877000", "ebitda": "-5699000", "netIncome": "-9040000"}, {"fiscalDateEnding": "2022-12-31", "reportedCurrency": "USD", "grossProfit": "12276000", "totalRevenue": "61396000", "costOfRevenue": "49120000", "costofGoodsAndServicesSold": "49120000", "operatingIncome": "135000", "sellingGeneralAndAdministrative": "11503000", "researchAndDevelopment": "None", "operatingExpenses": "12141000", "investmentIncomeNet": "None", "netInterestIncome": "-2204000", "interestIncome": "None", "interestExpense": "2204000", "nonInterestIncome": "None", "otherNonOperatingIncome": "2021000", "depreciation": "None", "depreciationAndAmortization": "1096000", "incomeBeforeTax": "-48000", "incomeTaxExpense": "-156000", "interestAndDebtExpense": "None", "netIncomeFromContinuingOperations": "108000", "comprehensiveIncomeNetOfTax": "None", "ebit": "2156000", "ebitda": "3252000", "netIncome": "-590000"}, {"fiscalDateEnding": "2022-09-30", "reportedCurrency": "USD", "grossProfit": "12330000", "totalRevenue": "60688000", "costOfRevenue": "48358000", "costofGoodsAndServicesSold": "48358000", "operatingIncome": "179000", "sellingGeneralAndAdministrative": "10663000", "researchAndDevelopment": "None", "operatingExpenses": "12151000", "investmentIncomeNet": "None", "netInterestIncome": "-1996000", "interestIncome": "None", "interestExpense": "1996000", "nonInterestIncome": "None", "otherNonOperatingIncome": "None", "depreciation": "None", "depreciationAndAmortization": "1027000", "incomeBeforeTax": "-1908000", "incomeTaxExpense": "-572000", "interestAndDebtExpense": "None", "netIncomeFromContinuingOperations": "-1336000", "comprehensiveIncomeNetOfTax": "None", "ebit": "88000", "ebitda": "1115000", "netIncome": "-1232000"}, {"fiscalDateEnding": "2022-06-30", "reportedCurrency": "USD", "grossProfit": "12613000", "totalRevenue": "50862000", "costOfRevenue": "38249000", "costofGoodsAndServicesSold": "38249000", "operatingIncome": "834000", "sellingGeneralAndAdministrative": "11779000", "researchAndDevelopment": "None", "operatingExpenses": "11779000", "investmentIncomeNet": "None", "netInterestIncome": "-1822000", "interestIncome": "None", "interestExpense": "1822000", "nonInterestIncome": "None", "otherNonOperatingIncome": "None", "depreciation": "None", "depreciationAndAmortization": "861000", "incomeBeforeTax": "-610000", "incomeTaxExpense": "192000", "interestAndDebtExpense": "None", "netIncomeFromContinuingOperations": "-802000", "comprehensiveIncomeNetOfTax": "None", "ebit": "1212000", "ebitda": "2073000", "netIncome": "-1433000"}, {"fiscalDateEnding": "2022-03-31", "reportedCurrency": "USD", "grossProfit": "12651000", "totalRevenue": "51437000", "costOfRevenue": "38786000", "costofGoodsAndServicesSold": "38786000", "operatingIncome": "8031000", "sellingGeneralAndAdministrative": "3813000", "researchAndDevelopment": "None", "operatingExpenses": "4620000", "investmentIncomeNet": "None", "netInterestIncome": "-1607000", "interestIncome": "None", "interestExpense": "1607000", "nonInterestIncome": "None", "otherNonOperatingIncome": "None", "depreciation": "None", "depreciationAndAmortization": "714000", "incomeBeforeTax": "6504000", "incomeTaxExpense": "1418000", "interestAndDebtExpense": "None", "netIncomeFromContinuingOperations": "5086000", "comprehensiveIncomeNetOfTax": "None", "ebit": "7971000", "ebitda": "8685000", "netIncome": "4346000"}, {"fiscalDateEnding": "2021-12-31", "reportedCurrency": "USD", "grossProfit": "9193000", "totalRevenue": "45433000", "costOfRevenue": "36240000", "costofGoodsAndServicesSold": "36240000", "operatingIncome": "25000", "sellingGeneralAndAdministrative": "8995000", "researchAndDevelopment": "None", "operatingExpenses": "9168000", "investmentIncomeNet": "None", "netInterestIncome": "-1236000", "interestIncome": "None", "interestExpense": "1236000", "nonInterestIncome": "None", "otherNonOperatingIncome": "None", "depreciation": "None", "depreciationAndAmortization": "443000", "incomeBeforeTax": "-1471000", "incomeTaxExpense": "-282000", "interestAndDebtExpense": "None", "netIncomeFromContinuingOperations": "-1189000", "comprehensiveIncomeNetOfTax": "None", "ebit": "-235000", "ebitda": "208000", "netIncome": "-1262000"}, {"fiscalDateEnding": "2021-09-30", "reportedCurrency": "USD", "grossProfit": "9319000", "totalRevenue": "43238000", "costOfRevenue": "33919000", "costofGoodsAndServicesSold": "33919000", "operatingIncome": "704000", "sellingGeneralAndAdministrative": "8615000", "researchAndDevelopment": "None", "operatingExpenses": "8615000", "investmentIncomeNet": "None", "netInterestIncome": "-1167000", "interestIncome": "None", "interestExpense": "1167000", "nonInterestIncome": "None", "otherNonOperatingIncome": "None", "depreciation": "None", "depreciationAndAmortization": "323000", "incomeBeforeTax": "8041000", "incomeTaxExpense": "38000", "interestAndDebtExpense": "None", "netIncomeFromContinuingOperations": "8003000", "comprehensiveIncomeNetOfTax": "None", "ebit": "9208000", "ebitda": "9531000", "netIncome": "7555000"}, {"fiscalDateEnding": "2021-06-30", "reportedCurrency": "USD", "grossProfit": "8218000", "totalRevenue": "36968000", "costOfRevenue": "28750000", "costofGoodsAndServicesSold": "28750000", "operatingIncome": "-4000", "sellingGeneralAndAdministrative": "8219000", "researchAndDevelopment": "None", "operatingExpenses": "8222000", "investmentIncomeNet": "None", "netInterestIncome": "-939000", "interestIncome": "None", "interestExpense": "939000", "nonInterestIncome": "None", "otherNonOperatingIncome": "None", "depreciation": "None", "depreciationAndAmortization": "380000", "incomeBeforeTax": "322000", "incomeTaxExpense": "-5000", "interestAndDebtExpense": "None", "netIncomeFromContinuingOperations": "327000", "comprehensiveIncomeNetOfTax": "None", "ebit": "1261000", "ebitda": "1641000", "netIncome": "289000"}, {"fiscalDateEnding": "2021-03-31", "reportedCurrency": "USD", "grossProfit": "9611000", "totalRevenue": "46727000", "costOfRevenue": "37116000", "costofGoodsAndServicesSold": "37116000", "operatingIncome": "-6294000", "sellingGeneralAndAdministrative": "9988000", "researchAndDevelopment": "None", "operatingExpenses": "15905000", "investmentIncomeNet": "None", "netInterestIncome": "-1211000", "interestIncome": "None", "interestExpense": "1211000", "nonInterestIncome": "None", "otherNonOperatingIncome": "None", "depreciation": "None", "depreciationAndAmortization": "463000", "incomeBeforeTax": "-7066000", "incomeTaxExpense": "-1222000", "interestAndDebtExpense": "None", "netIncomeFromContinuingOperations": "-5844000", "comprehensiveIncomeNetOfTax": "None", "ebit": "-6127000", "ebitda": "-5664000", "netIncome": "-5615000"}, {"fiscalDateEnding": "2020-12-31", "reportedCurrency": "USD", "grossProfit": "9376000", "totalRevenue": "55819000", "costOfRevenue": "46443000", "costofGoodsAndServicesSold": "46443000", "operatingIncome": "1068000", "sellingGeneralAndAdministrative": "8303000", "researchAndDevelopment": "None", "operatingExpenses": "8308000", "investmentIncomeNet": "None", "netInterestIncome": "-1172000", "interestIncome": "None", "interestExpense": "1172000", "nonInterestIncome": "None", "otherNonOperatingIncome": "None", "depreciation": "None", "depreciationAndAmortization": "886000", "incomeBeforeTax": "1445000", "incomeTaxExpense": "-318000", "interestAndDebtExpense": "None", "netIncomeFromContinuingOperations": "1763000", "comprehensiveIncomeNetOfTax": "None", "ebit": "2617000", "ebitda": "3503000", "netIncome": "2098000"}, {"fiscalDateEnding": "2020-09-30", "reportedCurrency": "USD", "grossProfit": "5401000", "totalRevenue": "35604000", "costOfRevenue": "30203000", "costofGoodsAndServicesSold": "30203000", "operatingIncome": "-3684000", "sellingGeneralAndAdministrative": "9088000", "researchAndDevelopment": "None", "operatingExpenses": "9085000", "investmentIncomeNet": "None", "netInterestIncome": "-1081000", "interestIncome": "None", "interestExpense": "1081000", "nonInterestIncome": "None", "otherNonOperatingIncome": "None", "depreciation": "None", "depreciationAndAmortization": "1149000", "incomeBeforeTax": "-4904000", "incomeTaxExpense": "-1547000", "interestAndDebtExpense": "None", "netIncomeFromContinuingOperations": "-3357000", "comprehensiveIncomeNetOfTax": "None", "ebit": "-3823000", "ebitda": "-2674000", "netIncome": "-2920000"}, {"fiscalDateEnding": "2020-06-30", "reportedCurrency": "USD", "grossProfit": "7282000", "totalRevenue": "36970000", "costOfRevenue": "29688000", "costofGoodsAndServicesSold": "29688000", "operatingIncome": "-266000", "sellingGeneralAndAdministrative": "7550000", "researchAndDevelopment": "None", "operatingExpenses": "7548000", "investmentIncomeNet": "None", "netInterestIncome": "-1161000", "interestIncome": "None", "interestExpense": "1161000", "nonInterestIncome": "None", "otherNonOperatingIncome": "None", "depreciation": "None", "depreciationAndAmortization": "609000", "incomeBeforeTax": "-1256000", "incomeTaxExpense": "-300000", "interestAndDebtExpense": "None", "netIncomeFromContinuingOperations": "-956000", "comprehensiveIncomeNetOfTax": "None", "ebit": "-95000", "ebitda": "514000", "netIncome": "-841000"}, {"fiscalDateEnding": "2020-03-31", "reportedCurrency": "USD", "grossProfit": "13253000", "totalRevenue": "65604000", "costOfRevenue": "52351000", "costofGoodsAndServicesSold": "52351000", "operatingIncome": "2095000", "sellingGeneralAndAdministrative": "11158000", "researchAndDevelopment": "None", "operatingExpenses": "11158000", "investmentIncomeNet": "None", "netInterestIncome": "-394000", "interestIncome": "None", "interestExpense": "394000", "nonInterestIncome": "None", "otherNonOperatingIncome": "None", "depreciation": "None", "depreciationAndAmortization": "1071000", "incomeBeforeTax": "226000", "incomeTaxExpense": "-492000", "interestAndDebtExpense": "None", "netIncomeFromContinuingOperations": "718000", "comprehensiveIncomeNetOfTax": "None", "ebit": "620000", "ebitda": "1691000", "netIncome": "546000"}, {"fiscalDateEnding": "2019-12-31", "reportedCurrency": "USD", "grossProfit": "13251000", "totalRevenue": "73300000", "costOfRevenue": "60049000", "costofGoodsAndServicesSold": "60049000", "operatingIncome": "3720000", "sellingGeneralAndAdministrative": "9550000", "researchAndDevelopment": "None", "operatingExpenses": "9531000", "investmentIncomeNet": "None", "netInterestIncome": "-1227000", "interestIncome": "None", "interestExpense": "1227000", "nonInterestIncome": "None", "otherNonOperatingIncome": "None", "depreciation": "None", "depreciationAndAmortization": "992000", "incomeBeforeTax": "1197000", "incomeTaxExpense": "616000", "interestAndDebtExpense": "None", "netIncomeFromContinuingOperations": "581000", "comprehensiveIncomeNetOfTax": "None", "ebit": "2424000", "ebitda": "3416000", "netIncome": "-430000"}, {"fiscalDateEnding": "2019-09-30", "reportedCurrency": "USD", "grossProfit": "9762000", "totalRevenue": "50693000", "costOfRevenue": "40931000", "costofGoodsAndServicesSold": "40931000", "operatingIncome": "466000", "sellingGeneralAndAdministrative": "9288000", "researchAndDevelopment": "None", "operatingExpenses": "9288000", "investmentIncomeNet": "None", "netInterestIncome": "-2047000", "interestIncome": "None", "interestExpense": "2047000", "nonInterestIncome": "None", "otherNonOperatingIncome": "None", "depreciation": "None", "depreciationAndAmortization": "1614714", "incomeBeforeTax": "-2418000", "incomeTaxExpense": "-296000", "interestAndDebtExpense": "None", "netIncomeFromContinuingOperations": "-2122000", "comprehensiveIncomeNetOfTax": "None", "ebit": "-371000", "ebitda": "1243714", "netIncome": "5715000"}, {"fiscalDateEnding": "2019-06-30", "reportedCurrency": "USD", "grossProfit": "12139778", "totalRevenue": "55704535", "costOfRevenue": "43564757", "costofGoodsAndServicesSold": "43564757", "operatingIncome": "1211699", "sellingGeneralAndAdministrative": "10919320", "researchAndDevelopment": "None", "operatingExpenses": "10919320", "investmentIncomeNet": "None", "netInterestIncome": "-1023622", "interestIncome": "None", "interestExpense": "1023622", "nonInterestIncome": "None", "otherNonOperatingIncome": "None", "depreciation": "None", "depreciationAndAmortization": "2033286", "incomeBeforeTax": "3831659", "incomeTaxExpense": "-324000", "interestAndDebtExpense": "None", "netIncomeFromContinuingOperations": "4155659", "comprehensiveIncomeNetOfTax": "None", "ebit": "4642000", "ebitda": "6675286", "netIncome": "1782352"}, {"fiscalDateEnding": "2019-03-31", "reportedCurrency": "USD", "grossProfit": "15946690", "totalRevenue": "76003561", "costOfRevenue": "60056871", "costofGoodsAndServicesSold": "60056871", "operatingIncome": "5616041", "sellingGeneralAndAdministrative": "10348063", "researchAndDevelopment": "0", "operatingExpenses": "10348063", "investmentIncomeNet": "None", "netInterestIncome": "-819463", "interestIncome": "None", "interestExpense": "819000", "nonInterestIncome": "None", "otherNonOperatingIncome": "None", "depreciation": "None", "depreciationAndAmortization": "2131166", "incomeBeforeTax": "4995862", "incomeTaxExpense": "1334184", "interestAndDebtExpense": "None", "netIncomeFromContinuingOperations": "3661678", "comprehensiveIncomeNetOfTax": "None", "ebit": "5679011", "ebitda": "7810177", "netIncome": "2547438"}, {"fiscalDateEnding": "2018-12-31", "reportedCurrency": "USD", "grossProfit": "11856084", "totalRevenue": "63622671", "costOfRevenue": "51766587", "costofGoodsAndServicesSold": "51766587", "operatingIncome": "1464963", "sellingGeneralAndAdministrative": "10373194", "researchAndDevelopment": "None", "operatingExpenses": "10373194", "investmentIncomeNet": "None", "netInterestIncome": "None", "interestIncome": "None", "interestExpense": "1186349", "nonInterestIncome": "None", "otherNonOperatingIncome": "None", "depreciation": "None", "depreciationAndAmortization": "2232598", "incomeBeforeTax": "-2142866", "incomeTaxExpense": "174000", "interestAndDebtExpense": "None", "netIncomeFromContinuingOperations": "-2316866", "comprehensiveIncomeNetOfTax": "None", "ebit": "-642598", "ebitda": "1590000", "netIncome": "-2714951"}, {"fiscalDateEnding": "2018-09-30", "reportedCurrency": "USD", "grossProfit": "7450052", "totalRevenue": "49340777", "costOfRevenue": "41890725", "costofGoodsAndServicesSold": "41890725", "operatingIncome": "-1620000", "sellingGeneralAndAdministrative": "9070053", "researchAndDevelopment": "None", "operatingExpenses": "9070053", "investmentIncomeNet": "None", "netInterestIncome": "None", "interestIncome": "None", "interestExpense": "714091", "nonInterestIncome": "None", "otherNonOperatingIncome": "None", "depreciation": "None", "depreciationAndAmortization": "1826905", "incomeBeforeTax": "-1819990", "incomeTaxExpense": "-393000", "interestAndDebtExpense": "None", "netIncomeFromContinuingOperations": "-1426990", "comprehensiveIncomeNetOfTax": "None", "ebit": "-610306", "ebitda": "1216599", "netIncome": "-1321185"}, {"fiscalDateEnding": "2018-06-30", "reportedCurrency": "USD", "grossProfit": "11188505", "totalRevenue": "60867469", "costOfRevenue": "49678964", "costofGoodsAndServicesSold": "49678964", "operatingIncome": "2603702", "sellingGeneralAndAdministrative": "8584803", "researchAndDevelopment": "None", "operatingExpenses": "8584803", "investmentIncomeNet": "None", "netInterestIncome": "None", "interestIncome": "None", "interestExpense": "707199", "nonInterestIncome": "None", "otherNonOperatingIncome": "None", "depreciation": "None", "depreciationAndAmortization": "1495401", "incomeBeforeTax": "3669111", "incomeTaxExpense": "387000", "interestAndDebtExpense": "None", "netIncomeFromContinuingOperations": "3282111", "comprehensiveIncomeNetOfTax": "None", "ebit": "4376312", "ebitda": "5871713", "netIncome": "2828694"}, {"fiscalDateEnding": "2018-03-31", "reportedCurrency": "USD", "grossProfit": "9043109", "totalRevenue": "53459236", "costOfRevenue": "44416127", "costofGoodsAndServicesSold": "44416127", "operatingIncome": "1005617", "sellingGeneralAndAdministrative": "8054140", "researchAndDevelopment": "195457347", "operatingExpenses": "8054140", "investmentIncomeNet": "None", "netInterestIncome": "None", "interestIncome": "None", "interestExpense": "714594", "nonInterestIncome": "None", "otherNonOperatingIncome": "None", "depreciation": "None", "depreciationAndAmortization": "934902", "incomeBeforeTax": "1062701", "incomeTaxExpense": "-400000", "interestAndDebtExpense": "None", "netIncomeFromContinuingOperations": "1462701", "comprehensiveIncomeNetOfTax": "None", "ebit": "1777295", "ebitda": "2712197", "netIncome": "1558958"}, {"fiscalDateEnding": "2017-12-31", "reportedCurrency": "USD", "grossProfit": "7821800", "totalRevenue": "44501246", "costOfRevenue": "36679446", "costofGoodsAndServicesSold": "36679446", "operatingIncome": "551680", "sellingGeneralAndAdministrative": "7252381", "researchAndDevelopment": "None", "operatingExpenses": "7252381", "investmentIncomeNet": "None", "netInterestIncome": "None", "interestIncome": "None", "interestExpense": "538459", "nonInterestIncome": "None", "otherNonOperatingIncome": "None", "depreciation": "None", "depreciationAndAmortization": "815590", "incomeBeforeTax": "-774441", "incomeTaxExpense": "-60000", "interestAndDebtExpense": "None", "netIncomeFromContinuingOperations": "None", "comprehensiveIncomeNetOfTax": "None", "ebit": "-235982", "ebitda": "579608", "netIncome": "-671939"}, {"fiscalDateEnding": "2017-09-30", "reportedCurrency": "USD", "grossProfit": "7752144", "totalRevenue": "48861490", "costOfRevenue": "41109346", "costofGoodsAndServicesSold": "41109346", "operatingIncome": "475658", "sellingGeneralAndAdministrative": "7276486", "researchAndDevelopment": "195653", "operatingExpenses": "6713986", "investmentIncomeNet": "None", "netInterestIncome": "None", "interestIncome": "None", "interestExpense": "322199", "nonInterestIncome": "None", "otherNonOperatingIncome": "None", "depreciation": "None", "depreciationAndAmortization": "529538", "incomeBeforeTax": "759467", "incomeTaxExpense": "281000", "interestAndDebtExpense": "None", "netIncomeFromContinuingOperations": "None", "comprehensiveIncomeNetOfTax": "None", "ebit": "1081668", "ebitda": "1611206", "netIncome": "421701"}, {"fiscalDateEnding": "2017-06-30", "reportedCurrency": "USD", "grossProfit": "8992889", "totalRevenue": "47697373", "costOfRevenue": "38704484", "costofGoodsAndServicesSold": "38704484", "operatingIncome": "2212568", "sellingGeneralAndAdministrative": "6585759", "researchAndDevelopment": "195653", "operatingExpenses": "6781412", "investmentIncomeNet": "None", "netInterestIncome": "None", "interestIncome": "None", "interestExpense": "149519", "nonInterestIncome": "None", "otherNonOperatingIncome": "None", "depreciation": "None", "depreciationAndAmortization": "398827", "incomeBeforeTax": "1603880", "incomeTaxExpense": "374000", "interestAndDebtExpense": "None", "netIncomeFromContinuingOperations": "None", "comprehensiveIncomeNetOfTax": "None", "ebit": "2179574", "ebitda": "2578401", "netIncome": "968389"}, {"fiscalDateEnding": "2017-03-31", "reportedCurrency": "USD", "grossProfit": "7754952", "totalRevenue": "43686246", "costOfRevenue": "35931294", "costofGoodsAndServicesSold": "35931294", "operatingIncome": "1311553", "sellingGeneralAndAdministrative": "6247822", "researchAndDevelopment": "184016", "operatingExpenses": "6431838", "investmentIncomeNet": "None", "netInterestIncome": "None", "interestIncome": "None", "interestExpense": "293432", "nonInterestIncome": "None", "otherNonOperatingIncome": "None", "depreciation": "None", "depreciationAndAmortization": "426774", "incomeBeforeTax": "873088", "incomeTaxExpense": "573000", "interestAndDebtExpense": "None", "netIncomeFromContinuingOperations": "None", "comprehensiveIncomeNetOfTax": "None", "ebit": "1323114", "ebitda": "1749888", "netIncome": "-1461891"}, {"fiscalDateEnding": "2016-12-31", "reportedCurrency": "USD", "grossProfit": "6721187", "totalRevenue": "35769170", "costOfRevenue": "29047983", "costofGoodsAndServicesSold": "29047983", "operatingIncome": "1639417", "sellingGeneralAndAdministrative": "4960263", "researchAndDevelopment": "107598", "operatingExpenses": "5067861", "investmentIncomeNet": "None", "netInterestIncome": "None", "interestIncome": "None", "interestExpense": "136842", "nonInterestIncome": "None", "otherNonOperatingIncome": "None", "depreciation": "None", "depreciationAndAmortization": "411798", "incomeBeforeTax": "1814292", "incomeTaxExpense": "149000", "interestAndDebtExpense": "None", "netIncomeFromContinuingOperations": "None", "comprehensiveIncomeNetOfTax": "None", "ebit": "1951138", "ebitda": "2362936", "netIncome": "856105"}, {"fiscalDateEnding": "2016-09-30", "reportedCurrency": "USD", "grossProfit": "6405107", "totalRevenue": "38522990", "costOfRevenue": "32117883", "costofGoodsAndServicesSold": "32117883", "operatingIncome": "1021739", "sellingGeneralAndAdministrative": "5143446", "researchAndDevelopment": "239922", "operatingExpenses": "5383368", "investmentIncomeNet": "None", "netInterestIncome": "None", "interestIncome": "None", "interestExpense": "77366", "nonInterestIncome": "None", "otherNonOperatingIncome": "None", "depreciation": "None", "depreciationAndAmortization": "353672", "incomeBeforeTax": "1454814", "incomeTaxExpense": "375000", "interestAndDebtExpense": "None", "netIncomeFromContinuingOperations": "None", "comprehensiveIncomeNetOfTax": "None", "ebit": "1532178", "ebitda": "1885850", "netIncome": "1068549"}, {"fiscalDateEnding": "2016-06-30", "reportedCurrency": "USD", "grossProfit": "-733576", "totalRevenue": "30493253", "costOfRevenue": "31226829", "costofGoodsAndServicesSold": "31226829", "operatingIncome": "-7073482", "sellingGeneralAndAdministrative": "5828946", "researchAndDevelopment": "510960", "operatingExpenses": "6339906", "investmentIncomeNet": "None", "netInterestIncome": "None", "interestIncome": "None", "interestExpense": "64011", "nonInterestIncome": "None", "otherNonOperatingIncome": "None", "depreciation": "None", "depreciationAndAmortization": "1989601", "incomeBeforeTax": "-8361380", "incomeTaxExpense": "-372000", "interestAndDebtExpense": "None", "netIncomeFromContinuingOperations": "None", "comprehensiveIncomeNetOfTax": "None", "ebit": "-7073482", "ebitda": "-5083881", "netIncome": "-3676302"}, {"fiscalDateEnding": "2016-03-31", "reportedCurrency": "USD", "grossProfit": "4382157", "totalRevenue": "34580916", "costOfRevenue": "30198759", "costofGoodsAndServicesSold": "30198759", "operatingIncome": "-2314005", "sellingGeneralAndAdministrative": "6089351", "researchAndDevelopment": "561942", "operatingExpenses": "6651293", "investmentIncomeNet": "None", "netInterestIncome": "None", "interestIncome": "None", "interestExpense": "59454", "nonInterestIncome": "None", "otherNonOperatingIncome": "None", "depreciation": "None", "depreciationAndAmortization": "589612", "incomeBeforeTax": "-2217711", "incomeTaxExpense": "-471548", "interestAndDebtExpense": "None", "netIncomeFromContinuingOperations": "None", "comprehensiveIncomeNetOfTax": "None", "ebit": "-2059136", "ebitda": "-1469524", "netIncome": "-1086195"}, {"fiscalDateEnding": "2015-12-31", "reportedCurrency": "USD", "grossProfit": "8635263", "totalRevenue": "46618573", "costOfRevenue": "37983310", "costofGoodsAndServicesSold": "37983310", "operatingIncome": "3890117", "sellingGeneralAndAdministrative": "4585364", "researchAndDevelopment": "216000", "operatingExpenses": "4801364", "investmentIncomeNet": "None", "netInterestIncome": "None", "interestIncome": "None", "interestExpense": "50920", "nonInterestIncome": "None", "otherNonOperatingIncome": "None", "depreciation": "None", "depreciationAndAmortization": "296474", "incomeBeforeTax": "3945200", "incomeTaxExpense": "1499000", "interestAndDebtExpense": "None", "netIncomeFromContinuingOperations": "None", "comprehensiveIncomeNetOfTax": "None", "ebit": "3833898", "ebitda": "4130372", "netIncome": "2971340"}, {"fiscalDateEnding": "2015-09-30", "reportedCurrency": "USD", "grossProfit": "9173242", "totalRevenue": "44653929", "costOfRevenue": "35480687", "costofGoodsAndServicesSold": "35480687", "operatingIncome": "5504651", "sellingGeneralAndAdministrative": "3658187", "researchAndDevelopment": "None", "operatingExpenses": "3658187", "investmentIncomeNet": "None", "netInterestIncome": "None", "interestIncome": "None", "interestExpense": "9690", "nonInterestIncome": "None", "otherNonOperatingIncome": "None", "depreciation": "None", "depreciationAndAmortization": "192504", "incomeBeforeTax": "5494960", "incomeTaxExpense": "1701000", "interestAndDebtExpense": "None", "netIncomeFromContinuingOperations": "None", "comprehensiveIncomeNetOfTax": "None", "ebit": "5504650", "ebitda": "5697154", "netIncome": "3793960"}, {"fiscalDateEnding": "2015-06-30", "reportedCurrency": "USD", "grossProfit": "2752805", "totalRevenue": "22358520", "costOfRevenue": "19605715", "costofGoodsAndServicesSold": "19605715", "operatingIncome": "-1049099", "sellingGeneralAndAdministrative": "3806928", "researchAndDevelopment": "None", "operatingExpenses": "3806928", "investmentIncomeNet": "None", "netInterestIncome": "None", "interestIncome": "None", "interestExpense": "None", "nonInterestIncome": "None", "otherNonOperatingIncome": "None", "depreciation": "None", "depreciationAndAmortization": "178617", "incomeBeforeTax": "-1069040", "incomeTaxExpense": "-333000", "interestAndDebtExpense": "None", "netIncomeFromContinuingOperations": "None", "comprehensiveIncomeNetOfTax": "None", "ebit": "-1054123", "ebitda": "-875506", "netIncome": "-736040"}, {"fiscalDateEnding": "2015-03-31", "reportedCurrency": "USD", "grossProfit": "2353031", "totalRevenue": "24884909", "costOfRevenue": "22531878", "costofGoodsAndServicesSold": "22531878", "operatingIncome": "-1419563", "sellingGeneralAndAdministrative": "3586928", "researchAndDevelopment": "None", "operatingExpenses": "3586928", "investmentIncomeNet": "None", "netInterestIncome": "None", "interestIncome": "None", "interestExpense": "14914", "nonInterestIncome": "None", "otherNonOperatingIncome": "None", "depreciation": "None", "depreciationAndAmortization": "196086", "incomeBeforeTax": "-1419446", "incomeTaxExpense": "-563821", "interestAndDebtExpense": "None", "netIncomeFromContinuingOperations": "None", "comprehensiveIncomeNetOfTax": "None", "ebit": "-1233897", "ebitda": "-1037811", "netIncome": "-855625"}, {"fiscalDateEnding": "2014-12-31", "reportedCurrency": "USD", "grossProfit": "5014180", "totalRevenue": "30892986", "costOfRevenue": "25878806", "costofGoodsAndServicesSold": "25878806", "operatingIncome": "2140820", "sellingGeneralAndAdministrative": "3654280", "researchAndDevelopment": "None", "operatingExpenses": "3654280", "investmentIncomeNet": "None", "netInterestIncome": "None", "interestIncome": "None", "interestExpense": "2798", "nonInterestIncome": "None", "otherNonOperatingIncome": "None", "depreciation": "None", "depreciationAndAmortization": "221655", "incomeBeforeTax": "2139070", "incomeTaxExpense": "690617", "interestAndDebtExpense": "None", "netIncomeFromContinuingOperations": "None", "comprehensiveIncomeNetOfTax": "None", "ebit": "2141868", "ebitda": "2363523", "netIncome": "1448453"}, {"fiscalDateEnding": "2014-09-30", "reportedCurrency": "USD", "grossProfit": "6258914", "totalRevenue": "34624726", "costOfRevenue": "28365812", "costofGoodsAndServicesSold": "28365812", "operatingIncome": "2596622", "sellingGeneralAndAdministrative": "3748359", "researchAndDevelopment": "None", "operatingExpenses": "3748359", "investmentIncomeNet": "None", "netInterestIncome": "None", "interestIncome": "None", "interestExpense": "12116", "nonInterestIncome": "None", "otherNonOperatingIncome": "None", "depreciation": "None", "depreciationAndAmortization": "222630", "incomeBeforeTax": "2584506", "incomeTaxExpense": "766200", "interestAndDebtExpense": "None", "netIncomeFromContinuingOperations": "None", "comprehensiveIncomeNetOfTax": "None", "ebit": "2510555", "ebitda": "2733185", "netIncome": "1818306"}, {"fiscalDateEnding": "2014-06-30", "reportedCurrency": "USD", "grossProfit": "3144459", "totalRevenue": "21778537", "costOfRevenue": "18634078", "costofGoodsAndServicesSold": "18634078", "operatingIncome": "98824", "sellingGeneralAndAdministrative": "3233429", "researchAndDevelopment": "None", "operatingExpenses": "3233429", "investmentIncomeNet": "None", "netInterestIncome": "None", "interestIncome": "None", "interestExpense": "None", "nonInterestIncome": "None", "otherNonOperatingIncome": "None", "depreciation": "None", "depreciationAndAmortization": "216540", "incomeBeforeTax": "110797", "incomeTaxExpense": "38000", "interestAndDebtExpense": "None", "netIncomeFromContinuingOperations": "None", "comprehensiveIncomeNetOfTax": "None", "ebit": "-88970", "ebitda": "127570", "netIncome": "72797"}, {"fiscalDateEnding": "2014-03-31", "reportedCurrency": "USD", "grossProfit": "4165278", "totalRevenue": "25467299", "costOfRevenue": "21302021", "costofGoodsAndServicesSold": "21302021", "operatingIncome": "863920", "sellingGeneralAndAdministrative": "3299987", "researchAndDevelopment": "None", "operatingExpenses": "3299987", "investmentIncomeNet": "None", "netInterestIncome": "None", "interestIncome": "None", "interestExpense": "5839", "nonInterestIncome": "None", "otherNonOperatingIncome": "None", "depreciation": "None", "depreciationAndAmortization": "212122", "incomeBeforeTax": "879118", "incomeTaxExpense": "462000", "interestAndDebtExpense": "None", "netIncomeFromContinuingOperations": "None", "comprehensiveIncomeNetOfTax": "None", "ebit": "823566", "ebitda": "1035688", "netIncome": "417118"}, {"fiscalDateEnding": "2013-12-31", "reportedCurrency": "USD", "grossProfit": "4545946", "totalRevenue": "29834600", "costOfRevenue": "25288654", "costofGoodsAndServicesSold": "25288654", "operatingIncome": "795670", "sellingGeneralAndAdministrative": "3775264", "researchAndDevelopment": "None", "operatingExpenses": "3775264", "investmentIncomeNet": "None", "netInterestIncome": "None", "interestIncome": "None", "interestExpense": "4938", "nonInterestIncome": "None", "otherNonOperatingIncome": "None", "depreciation": "None", "depreciationAndAmortization": "214636", "incomeBeforeTax": "794897", "incomeTaxExpense": "340000", "interestAndDebtExpense": "None", "netIncomeFromContinuingOperations": "None", "comprehensiveIncomeNetOfTax": "None", "ebit": "799835", "ebitda": "1014471", "netIncome": "454897"}, {"fiscalDateEnding": "2013-09-30", "reportedCurrency": "USD", "grossProfit": "3570710", "totalRevenue": "24190092", "costOfRevenue": "20619382", "costofGoodsAndServicesSold": "20619382", "operatingIncome": "752492", "sellingGeneralAndAdministrative": "2818218", "researchAndDevelopment": "None", "operatingExpenses": "2818218", "investmentIncomeNet": "None", "netInterestIncome": "None", "interestIncome": "None", "interestExpense": "901", "nonInterestIncome": "None", "otherNonOperatingIncome": "None", "depreciation": "None", "depreciationAndAmortization": "181353", "incomeBeforeTax": "757110", "incomeTaxExpense": "301000", "interestAndDebtExpense": "None", "netIncomeFromContinuingOperations": "None", "comprehensiveIncomeNetOfTax": "None", "ebit": "758011", "ebitda": "939364", "netIncome": "456110"}, {"fiscalDateEnding": "2013-06-30", "reportedCurrency": "USD", "grossProfit": "3170496", "totalRevenue": "21280054", "costOfRevenue": "18109558", "costofGoodsAndServicesSold": "18109558", "operatingIncome": "220458", "sellingGeneralAndAdministrative": "2950038", "researchAndDevelopment": "None", "operatingExpenses": "2950038", "investmentIncomeNet": "None", "netInterestIncome": "None", "interestIncome": "None", "interestExpense": "None", "nonInterestIncome": "None", "otherNonOperatingIncome": "None", "depreciation": "None", "depreciationAndAmortization": "144301", "incomeBeforeTax": "227511", "incomeTaxExpense": "89000", "interestAndDebtExpense": "None", "netIncomeFromContinuingOperations": "None", "comprehensiveIncomeNetOfTax": "None", "ebit": "220458", "ebitda": "364759", "netIncome": "138511"}, {"fiscalDateEnding": "2013-03-31", "reportedCurrency": "USD", "grossProfit": "4041871", "totalRevenue": "30710746", "costOfRevenue": "26668875", "costofGoodsAndServicesSold": "26668875", "operatingIncome": "736882", "sellingGeneralAndAdministrative": "3300626", "researchAndDevelopment": "None", "operatingExpenses": "3300626", "investmentIncomeNet": "None", "netInterestIncome": "None", "interestIncome": "None", "interestExpense": "4059", "nonInterestIncome": "None", "otherNonOperatingIncome": "None", "depreciation": "None", "depreciationAndAmortization": "219927", "incomeBeforeTax": "734655", "incomeTaxExpense": "342000", "interestAndDebtExpense": "None", "netIncomeFromContinuingOperations": "None", "comprehensiveIncomeNetOfTax": "None", "ebit": "674595", "ebitda": "894522", "netIncome": "392655"}, {"fiscalDateEnding": "2012-12-31", "reportedCurrency": "USD", "grossProfit": "4221967", "totalRevenue": "26703268", "costOfRevenue": "22481301", "costofGoodsAndServicesSold": "22481301", "operatingIncome": "986542", "sellingGeneralAndAdministrative": "3235425", "researchAndDevelopment": "None", "operatingExpenses": "3235425", "investmentIncomeNet": "None", "netInterestIncome": "None", "interestIncome": "None", "interestExpense": "3222", "nonInterestIncome": "None", "otherNonOperatingIncome": "None", "depreciation": "None", "depreciationAndAmortization": "105129", "incomeBeforeTax": "989760", "incomeTaxExpense": "357000", "interestAndDebtExpense": "None", "netIncomeFromContinuingOperations": "None", "comprehensiveIncomeNetOfTax": "None", "ebit": "1020881", "ebitda": "1126010", "netIncome": "632760"}, {"fiscalDateEnding": "2012-09-30", "reportedCurrency": "USD", "grossProfit": "3430566", "totalRevenue": "21162060", "costOfRevenue": "17731494", "costofGoodsAndServicesSold": "17731494", "operatingIncome": "350934", "sellingGeneralAndAdministrative": "2975925", "researchAndDevelopment": "None", "operatingExpenses": "3079632", "investmentIncomeNet": "None", "netInterestIncome": "None", "interestIncome": "None", "interestExpense": "965", "nonInterestIncome": "None", "otherNonOperatingIncome": "None", "depreciation": "None", "depreciationAndAmortization": "103707", "incomeBeforeTax": "353432", "incomeTaxExpense": "126000", "interestAndDebtExpense": "None", "netIncomeFromContinuingOperations": "None", "comprehensiveIncomeNetOfTax": "None", "ebit": "369256", "ebitda": "472963", "netIncome": "227432"}, {"fiscalDateEnding": "2012-06-30", "reportedCurrency": "USD", "grossProfit": "3702594", "totalRevenue": "24488165", "costOfRevenue": "20785571", "costofGoodsAndServicesSold": "20785571", "operatingIncome": "653670", "sellingGeneralAndAdministrative": "2946661", "researchAndDevelopment": "None", "operatingExpenses": "3048924", "investmentIncomeNet": "None", "netInterestIncome": "None", "interestIncome": "None", "interestExpense": "6222", "nonInterestIncome": "None", "otherNonOperatingIncome": "None", "depreciation": "None", "depreciationAndAmortization": "104007", "incomeBeforeTax": "652013", "incomeTaxExpense": "235000", "interestAndDebtExpense": "None", "netIncomeFromContinuingOperations": "None", "comprehensiveIncomeNetOfTax": "None", "ebit": "678909", "ebitda": "782916", "netIncome": "417013"}, {"fiscalDateEnding": "2012-03-31", "reportedCurrency": "USD", "grossProfit": "3328572", "totalRevenue": "21709671", "costOfRevenue": "18381099", "costofGoodsAndServicesSold": "18381099", "operatingIncome": "3305", "sellingGeneralAndAdministrative": "3231322", "researchAndDevelopment": "None", "operatingExpenses": "3325267", "investmentIncomeNet": "None", "netInterestIncome": "None", "interestIncome": "None", "interestExpense": "9863", "nonInterestIncome": "None", "otherNonOperatingIncome": "None", "depreciation": "None", "depreciationAndAmortization": "86654", "incomeBeforeTax": "-1376", "incomeTaxExpense": "-12000", "interestAndDebtExpense": "None", "netIncomeFromContinuingOperations": "None", "comprehensiveIncomeNetOfTax": "None", "ebit": "8487", "ebitda": "95141", "netIncome": "10624"}, {"fiscalDateEnding": "2011-12-31", "reportedCurrency": "USD", "grossProfit": "3859876", "totalRevenue": "25650045", "costOfRevenue": "21790169", "costofGoodsAndServicesSold": "21790169", "operatingIncome": "901304", "sellingGeneralAndAdministrative": "2914114", "researchAndDevelopment": "None", "operatingExpenses": "2958572", "investmentIncomeNet": "None", "netInterestIncome": "None", "interestIncome": "None", "interestExpense": "992", "nonInterestIncome": "None", "otherNonOperatingIncome": "None", "depreciation": "None", "depreciationAndAmortization": "74992", "incomeBeforeTax": "906728", "incomeTaxExpense": "328000", "interestAndDebtExpense": "None", "netIncomeFromContinuingOperations": "None", "comprehensiveIncomeNetOfTax": "None", "ebit": "901304", "ebitda": "976296", "netIncome": "578728"}, {"fiscalDateEnding": "2011-09-30", "reportedCurrency": "USD", "grossProfit": "3635910", "totalRevenue": "25460918", "costOfRevenue": "21825008", "costofGoodsAndServicesSold": "21825008", "operatingIncome": "918814", "sellingGeneralAndAdministrative": "2654301", "researchAndDevelopment": "None", "operatingExpenses": "2717096", "investmentIncomeNet": "None", "netInterestIncome": "None", "interestIncome": "None", "interestExpense": "1442", "nonInterestIncome": "None", "otherNonOperatingIncome": "None", "depreciation": "None", "depreciationAndAmortization": "62795", "incomeBeforeTax": "927723", "incomeTaxExpense": "335000", "interestAndDebtExpense": "None", "netIncomeFromContinuingOperations": "None", "comprehensiveIncomeNetOfTax": "None", "ebit": "929165", "ebitda": "991960", "netIncome": "592723"}, {"fiscalDateEnding": "2011-06-30", "reportedCurrency": "USD", "grossProfit": "2840215", "totalRevenue": "16561497", "costOfRevenue": "13721282", "costofGoodsAndServicesSold": "13721282", "operatingIncome": "250992", "sellingGeneralAndAdministrative": "2535307", "researchAndDevelopment": "None", "operatingExpenses": "2589223", "investmentIncomeNet": "None", "netInterestIncome": "None", "interestIncome": "None", "interestExpense": "227", "nonInterestIncome": "None", "otherNonOperatingIncome": "None", "depreciation": "None", "depreciationAndAmortization": "53916", "incomeBeforeTax": "263149", "incomeTaxExpense": "95000", "interestAndDebtExpense": "None", "netIncomeFromContinuingOperations": "None", "comprehensiveIncomeNetOfTax": "None", "ebit": "263376", "ebitda": "317292", "netIncome": "168149"}, {"fiscalDateEnding": "2011-03-31", "reportedCurrency": "USD", "grossProfit": "4355070", "totalRevenue": "25853683", "costOfRevenue": "21498613", "costofGoodsAndServicesSold": "21498613", "operatingIncome": "1297134", "sellingGeneralAndAdministrative": "3069348", "researchAndDevelopment": "None", "operatingExpenses": "3057936", "investmentIncomeNet": "None", "netInterestIncome": "None", "interestIncome": "None", "interestExpense": "163", "nonInterestIncome": "None", "otherNonOperatingIncome": "None", "depreciation": "None", "depreciationAndAmortization": "92000", "incomeBeforeTax": "1309653", "incomeTaxExpense": "615000", "interestAndDebtExpense": "None", "netIncomeFromContinuingOperations": "None", "comprehensiveIncomeNetOfTax": "None", "ebit": "1309490", "ebitda": "1401490", "netIncome": "694653"}, {"fiscalDateEnding": "2010-12-31", "reportedCurrency": "USD", "grossProfit": "3632328", "totalRevenue": "22313690", "costOfRevenue": "18681362", "costofGoodsAndServicesSold": "18681362", "operatingIncome": "914580", "sellingGeneralAndAdministrative": "2631419", "researchAndDevelopment": "None", "operatingExpenses": "2717748", "investmentIncomeNet": "None", "netInterestIncome": "None", "interestIncome": "None", "interestExpense": "208", "nonInterestIncome": "None", "otherNonOperatingIncome": "None", "depreciation": "None", "depreciationAndAmortization": "86329", "incomeBeforeTax": "937519", "incomeTaxExpense": "339000", "interestAndDebtExpense": "None", "netIncomeFromContinuingOperations": "None", "comprehensiveIncomeNetOfTax": "None", "ebit": "938247", "ebitda": "1024576", "netIncome": "598519"}, {"fiscalDateEnding": "2010-09-30", "reportedCurrency": "USD", "grossProfit": "3392958", "totalRevenue": "20171284", "costOfRevenue": "16778326", "costofGoodsAndServicesSold": "16778326", "operatingIncome": "816375", "sellingGeneralAndAdministrative": "2485715", "researchAndDevelopment": "None", "operatingExpenses": "2576583", "investmentIncomeNet": "None", "netInterestIncome": "None", "interestIncome": "None", "interestExpense": "1067", "nonInterestIncome": "None", "otherNonOperatingIncome": "None", "depreciation": "None", "depreciationAndAmortization": "90868", "incomeBeforeTax": "854179", "incomeTaxExpense": "308000", "interestAndDebtExpense": "None", "netIncomeFromContinuingOperations": "None", "comprehensiveIncomeNetOfTax": "None", "ebit": "855246", "ebitda": "946114", "netIncome": "546179"}, {"fiscalDateEnding": "2010-06-30", "reportedCurrency": "USD", "grossProfit": "2910003", "totalRevenue": "15023275", "costOfRevenue": "12113272", "costofGoodsAndServicesSold": "12113272", "operatingIncome": "410362", "sellingGeneralAndAdministrative": "2402926", "researchAndDevelopment": "None", "operatingExpenses": "2499641", "investmentIncomeNet": "None", "netInterestIncome": "None", "interestIncome": "None", "interestExpense": "288", "nonInterestIncome": "None", "otherNonOperatingIncome": "None", "depreciation": "None", "depreciationAndAmortization": "96715", "incomeBeforeTax": "467551", "incomeTaxExpense": "169000", "interestAndDebtExpense": "None", "netIncomeFromContinuingOperations": "None", "comprehensiveIncomeNetOfTax": "None", "ebit": "467839", "ebitda": "564554", "netIncome": "298551"}, {"fiscalDateEnding": "2010-03-31", "reportedCurrency": "USD", "grossProfit": "3517241", "totalRevenue": "19665767", "costOfRevenue": "16148526", "costofGoodsAndServicesSold": "16148526", "operatingIncome": "599698", "sellingGeneralAndAdministrative": "2819509", "researchAndDevelopment": "None", "operatingExpenses": "2917543", "investmentIncomeNet": "None", "netInterestIncome": "None", "interestIncome": "None", "interestExpense": "1081", "nonInterestIncome": "None", "otherNonOperatingIncome": "None", "depreciation": "None", "depreciationAndAmortization": "98034", "incomeBeforeTax": "657743", "incomeTaxExpense": "113000", "interestAndDebtExpense": "None", "netIncomeFromContinuingOperations": "None", "comprehensiveIncomeNetOfTax": "None", "ebit": "656662", "ebitda": "754696", "netIncome": "544743"}, {"fiscalDateEnding": "2009-12-31", "reportedCurrency": "USD", "grossProfit": "4486491", "totalRevenue": "22321127", "costOfRevenue": "17834636", "costofGoodsAndServicesSold": "17834636", "operatingIncome": "1768645", "sellingGeneralAndAdministrative": "2612140", "researchAndDevelopment": "None", "operatingExpenses": "2717846", "investmentIncomeNet": "None", "netInterestIncome": "None", "interestIncome": "None", "interestExpense": "262", "nonInterestIncome": "None", "otherNonOperatingIncome": "None", "depreciation": "None", "depreciationAndAmortization": "105706", "incomeBeforeTax": "1789258", "incomeTaxExpense": "542000", "interestAndDebtExpense": "None", "netIncomeFromContinuingOperations": "None", "comprehensiveIncomeNetOfTax": "None", "ebit": "1789520", "ebitda": "1895226", "netIncome": "1247258"}, {"fiscalDateEnding": "2009-09-30", "reportedCurrency": "USD", "grossProfit": "3999546", "totalRevenue": "20141788", "costOfRevenue": "16142242", "costofGoodsAndServicesSold": "16142242", "operatingIncome": "1330592", "sellingGeneralAndAdministrative": "2561488", "researchAndDevelopment": "None", "operatingExpenses": "2668954", "investmentIncomeNet": "None", "netInterestIncome": "None", "interestIncome": "None", "interestExpense": "3241", "nonInterestIncome": "None", "otherNonOperatingIncome": "None", "depreciation": "None", "depreciationAndAmortization": "107466", "incomeBeforeTax": "1352055", "incomeTaxExpense": "505000", "interestAndDebtExpense": "None", "netIncomeFromContinuingOperations": "None", "comprehensiveIncomeNetOfTax": "None", "ebit": "1355296", "ebitda": "1462762", "netIncome": "847055"}, {"fiscalDateEnding": "2009-06-30", "reportedCurrency": "USD", "grossProfit": "4489554", "totalRevenue": "18948307", "costOfRevenue": "14458753", "costofGoodsAndServicesSold": "14458753", "operatingIncome": "1735137", "sellingGeneralAndAdministrative": "2650519", "researchAndDevelopment": "None", "operatingExpenses": "2754417", "investmentIncomeNet": "None", "netInterestIncome": "None", "interestIncome": "None", "interestExpense": "13679", "nonInterestIncome": "None", "otherNonOperatingIncome": "None", "depreciation": "None", "depreciationAndAmortization": "103898", "incomeBeforeTax": "1756967", "incomeTaxExpense": "639000", "interestAndDebtExpense": "None", "netIncomeFromContinuingOperations": "None", "comprehensiveIncomeNetOfTax": "None", "ebit": "1770646", "ebitda": "1874544", "netIncome": "1117967"}, {"fiscalDateEnding": "2009-03-31", "reportedCurrency": "USD", "grossProfit": "4067871", "totalRevenue": "20701539", "costOfRevenue": "16633668", "costofGoodsAndServicesSold": "16633668", "operatingIncome": "1281002", "sellingGeneralAndAdministrative": "2679472", "researchAndDevelopment": "None", "operatingExpenses": "2786869", "investmentIncomeNet": "None", "netInterestIncome": "None", "interestIncome": "None", "interestExpense": "23210", "nonInterestIncome": "None", "otherNonOperatingIncome": "None", "depreciation": "None", "depreciationAndAmortization": "107397", "incomeBeforeTax": "1260255", "incomeTaxExpense": "518000", "interestAndDebtExpense": "None", "netIncomeFromContinuingOperations": "None", "comprehensiveIncomeNetOfTax": "None", "ebit": "1283465", "ebitda": "1390862", "netIncome": "742255"}, {"fiscalDateEnding": "2008-12-31", "reportedCurrency": "USD", "grossProfit": "4147295", "totalRevenue": "23537573", "costOfRevenue": "19390278", "costofGoodsAndServicesSold": "19390278", "operatingIncome": "1286415", "sellingGeneralAndAdministrative": "2753136", "researchAndDevelopment": "None", "operatingExpenses": "2860880", "investmentIncomeNet": "None", "netInterestIncome": "None", "interestIncome": "None", "interestExpense": "45784", "nonInterestIncome": "None", "otherNonOperatingIncome": "None", "depreciation": "None", "depreciationAndAmortization": "107744", "incomeBeforeTax": "1610326", "incomeTaxExpense": "636000", "interestAndDebtExpense": "None", "netIncomeFromContinuingOperations": "None", "comprehensiveIncomeNetOfTax": "None", "ebit": "1656110", "ebitda": "1763854", "netIncome": "974326"}, {"fiscalDateEnding": "2008-09-30", "reportedCurrency": "USD", "grossProfit": "4795942", "totalRevenue": "24012321", "costOfRevenue": "19216379", "costofGoodsAndServicesSold": "19216379", "operatingIncome": "2018445", "sellingGeneralAndAdministrative": "2666232", "researchAndDevelopment": "None", "operatingExpenses": "2777497", "investmentIncomeNet": "None", "netInterestIncome": "None", "interestIncome": "None", "interestExpense": "22512", "nonInterestIncome": "None", "otherNonOperatingIncome": "None", "depreciation": "None", "depreciationAndAmortization": "111265", "incomeBeforeTax": "2035814", "incomeTaxExpense": "714000", "interestAndDebtExpense": "None", "netIncomeFromContinuingOperations": "None", "comprehensiveIncomeNetOfTax": "None", "ebit": "2058326", "ebitda": "2169591", "netIncome": "1321814"}, {"fiscalDateEnding": "2008-06-30", "reportedCurrency": "USD", "grossProfit": "5335321", "totalRevenue": "22416577", "costOfRevenue": "17081256", "costofGoodsAndServicesSold": "17081256", "operatingIncome": "2080519", "sellingGeneralAndAdministrative": "3143464", "researchAndDevelopment": "None", "operatingExpenses": "3254802", "investmentIncomeNet": "None", "netInterestIncome": "None", "interestIncome": "None", "interestExpense": "13222", "nonInterestIncome": "None", "otherNonOperatingIncome": "None", "depreciation": "None", "depreciationAndAmortization": "111338", "incomeBeforeTax": "2085250", "incomeTaxExpense": "745000", "interestAndDebtExpense": "None", "netIncomeFromContinuingOperations": "None", "comprehensiveIncomeNetOfTax": "None", "ebit": "2098472", "ebitda": "2209810", "netIncome": "1340250"}, {"fiscalDateEnding": "2008-03-31", "reportedCurrency": "USD", "grossProfit": "4792048", "totalRevenue": "24042172", "costOfRevenue": "19250124", "costofGoodsAndServicesSold": "19250124", "operatingIncome": "1805177", "sellingGeneralAndAdministrative": "2878834", "researchAndDevelopment": "None", "operatingExpenses": "22236995", "investmentIncomeNet": "None", "netInterestIncome": "None", "interestIncome": "None", "interestExpense": "171028000", "nonInterestIncome": "None", "otherNonOperatingIncome": "None", "depreciation": "None", "depreciationAndAmortization": "108037", "incomeBeforeTax": "1924284", "incomeTaxExpense": "605885", "interestAndDebtExpense": "None", "netIncomeFromContinuingOperations": "None", "comprehensiveIncomeNetOfTax": "None", "ebit": "45549782", "ebitda": "45657819", "netIncome": "1318399"}, {"fiscalDateEnding": "2007-12-31", "reportedCurrency": "USD", "grossProfit": "4257689", "totalRevenue": "21148850", "costOfRevenue": "16891161", "costofGoodsAndServicesSold": "16891161", "operatingIncome": "1432686", "sellingGeneralAndAdministrative": "2709507", "researchAndDevelopment": "None", "operatingExpenses": "19716164", "investmentIncomeNet": "None", "netInterestIncome": "None", "interestIncome": "None", "interestExpense": "29804", "nonInterestIncome": "None", "otherNonOperatingIncome": "None", "depreciation": "None", "depreciationAndAmortization": "115496", "incomeBeforeTax": "1444128", "incomeTaxExpense": "524108", "interestAndDebtExpense": "None", "netIncomeFromContinuingOperations": "None", "comprehensiveIncomeNetOfTax": "None", "ebit": "1473932", "ebitda": "1589428", "netIncome": "920020"}, {"fiscalDateEnding": "2007-09-30", "reportedCurrency": "USD", "grossProfit": "3219741", "totalRevenue": "17411817", "costOfRevenue": "14192076", "costofGoodsAndServicesSold": "14192076", "operatingIncome": "848229", "sellingGeneralAndAdministrative": "2246464", "researchAndDevelopment": "None", "operatingExpenses": "16563588", "investmentIncomeNet": "None", "netInterestIncome": "None", "interestIncome": "None", "interestExpense": "64334", "nonInterestIncome": "None", "otherNonOperatingIncome": "None", "depreciation": "None", "depreciationAndAmortization": "125048", "incomeBeforeTax": "834639", "incomeTaxExpense": "296989", "interestAndDebtExpense": "None", "netIncomeFromContinuingOperations": "None", "comprehensiveIncomeNetOfTax": "None", "ebit": "898973", "ebitda": "1024021", "netIncome": "537650"}, {"fiscalDateEnding": "2007-06-30", "reportedCurrency": "USD", "grossProfit": "3428376", "totalRevenue": "15795967", "costOfRevenue": "12367591", "costofGoodsAndServicesSold": "12367591", "operatingIncome": "967596", "sellingGeneralAndAdministrative": "2336906", "researchAndDevelopment": "None", "operatingExpenses": "14828371", "investmentIncomeNet": "None", "netInterestIncome": "None", "interestIncome": "None", "interestExpense": "64571", "nonInterestIncome": "None", "otherNonOperatingIncome": "None", "depreciation": "None", "depreciationAndAmortization": "123874", "incomeBeforeTax": "973386", "incomeTaxExpense": "347018", "interestAndDebtExpense": "None", "netIncomeFromContinuingOperations": "None", "comprehensiveIncomeNetOfTax": "None", "ebit": "1037957", "ebitda": "1161831", "netIncome": "626368"}, {"fiscalDateEnding": "2007-03-31", "reportedCurrency": "USD", "grossProfit": "4633229", "totalRevenue": "19103900", "costOfRevenue": "14470671", "costofGoodsAndServicesSold": "14470671", "operatingIncome": "1644594", "sellingGeneralAndAdministrative": "2801428", "researchAndDevelopment": "None", "operatingExpenses": "17459306", "investmentIncomeNet": "None", "netInterestIncome": "None", "interestIncome": "None", "interestExpense": "None", "nonInterestIncome": "None", "otherNonOperatingIncome": "None", "depreciation": "None", "depreciationAndAmortization": "187207", "incomeBeforeTax": "1673890", "incomeTaxExpense": "589465", "interestAndDebtExpense": "None", "netIncomeFromContinuingOperations": "None", "comprehensiveIncomeNetOfTax": "None", "ebit": "-12826077", "ebitda": "-12638870", "netIncome": "1084425"}, {"fiscalDateEnding": "2006-12-31", "reportedCurrency": "USD", "grossProfit": "3062896", "totalRevenue": "17394531", "costOfRevenue": "14331635", "costofGoodsAndServicesSold": "14331635", "operatingIncome": "525003", "sellingGeneralAndAdministrative": "2384078", "researchAndDevelopment": "None", "operatingExpenses": "16869528", "investmentIncomeNet": "None", "netInterestIncome": "None", "interestIncome": "None", "interestExpense": "None", "nonInterestIncome": "None", "otherNonOperatingIncome": "None", "depreciation": "None", "depreciationAndAmortization": "153815", "incomeBeforeTax": "494947", "incomeTaxExpense": "191188", "interestAndDebtExpense": "None", "netIncomeFromContinuingOperations": "None", "comprehensiveIncomeNetOfTax": "None", "ebit": "525003", "ebitda": "678818", "netIncome": "303759"}, {"fiscalDateEnding": "2006-09-30", "reportedCurrency": "USD", "grossProfit": "2825490", "totalRevenue": "14721105", "costOfRevenue": "11895615", "costofGoodsAndServicesSold": "11895615", "operatingIncome": "552435", "sellingGeneralAndAdministrative": "2125093", "researchAndDevelopment": "None", "operatingExpenses": "14168670", "investmentIncomeNet": "None", "netInterestIncome": "None", "interestIncome": "None", "interestExpense": "None", "nonInterestIncome": "None", "otherNonOperatingIncome": "None", "depreciation": "None", "depreciationAndAmortization": "147962", "incomeBeforeTax": "577852", "incomeTaxExpense": "206785", "interestAndDebtExpense": "None", "netIncomeFromContinuingOperations": "None", "comprehensiveIncomeNetOfTax": "None", "ebit": "552435", "ebitda": "700397", "netIncome": "371067"}, {"fiscalDateEnding": "2006-06-30", "reportedCurrency": "USD", "grossProfit": "3553000", "totalRevenue": "16083809", "costOfRevenue": "12530808", "costofGoodsAndServicesSold": "12530808", "operatingIncome": "1104615", "sellingGeneralAndAdministrative": "2271552", "researchAndDevelopment": "None", "operatingExpenses": "14979194", "investmentIncomeNet": "None", "netInterestIncome": "None", "interestIncome": "None", "interestExpense": "None", "nonInterestIncome": "None", "otherNonOperatingIncome": "None", "depreciation": "None", "depreciationAndAmortization": "176834", "incomeBeforeTax": "1155697", "incomeTaxExpense": "428902", "interestAndDebtExpense": "None", "netIncomeFromContinuingOperations": "None", "comprehensiveIncomeNetOfTax": "None", "ebit": "1104615", "ebitda": "1281449", "netIncome": "726795"}, {"fiscalDateEnding": "2006-03-31", "reportedCurrency": "USD", "grossProfit": "3972280", "totalRevenue": "20761679", "costOfRevenue": "16789399", "costofGoodsAndServicesSold": "16789399", "operatingIncome": "1096638", "sellingGeneralAndAdministrative": "2702315", "researchAndDevelopment": "None", "operatingExpenses": "19665041", "investmentIncomeNet": "None", "netInterestIncome": "None", "interestIncome": "None", "interestExpense": "None", "nonInterestIncome": "None", "otherNonOperatingIncome": "None", "depreciation": "None", "depreciationAndAmortization": "173327", "incomeBeforeTax": "1064739", "incomeTaxExpense": "226914", "interestAndDebtExpense": "None", "netIncomeFromContinuingOperations": "None", "comprehensiveIncomeNetOfTax": "None", "ebit": "-15692761", "ebitda": "-15519434", "netIncome": "837825"}, {"fiscalDateEnding": "2005-12-31", "reportedCurrency": "USD", "grossProfit": "3668351", "totalRevenue": "23414786", "costOfRevenue": "19746435", "costofGoodsAndServicesSold": "19746435", "operatingIncome": "1149468", "sellingGeneralAndAdministrative": "2330762", "researchAndDevelopment": "None", "operatingExpenses": "22265318", "investmentIncomeNet": "None", "netInterestIncome": "None", "interestIncome": "None", "interestExpense": "None", "nonInterestIncome": "None", "otherNonOperatingIncome": "None", "depreciation": "None", "depreciationAndAmortization": "188121", "incomeBeforeTax": "1106783", "incomeTaxExpense": "431555", "interestAndDebtExpense": "None", "netIncomeFromContinuingOperations": "None", "comprehensiveIncomeNetOfTax": "None", "ebit": "1106783", "ebitda": "1294904", "netIncome": "675228"}]}