{"symbol": "ED", "annualReports": [{"fiscalDateEnding": "2024-12-31", "reportedCurrency": "USD", "grossProfit": "9763000000", "totalRevenue": "15256000000", "costOfRevenue": "5493000000", "costofGoodsAndServicesSold": "5493000000", "operatingIncome": "2732000000", "sellingGeneralAndAdministrative": "None", "researchAndDevelopment": "None", "operatingExpenses": "7031000000", "investmentIncomeNet": "None", "netInterestIncome": "-1187000000", "interestIncome": "959000000", "interestExpense": "1187000000", "nonInterestIncome": "None", "otherNonOperatingIncome": "None", "depreciation": "None", "depreciationAndAmortization": "2155000000", "incomeBeforeTax": "2138000000", "incomeTaxExpense": "318000000", "interestAndDebtExpense": "None", "netIncomeFromContinuingOperations": "1820000000", "comprehensiveIncomeNetOfTax": "None", "ebit": "3325000000", "ebitda": "5480000000", "netIncome": "1820000000"}, {"fiscalDateEnding": "2023-12-31", "reportedCurrency": "USD", "grossProfit": "8959000000", "totalRevenue": "14646000000", "costOfRevenue": "5687000000", "costofGoodsAndServicesSold": "5687000000", "operatingIncome": "2310000000", "sellingGeneralAndAdministrative": "None", "researchAndDevelopment": "None", "operatingExpenses": "6649000000", "investmentIncomeNet": "None", "netInterestIncome": "-1023000000", "interestIncome": "848000000", "interestExpense": "1023000000", "nonInterestIncome": "None", "otherNonOperatingIncome": "None", "depreciation": "None", "depreciationAndAmortization": "2031000000", "incomeBeforeTax": "3003000000", "incomeTaxExpense": "487000000", "interestAndDebtExpense": "None", "netIncomeFromContinuingOperations": "2516000000", "comprehensiveIncomeNetOfTax": "None", "ebit": "4031000000", "ebitda": "6062000000", "netIncome": "2519000000"}, {"fiscalDateEnding": "2022-12-31", "reportedCurrency": "USD", "grossProfit": "9552000000", "totalRevenue": "15665000000", "costOfRevenue": "6113000000", "costofGoodsAndServicesSold": "6113000000", "operatingIncome": "2615000000", "sellingGeneralAndAdministrative": "3005000000", "researchAndDevelopment": "27000000", "operatingExpenses": "6937000000", "investmentIncomeNet": "None", "netInterestIncome": "-852000000", "interestIncome": "99000000", "interestExpense": "951000000", "nonInterestIncome": "None", "otherNonOperatingIncome": "326000000", "depreciation": "None", "depreciationAndAmortization": "2056000000", "incomeBeforeTax": "2098000000", "incomeTaxExpense": "498000000", "interestAndDebtExpense": "None", "netIncomeFromContinuingOperations": "1600000000", "comprehensiveIncomeNetOfTax": "None", "ebit": "3109000000", "ebitda": "5165000000", "netIncome": "1660000000"}, {"fiscalDateEnding": "2021-12-31", "reportedCurrency": "USD", "grossProfit": "8889000000", "totalRevenue": "13673000000", "costOfRevenue": "4784000000", "costofGoodsAndServicesSold": "4784000000", "operatingIncome": "2800000000", "sellingGeneralAndAdministrative": "2810000000", "researchAndDevelopment": "25000000", "operatingExpenses": "6089000000", "investmentIncomeNet": "None", "netInterestIncome": "-905000000", "interestIncome": "891000000", "interestExpense": "919000000", "nonInterestIncome": "None", "otherNonOperatingIncome": "-538000000", "depreciation": "None", "depreciationAndAmortization": "2032000000", "incomeBeforeTax": "1383000000", "incomeTaxExpense": "190000000", "interestAndDebtExpense": "None", "netIncomeFromContinuingOperations": "1193000000", "comprehensiveIncomeNetOfTax": "None", "ebit": "2340000000", "ebitda": "4372000000", "netIncome": "1346000000"}, {"fiscalDateEnding": "2020-12-31", "reportedCurrency": "USD", "grossProfit": "8065000000", "totalRevenue": "12239000000", "costOfRevenue": "4174000000", "costofGoodsAndServicesSold": "4174000000", "operatingIncome": "2652000000", "sellingGeneralAndAdministrative": "2575000000", "researchAndDevelopment": "24000000", "operatingExpenses": "5413000000", "investmentIncomeNet": "None", "netInterestIncome": "-1019000000", "interestIncome": "795000000", "interestExpense": "1019000000", "nonInterestIncome": "None", "otherNonOperatingIncome": "-401000000", "depreciation": "None", "depreciationAndAmortization": "1920000000", "incomeBeforeTax": "1234000000", "incomeTaxExpense": "90000000", "interestAndDebtExpense": "None", "netIncomeFromContinuingOperations": "1144000000", "comprehensiveIncomeNetOfTax": "None", "ebit": "2188000000", "ebitda": "4108000000", "netIncome": "1101000000"}, {"fiscalDateEnding": "2019-12-31", "reportedCurrency": "USD", "grossProfit": "8257000000", "totalRevenue": "12549000000", "costOfRevenue": "4292000000", "costofGoodsAndServicesSold": "4292000000", "operatingIncome": "2652000000", "sellingGeneralAndAdministrative": "2406000000", "researchAndDevelopment": "24000000", "operatingExpenses": "5605000000", "investmentIncomeNet": "None", "netInterestIncome": "-991000000", "interestIncome": "779000000", "interestExpense": "955000000", "nonInterestIncome": "None", "otherNonOperatingIncome": "51000000", "depreciation": "None", "depreciationAndAmortization": "1684000000", "incomeBeforeTax": "1736000000", "incomeTaxExpense": "296000000", "interestAndDebtExpense": "None", "netIncomeFromContinuingOperations": "1440000000", "comprehensiveIncomeNetOfTax": "None", "ebit": "2691000000", "ebitda": "4375000000", "netIncome": "1343000000"}, {"fiscalDateEnding": "2018-12-31", "reportedCurrency": "USD", "grossProfit": "7975000000", "totalRevenue": "12333000000", "costOfRevenue": "4358000000", "costofGoodsAndServicesSold": "4358000000", "operatingIncome": "2533000000", "sellingGeneralAndAdministrative": "2266000000", "researchAndDevelopment": "24000000", "operatingExpenses": "5442000000", "investmentIncomeNet": "None", "netInterestIncome": "-819000000", "interestIncome": "651000000", "interestExpense": "819000000", "nonInterestIncome": "None", "otherNonOperatingIncome": "-62000000", "depreciation": "None", "depreciationAndAmortization": "1438000000", "incomeBeforeTax": "1783000000", "incomeTaxExpense": "401000000", "interestAndDebtExpense": "None", "netIncomeFromContinuingOperations": "1382000000", "comprehensiveIncomeNetOfTax": "None", "ebit": "2602000000", "ebitda": "4040000000", "netIncome": "1382000000"}, {"fiscalDateEnding": "2017-12-31", "reportedCurrency": "USD", "grossProfit": "8083000000", "totalRevenue": "12028000000", "costOfRevenue": "3945000000", "costofGoodsAndServicesSold": "3945000000", "operatingIncome": "2765000000", "sellingGeneralAndAdministrative": "6266000000", "researchAndDevelopment": "24000000", "operatingExpenses": "5318000000", "investmentIncomeNet": "None", "netInterestIncome": "-729000000", "interestIncome": "607000000", "interestExpense": "729000000", "nonInterestIncome": "None", "otherNonOperatingIncome": "116000000", "depreciation": "None", "depreciationAndAmortization": "1341000000", "incomeBeforeTax": "1997000000", "incomeTaxExpense": "472000000", "interestAndDebtExpense": "None", "netIncomeFromContinuingOperations": "1525000000", "comprehensiveIncomeNetOfTax": "None", "ebit": "2726000000", "ebitda": "4067000000", "netIncome": "1525000000"}, {"fiscalDateEnding": "2016-12-31", "reportedCurrency": "USD", "grossProfit": "4731000000", "totalRevenue": "12066000000", "costOfRevenue": "7335000000", "costofGoodsAndServicesSold": "7335000000", "operatingIncome": "2676000000", "sellingGeneralAndAdministrative": "5777000000", "researchAndDevelopment": "24000000", "operatingExpenses": "2055000000", "investmentIncomeNet": "None", "netInterestIncome": "-696000000", "interestIncome": "597000000", "interestExpense": "696000000", "nonInterestIncome": "None", "otherNonOperatingIncome": "64000000", "depreciation": "None", "depreciationAndAmortization": "1216000000", "incomeBeforeTax": "1943000000", "incomeTaxExpense": "698000000", "interestAndDebtExpense": "None", "netIncomeFromContinuingOperations": "1245000000", "comprehensiveIncomeNetOfTax": "None", "ebit": "2639000000", "ebitda": "3855000000", "netIncome": "1245000000"}, {"fiscalDateEnding": "2015-12-31", "reportedCurrency": "USD", "grossProfit": "4573000000", "totalRevenue": "12524000000", "costOfRevenue": "7951000000", "costofGoodsAndServicesSold": "7951000000", "operatingIncome": "2613000000", "sellingGeneralAndAdministrative": "5776000000", "researchAndDevelopment": "23000000", "operatingExpenses": "1960000000", "investmentIncomeNet": "None", "netInterestIncome": "None", "interestIncome": "594000000", "interestExpense": "653000000", "nonInterestIncome": "None", "otherNonOperatingIncome": "24000000", "depreciation": "None", "depreciationAndAmortization": "1130000000", "incomeBeforeTax": "1798000000", "incomeTaxExpense": "605000000", "interestAndDebtExpense": "None", "netIncomeFromContinuingOperations": "1193000000", "comprehensiveIncomeNetOfTax": "None", "ebit": "2451000000", "ebitda": "3581000000", "netIncome": "1193000000"}, {"fiscalDateEnding": "2014-12-31", "reportedCurrency": "USD", "grossProfit": "3922000000", "totalRevenue": "12890000000", "costOfRevenue": "8968000000", "costofGoodsAndServicesSold": "8968000000", "operatingIncome": "2023000000", "sellingGeneralAndAdministrative": "5982000000", "researchAndDevelopment": "22000000", "operatingExpenses": "1899000000", "investmentIncomeNet": "None", "netInterestIncome": "None", "interestIncome": "None", "interestExpense": "591000000", "nonInterestIncome": "None", "otherNonOperatingIncome": "42000000", "depreciation": "None", "depreciationAndAmortization": "1071000000", "incomeBeforeTax": "1660000000", "incomeTaxExpense": "568000000", "interestAndDebtExpense": "None", "netIncomeFromContinuingOperations": "1092000000", "comprehensiveIncomeNetOfTax": "None", "ebit": "2251000000", "ebitda": "3322000000", "netIncome": "1092000000"}, {"fiscalDateEnding": "2013-12-31", "reportedCurrency": "USD", "grossProfit": "4085000000", "totalRevenue": "12345000000", "costOfRevenue": "8260000000", "costofGoodsAndServicesSold": "8260000000", "operatingIncome": "2172000000", "sellingGeneralAndAdministrative": "5667000000", "researchAndDevelopment": "18000000", "operatingExpenses": "1913000000", "investmentIncomeNet": "None", "netInterestIncome": "None", "interestIncome": "None", "interestExpense": "719000000", "nonInterestIncome": "None", "otherNonOperatingIncome": "13000000", "depreciation": "None", "depreciationAndAmortization": "1024000000", "incomeBeforeTax": "1538000000", "incomeTaxExpense": "476000000", "interestAndDebtExpense": "None", "netIncomeFromContinuingOperations": "1062000000", "comprehensiveIncomeNetOfTax": "None", "ebit": "2257000000", "ebitda": "3281000000", "netIncome": "1062000000"}, {"fiscalDateEnding": "2012-12-31", "reportedCurrency": "USD", "grossProfit": "4255000000", "totalRevenue": "12199000000", "costOfRevenue": "7944000000", "costofGoodsAndServicesSold": "7944000000", "operatingIncome": "2409000000", "sellingGeneralAndAdministrative": "0", "researchAndDevelopment": "21000000", "operatingExpenses": "1846000000", "investmentIncomeNet": "None", "netInterestIncome": "None", "interestIncome": "None", "interestExpense": "604000000", "nonInterestIncome": "None", "otherNonOperatingIncome": "None", "depreciation": "None", "depreciationAndAmortization": "955000000", "incomeBeforeTax": "1741000000", "incomeTaxExpense": "600000000", "interestAndDebtExpense": "None", "netIncomeFromContinuingOperations": "None", "comprehensiveIncomeNetOfTax": "None", "ebit": "2345000000", "ebitda": "3300000000", "netIncome": "1141000000"}, {"fiscalDateEnding": "2011-12-31", "reportedCurrency": "USD", "grossProfit": "4233000000", "totalRevenue": "12968000000", "costOfRevenue": "8735000000", "costofGoodsAndServicesSold": "8735000000", "operatingIncome": "2365000000", "sellingGeneralAndAdministrative": "0", "researchAndDevelopment": "23000000", "operatingExpenses": "1868000000", "investmentIncomeNet": "None", "netInterestIncome": "None", "interestIncome": "None", "interestExpense": "594000000", "nonInterestIncome": "None", "otherNonOperatingIncome": "None", "depreciation": "None", "depreciationAndAmortization": "884000000", "incomeBeforeTax": "1662000000", "incomeTaxExpense": "600000000", "interestAndDebtExpense": "None", "netIncomeFromContinuingOperations": "None", "comprehensiveIncomeNetOfTax": "None", "ebit": "2256000000", "ebitda": "3140000000", "netIncome": "1062000000"}, {"fiscalDateEnding": "2010-12-31", "reportedCurrency": "USD", "grossProfit": "3658000000", "totalRevenue": "13299000000", "costOfRevenue": "9641000000", "costofGoodsAndServicesSold": "9641000000", "operatingIncome": "1912000000", "sellingGeneralAndAdministrative": "0", "researchAndDevelopment": "23000000", "operatingExpenses": "1746000000", "investmentIncomeNet": "None", "netInterestIncome": "None", "interestIncome": "None", "interestExpense": "609000000", "nonInterestIncome": "None", "otherNonOperatingIncome": "None", "depreciation": "None", "depreciationAndAmortization": "840000000", "incomeBeforeTax": "1551000000", "incomeTaxExpense": "548000000", "interestAndDebtExpense": "None", "netIncomeFromContinuingOperations": "None", "comprehensiveIncomeNetOfTax": "None", "ebit": "2160000000", "ebitda": "3000000000", "netIncome": "1003000000"}, {"fiscalDateEnding": "2009-12-31", "reportedCurrency": "USD", "grossProfit": "3994000000", "totalRevenue": "13002000000", "costOfRevenue": "9008000000", "costofGoodsAndServicesSold": "9008000000", "operatingIncome": "2422000000", "sellingGeneralAndAdministrative": "0", "researchAndDevelopment": "27000000", "operatingExpenses": "1572000000", "investmentIncomeNet": "None", "netInterestIncome": "None", "interestIncome": "None", "interestExpense": "611000000", "nonInterestIncome": "None", "otherNonOperatingIncome": "None", "depreciation": "None", "depreciationAndAmortization": "791000000", "incomeBeforeTax": "1319000000", "incomeTaxExpense": "440000000", "interestAndDebtExpense": "None", "netIncomeFromContinuingOperations": "None", "comprehensiveIncomeNetOfTax": "None", "ebit": "1930000000", "ebitda": "2721000000", "netIncome": "879000000"}, {"fiscalDateEnding": "2008-12-31", "reportedCurrency": "USD", "grossProfit": "3112000000", "totalRevenue": "13680000000", "costOfRevenue": "10568000000", "costofGoodsAndServicesSold": "10568000000", "operatingIncome": "1725000000", "sellingGeneralAndAdministrative": "None", "researchAndDevelopment": "23000000", "operatingExpenses": "1387000000", "investmentIncomeNet": "None", "netInterestIncome": "None", "interestIncome": "None", "interestExpense": "544000000", "nonInterestIncome": "None", "otherNonOperatingIncome": "None", "depreciation": "None", "depreciationAndAmortization": "717000000", "incomeBeforeTax": "1446000000", "incomeTaxExpense": "524000000", "interestAndDebtExpense": "None", "netIncomeFromContinuingOperations": "None", "comprehensiveIncomeNetOfTax": "None", "ebit": "2001000000", "ebitda": "2718000000", "netIncome": "1196000000"}, {"fiscalDateEnding": "2007-12-31", "reportedCurrency": "USD", "grossProfit": "3193000000", "totalRevenue": "13128000000", "costOfRevenue": "9935000000", "costofGoodsAndServicesSold": "9935000000", "operatingIncome": "1855000000", "sellingGeneralAndAdministrative": "None", "researchAndDevelopment": "15000000", "operatingExpenses": "1338000000", "investmentIncomeNet": "None", "netInterestIncome": "None", "interestIncome": "None", "interestExpense": "517000000", "nonInterestIncome": "None", "otherNonOperatingIncome": "None", "depreciation": "None", "depreciationAndAmortization": "667000000", "incomeBeforeTax": "1362000000", "incomeTaxExpense": "437000000", "interestAndDebtExpense": "None", "netIncomeFromContinuingOperations": "None", "comprehensiveIncomeNetOfTax": "None", "ebit": "1868000000", "ebitda": "2535000000", "netIncome": "929000000"}, {"fiscalDateEnding": "2006-12-31", "reportedCurrency": "USD", "grossProfit": "4770000000", "totalRevenue": "11962000000", "costOfRevenue": "7192000000", "costofGoodsAndServicesSold": "7192000000", "operatingIncome": "1628000000", "sellingGeneralAndAdministrative": "None", "researchAndDevelopment": "14000000", "operatingExpenses": "3142000000", "investmentIncomeNet": "None", "netInterestIncome": "None", "interestIncome": "None", "interestExpense": "504000000", "nonInterestIncome": "None", "otherNonOperatingIncome": "None", "depreciation": "None", "depreciationAndAmortization": "621000000", "incomeBeforeTax": "1128000000", "incomeTaxExpense": "390000000", "interestAndDebtExpense": "None", "netIncomeFromContinuingOperations": "None", "comprehensiveIncomeNetOfTax": "None", "ebit": "1643000000", "ebitda": "2264000000", "netIncome": "737000000"}, {"fiscalDateEnding": "2005-12-31", "reportedCurrency": "USD", "grossProfit": "4402000000", "totalRevenue": "11641000000", "costOfRevenue": "7239000000", "costofGoodsAndServicesSold": "7239000000", "operatingIncome": "1518000000", "sellingGeneralAndAdministrative": "None", "researchAndDevelopment": "14000000", "operatingExpenses": "2884000000", "investmentIncomeNet": "None", "netInterestIncome": "None", "interestIncome": "None", "interestExpense": "455000000", "nonInterestIncome": "None", "otherNonOperatingIncome": "None", "depreciation": "None", "depreciationAndAmortization": "584000000", "incomeBeforeTax": "1073000000", "incomeTaxExpense": "341000000", "interestAndDebtExpense": "None", "netIncomeFromContinuingOperations": "None", "comprehensiveIncomeNetOfTax": "None", "ebit": "1535000000", "ebitda": "2119000000", "netIncome": "719000000"}], "quarterlyReports": [{"fiscalDateEnding": "2025-09-30", "reportedCurrency": "USD", "grossProfit": "3585000000", "totalRevenue": "4530000000", "costOfRevenue": "945000000", "costofGoodsAndServicesSold": "945000000", "operatingIncome": "968000000", "sellingGeneralAndAdministrative": "None", "researchAndDevelopment": "None", "operatingExpenses": "2617000000", "investmentIncomeNet": "None", "netInterestIncome": "-309000000", "interestIncome": "260000000", "interestExpense": "1199000000", "nonInterestIncome": "None", "otherNonOperatingIncome": "None", "depreciation": "None", "depreciationAndAmortization": "586000000", "incomeBeforeTax": "890000000", "incomeTaxExpense": "202000000", "interestAndDebtExpense": "None", "netIncomeFromContinuingOperations": "688000000", "comprehensiveIncomeNetOfTax": "None", "ebit": "2089000000", "ebitda": "2675000000", "netIncome": "688000000"}, {"fiscalDateEnding": "2025-06-30", "reportedCurrency": "USD", "grossProfit": "1825000000", "totalRevenue": "3595000000", "costOfRevenue": "1770000000", "costofGoodsAndServicesSold": "1770000000", "operatingIncome": "355000000", "sellingGeneralAndAdministrative": "None", "researchAndDevelopment": "None", "operatingExpenses": "1470000000", "investmentIncomeNet": "None", "netInterestIncome": "-300000000", "interestIncome": "257000000", "interestExpense": "300000000", "nonInterestIncome": "None", "otherNonOperatingIncome": "None", "depreciation": "None", "depreciationAndAmortization": "576000000", "incomeBeforeTax": "296000000", "incomeTaxExpense": "50000000", "interestAndDebtExpense": "None", "netIncomeFromContinuingOperations": "246000000", "comprehensiveIncomeNetOfTax": "None", "ebit": "596000000", "ebitda": "1172000000", "netIncome": "246000000"}, {"fiscalDateEnding": "2025-03-31", "reportedCurrency": "USD", "grossProfit": "3024000000", "totalRevenue": "4798000000", "costOfRevenue": "1774000000", "costofGoodsAndServicesSold": "1774000000", "operatingIncome": "1125000000", "sellingGeneralAndAdministrative": "None", "researchAndDevelopment": "None", "operatingExpenses": "1899000000", "investmentIncomeNet": "None", "netInterestIncome": "-313000000", "interestIncome": "258000000", "interestExpense": "313000000", "nonInterestIncome": "None", "otherNonOperatingIncome": "None", "depreciation": "None", "depreciationAndAmortization": "564000000", "incomeBeforeTax": "1033000000", "incomeTaxExpense": "242000000", "interestAndDebtExpense": "None", "netIncomeFromContinuingOperations": "791000000", "comprehensiveIncomeNetOfTax": "None", "ebit": "1346000000", "ebitda": "1910000000", "netIncome": "791000000"}, {"fiscalDateEnding": "2024-12-31", "reportedCurrency": "USD", "grossProfit": "2251000000", "totalRevenue": "3669000000", "costOfRevenue": "1418000000", "costofGoodsAndServicesSold": "1418000000", "operatingIncome": "509000000", "sellingGeneralAndAdministrative": "None", "researchAndDevelopment": "None", "operatingExpenses": "1742000000", "investmentIncomeNet": "None", "netInterestIncome": "-304000000", "interestIncome": "253000000", "interestExpense": "304000000", "nonInterestIncome": "None", "otherNonOperatingIncome": "None", "depreciation": "None", "depreciationAndAmortization": "554000000", "incomeBeforeTax": "321000000", "incomeTaxExpense": "11000000", "interestAndDebtExpense": "None", "netIncomeFromContinuingOperations": "310000000", "comprehensiveIncomeNetOfTax": "None", "ebit": "625000000", "ebitda": "1179000000", "netIncome": "310000000"}, {"fiscalDateEnding": "2024-09-30", "reportedCurrency": "USD", "grossProfit": "2705000000", "totalRevenue": "4092000000", "costOfRevenue": "1387000000", "costofGoodsAndServicesSold": "1387000000", "operatingIncome": "862000000", "sellingGeneralAndAdministrative": "None", "researchAndDevelopment": "None", "operatingExpenses": "1843000000", "investmentIncomeNet": "None", "netInterestIncome": "-306000000", "interestIncome": "242000000", "interestExpense": "306000000", "nonInterestIncome": "None", "otherNonOperatingIncome": "None", "depreciation": "None", "depreciationAndAmortization": "550000000", "incomeBeforeTax": "721000000", "incomeTaxExpense": "133000000", "interestAndDebtExpense": "None", "netIncomeFromContinuingOperations": "588000000", "comprehensiveIncomeNetOfTax": "None", "ebit": "1027000000", "ebitda": "1577000000", "netIncome": "588000000"}, {"fiscalDateEnding": "2024-06-30", "reportedCurrency": "USD", "grossProfit": "2069000000", "totalRevenue": "3220000000", "costOfRevenue": "1151000000", "costofGoodsAndServicesSold": "1151000000", "operatingIncome": "320000000", "sellingGeneralAndAdministrative": "None", "researchAndDevelopment": "None", "operatingExpenses": "1749000000", "investmentIncomeNet": "None", "netInterestIncome": "-288000000", "interestIncome": "None", "interestExpense": "288000000", "nonInterestIncome": "None", "otherNonOperatingIncome": "None", "depreciation": "None", "depreciationAndAmortization": "512000000", "incomeBeforeTax": "192000000", "incomeTaxExpense": "-10000000", "interestAndDebtExpense": "None", "netIncomeFromContinuingOperations": "202000000", "comprehensiveIncomeNetOfTax": "None", "ebit": "480000000", "ebitda": "992000000", "netIncome": "202000000"}, {"fiscalDateEnding": "2024-03-31", "reportedCurrency": "USD", "grossProfit": "2738000000", "totalRevenue": "4280000000", "costOfRevenue": "1542000000", "costofGoodsAndServicesSold": "1542000000", "operatingIncome": "1042000000", "sellingGeneralAndAdministrative": "None", "researchAndDevelopment": "None", "operatingExpenses": "1696000000", "investmentIncomeNet": "None", "netInterestIncome": "-289000000", "interestIncome": "None", "interestExpense": "289000000", "nonInterestIncome": "None", "otherNonOperatingIncome": "None", "depreciation": "None", "depreciationAndAmortization": "539000000", "incomeBeforeTax": "904000000", "incomeTaxExpense": "184000000", "interestAndDebtExpense": "None", "netIncomeFromContinuingOperations": "720000000", "comprehensiveIncomeNetOfTax": "None", "ebit": "1193000000", "ebitda": "1732000000", "netIncome": "720000000"}, {"fiscalDateEnding": "2023-12-31", "reportedCurrency": "USD", "grossProfit": "1738000000", "totalRevenue": "3444000000", "costOfRevenue": "1706000000", "costofGoodsAndServicesSold": "1706000000", "operatingIncome": "451000000", "sellingGeneralAndAdministrative": "None", "researchAndDevelopment": "None", "operatingExpenses": "1287000000", "investmentIncomeNet": "None", "netInterestIncome": "-265000000", "interestIncome": "None", "interestExpense": "265000000", "nonInterestIncome": "None", "otherNonOperatingIncome": "None", "depreciation": "None", "depreciationAndAmortization": "525000000", "incomeBeforeTax": "405000000", "incomeTaxExpense": "71000000", "interestAndDebtExpense": "None", "netIncomeFromContinuingOperations": "334000000", "comprehensiveIncomeNetOfTax": "None", "ebit": "670000000", "ebitda": "1195000000", "netIncome": "334000000"}, {"fiscalDateEnding": "2023-09-30", "reportedCurrency": "USD", "grossProfit": "2458000000", "totalRevenue": "3872000000", "costOfRevenue": "1414000000", "costofGoodsAndServicesSold": "1414000000", "operatingIncome": "724000000", "sellingGeneralAndAdministrative": "None", "researchAndDevelopment": "None", "operatingExpenses": "1734000000", "investmentIncomeNet": "None", "netInterestIncome": "-259000000", "interestIncome": "212000000", "interestExpense": "259000000", "nonInterestIncome": "None", "otherNonOperatingIncome": "None", "depreciation": "None", "depreciationAndAmortization": "512000000", "incomeBeforeTax": "670000000", "incomeTaxExpense": "144000000", "interestAndDebtExpense": "None", "netIncomeFromContinuingOperations": "526000000", "comprehensiveIncomeNetOfTax": "None", "ebit": "929000000", "ebitda": "1441000000", "netIncome": "526000000"}, {"fiscalDateEnding": "2023-06-30", "reportedCurrency": "USD", "grossProfit": "1836000000", "totalRevenue": "2944000000", "costOfRevenue": "1108000000", "costofGoodsAndServicesSold": "1108000000", "operatingIncome": "271000000", "sellingGeneralAndAdministrative": "716000000", "researchAndDevelopment": "None", "operatingExpenses": "1565000000", "investmentIncomeNet": "None", "netInterestIncome": "-236000000", "interestIncome": "214000000", "interestExpense": "236000000", "nonInterestIncome": "None", "otherNonOperatingIncome": "207000000", "depreciation": "None", "depreciationAndAmortization": "496000000", "incomeBeforeTax": "255000000", "incomeTaxExpense": "29000000", "interestAndDebtExpense": "None", "netIncomeFromContinuingOperations": "226000000", "comprehensiveIncomeNetOfTax": "None", "ebit": "491000000", "ebitda": "987000000", "netIncome": "226000000"}, {"fiscalDateEnding": "2023-03-31", "reportedCurrency": "USD", "grossProfit": "2528000000", "totalRevenue": "4382000000", "costOfRevenue": "1854000000", "costofGoodsAndServicesSold": "1854000000", "operatingIncome": "867000000", "sellingGeneralAndAdministrative": "765000000", "researchAndDevelopment": "None", "operatingExpenses": "1661000000", "investmentIncomeNet": "None", "netInterestIncome": "-262000000", "interestIncome": "230000000", "interestExpense": "262000000", "nonInterestIncome": "None", "otherNonOperatingIncome": "196000000", "depreciation": "None", "depreciationAndAmortization": "499000000", "incomeBeforeTax": "1673000000", "incomeTaxExpense": "243000000", "interestAndDebtExpense": "None", "netIncomeFromContinuingOperations": "1430000000", "comprehensiveIncomeNetOfTax": "None", "ebit": "1940000000", "ebitda": "2439000000", "netIncome": "1433000000"}, {"fiscalDateEnding": "2022-12-31", "reportedCurrency": "USD", "grossProfit": "2401000000", "totalRevenue": "4004000000", "costOfRevenue": "1603000000", "costofGoodsAndServicesSold": "1603000000", "operatingIncome": "523000000", "sellingGeneralAndAdministrative": "757000000", "researchAndDevelopment": "27000000", "operatingExpenses": "1878000000", "investmentIncomeNet": "None", "netInterestIncome": "-266000000", "interestIncome": "20000000", "interestExpense": "267000000", "nonInterestIncome": "None", "otherNonOperatingIncome": "58000000", "depreciation": "None", "depreciationAndAmortization": "463000000", "incomeBeforeTax": "341000000", "incomeTaxExpense": "168000000", "interestAndDebtExpense": "None", "netIncomeFromContinuingOperations": "173000000", "comprehensiveIncomeNetOfTax": "None", "ebit": "608000000", "ebitda": "1071000000", "netIncome": "190000000"}, {"fiscalDateEnding": "2022-09-30", "reportedCurrency": "USD", "grossProfit": "2669000000", "totalRevenue": "4168000000", "costOfRevenue": "1499000000", "costofGoodsAndServicesSold": "1499000000", "operatingIncome": "893000000", "sellingGeneralAndAdministrative": "777000000", "researchAndDevelopment": "None", "operatingExpenses": "1776000000", "investmentIncomeNet": "None", "netInterestIncome": "-199000000", "interestIncome": "226000000", "interestExpense": "248000000", "nonInterestIncome": "None", "otherNonOperatingIncome": "89000000", "depreciation": "None", "depreciationAndAmortization": "525000000", "incomeBeforeTax": "779000000", "incomeTaxExpense": "160000000", "interestAndDebtExpense": "None", "netIncomeFromContinuingOperations": "619000000", "comprehensiveIncomeNetOfTax": "None", "ebit": "1027000000", "ebitda": "1552000000", "netIncome": "613000000"}, {"fiscalDateEnding": "2022-06-30", "reportedCurrency": "USD", "grossProfit": "1991000000", "totalRevenue": "3421000000", "costOfRevenue": "1430000000", "costofGoodsAndServicesSold": "1430000000", "operatingIncome": "392000000", "sellingGeneralAndAdministrative": "718000000", "researchAndDevelopment": "None", "operatingExpenses": "1599000000", "investmentIncomeNet": "None", "netInterestIncome": "-205000000", "interestIncome": "32000000", "interestExpense": "237000000", "nonInterestIncome": "None", "otherNonOperatingIncome": "89000000", "depreciation": "None", "depreciationAndAmortization": "539000000", "incomeBeforeTax": "271000000", "incomeTaxExpense": "17000000", "interestAndDebtExpense": "None", "netIncomeFromContinuingOperations": "254000000", "comprehensiveIncomeNetOfTax": "None", "ebit": "520000000", "ebitda": "1059000000", "netIncome": "255000000"}, {"fiscalDateEnding": "2022-03-31", "reportedCurrency": "USD", "grossProfit": "2476000000", "totalRevenue": "4077000000", "costOfRevenue": "1601000000", "costofGoodsAndServicesSold": "1601000000", "operatingIncome": "818000000", "sellingGeneralAndAdministrative": "753000000", "researchAndDevelopment": "None", "operatingExpenses": "1658000000", "investmentIncomeNet": "None", "netInterestIncome": "-182000000", "interestIncome": "56000000", "interestExpense": "238000000", "nonInterestIncome": "None", "otherNonOperatingIncome": "90000000", "depreciation": "None", "depreciationAndAmortization": "529000000", "incomeBeforeTax": "707000000", "incomeTaxExpense": "153000000", "interestAndDebtExpense": "None", "netIncomeFromContinuingOperations": "554000000", "comprehensiveIncomeNetOfTax": "None", "ebit": "954000000", "ebitda": "1483000000", "netIncome": "602000000"}, {"fiscalDateEnding": "2021-12-31", "reportedCurrency": "USD", "grossProfit": "1925000000", "totalRevenue": "3415000000", "costOfRevenue": "1490000000", "costofGoodsAndServicesSold": "1490000000", "operatingIncome": "697000000", "sellingGeneralAndAdministrative": "707000000", "researchAndDevelopment": "25000000", "operatingExpenses": "1228000000", "investmentIncomeNet": "None", "netInterestIncome": "-236000000", "interestIncome": "238000000", "interestExpense": "235000000", "nonInterestIncome": "None", "otherNonOperatingIncome": "-280000000", "depreciation": "None", "depreciationAndAmortization": "521000000", "incomeBeforeTax": "182000000", "incomeTaxExpense": "-4000000", "interestAndDebtExpense": "None", "netIncomeFromContinuingOperations": "186000000", "comprehensiveIncomeNetOfTax": "None", "ebit": "417000000", "ebitda": "938000000", "netIncome": "224000000"}, {"fiscalDateEnding": "2021-09-30", "reportedCurrency": "USD", "grossProfit": "2400000000", "totalRevenue": "3588000000", "costOfRevenue": "1188000000", "costofGoodsAndServicesSold": "1188000000", "operatingIncome": "824000000", "sellingGeneralAndAdministrative": "727000000", "researchAndDevelopment": "None", "operatingExpenses": "1576000000", "investmentIncomeNet": "None", "netInterestIncome": "-232000000", "interestIncome": "229000000", "interestExpense": "234000000", "nonInterestIncome": "None", "otherNonOperatingIncome": "-22000000", "depreciation": "None", "depreciationAndAmortization": "512000000", "incomeBeforeTax": "596000000", "incomeTaxExpense": "127000000", "interestAndDebtExpense": "None", "netIncomeFromContinuingOperations": "469000000", "comprehensiveIncomeNetOfTax": "None", "ebit": "839000000", "ebitda": "1351000000", "netIncome": "538000000"}, {"fiscalDateEnding": "2021-06-30", "reportedCurrency": "USD", "grossProfit": "1893000000", "totalRevenue": "2972000000", "costOfRevenue": "1079000000", "costofGoodsAndServicesSold": "1079000000", "operatingIncome": "417000000", "sellingGeneralAndAdministrative": "672000000", "researchAndDevelopment": "None", "operatingExpenses": "1476000000", "investmentIncomeNet": "None", "netInterestIncome": "-261000000", "interestIncome": "211000000", "interestExpense": "261000000", "nonInterestIncome": "None", "otherNonOperatingIncome": "-50000000", "depreciation": "None", "depreciationAndAmortization": "502000000", "incomeBeforeTax": "107000000", "incomeTaxExpense": "-11000000", "interestAndDebtExpense": "None", "netIncomeFromContinuingOperations": "118000000", "comprehensiveIncomeNetOfTax": "None", "ebit": "343000000", "ebitda": "845000000", "netIncome": "165000000"}, {"fiscalDateEnding": "2021-03-31", "reportedCurrency": "USD", "grossProfit": "2354000000", "totalRevenue": "3674000000", "costOfRevenue": "1320000000", "costofGoodsAndServicesSold": "1320000000", "operatingIncome": "860000000", "sellingGeneralAndAdministrative": "704000000", "researchAndDevelopment": "None", "operatingExpenses": "1494000000", "investmentIncomeNet": "None", "netInterestIncome": "-176000000", "interestIncome": "212000000", "interestExpense": "223000000", "nonInterestIncome": "None", "otherNonOperatingIncome": "-186000000", "depreciation": "None", "depreciationAndAmortization": "497000000", "incomeBeforeTax": "498000000", "incomeTaxExpense": "78000000", "interestAndDebtExpense": "None", "netIncomeFromContinuingOperations": "420000000", "comprehensiveIncomeNetOfTax": "None", "ebit": "733000000", "ebitda": "1230000000", "netIncome": "419000000"}, {"fiscalDateEnding": "2020-12-31", "reportedCurrency": "USD", "grossProfit": "1858000000", "totalRevenue": "2956000000", "costOfRevenue": "1098000000", "costofGoodsAndServicesSold": "1098000000", "operatingIncome": "500000000", "sellingGeneralAndAdministrative": "4490000000", "researchAndDevelopment": "24000000", "operatingExpenses": "1358000000", "investmentIncomeNet": "None", "netInterestIncome": "-222000000", "interestIncome": "518000000", "interestExpense": "222000000", "nonInterestIncome": "None", "otherNonOperatingIncome": "-328000000", "depreciation": "None", "depreciationAndAmortization": "492000000", "incomeBeforeTax": "-44000000", "incomeTaxExpense": "-93000000", "interestAndDebtExpense": "None", "netIncomeFromContinuingOperations": "48000000", "comprehensiveIncomeNetOfTax": "None", "ebit": "195000000", "ebitda": "687000000", "netIncome": "43000000"}, {"fiscalDateEnding": "2020-09-30", "reportedCurrency": "USD", "grossProfit": "2271000000", "totalRevenue": "3335000000", "costOfRevenue": "1064000000", "costofGoodsAndServicesSold": "1064000000", "operatingIncome": "862000000", "sellingGeneralAndAdministrative": "673000000", "researchAndDevelopment": "None", "operatingExpenses": "1409000000", "investmentIncomeNet": "None", "netInterestIncome": "-182000000", "interestIncome": "195000000", "interestExpense": "233000000", "nonInterestIncome": "None", "otherNonOperatingIncome": "-13000000", "depreciation": "None", "depreciationAndAmortization": "482000000", "incomeBeforeTax": "621000000", "incomeTaxExpense": "119000000", "interestAndDebtExpense": "None", "netIncomeFromContinuingOperations": "502000000", "comprehensiveIncomeNetOfTax": "None", "ebit": "854000000", "ebitda": "1336000000", "netIncome": "493000000"}, {"fiscalDateEnding": "2020-06-30", "reportedCurrency": "USD", "grossProfit": "1760000000", "totalRevenue": "2718000000", "costOfRevenue": "958000000", "costofGoodsAndServicesSold": "958000000", "operatingIncome": "476000000", "sellingGeneralAndAdministrative": "604000000", "researchAndDevelopment": "None", "operatingExpenses": "1284000000", "investmentIncomeNet": "None", "netInterestIncome": "-247000000", "interestIncome": "207000000", "interestExpense": "243000000", "nonInterestIncome": "None", "otherNonOperatingIncome": "-21000000", "depreciation": "None", "depreciationAndAmortization": "476000000", "incomeBeforeTax": "211000000", "incomeTaxExpense": "9000000", "interestAndDebtExpense": "None", "netIncomeFromContinuingOperations": "202000000", "comprehensiveIncomeNetOfTax": "None", "ebit": "454000000", "ebitda": "930000000", "netIncome": "190000000"}, {"fiscalDateEnding": "2020-03-31", "reportedCurrency": "USD", "grossProfit": "2150000000", "totalRevenue": "3229000000", "costOfRevenue": "1079000000", "costofGoodsAndServicesSold": "1079000000", "operatingIncome": "812000000", "sellingGeneralAndAdministrative": "638000000", "researchAndDevelopment": "None", "operatingExpenses": "1338000000", "investmentIncomeNet": "None", "netInterestIncome": "-322000000", "interestIncome": "195000000", "interestExpense": "236000000", "nonInterestIncome": "None", "otherNonOperatingIncome": "-39000000", "depreciation": "None", "depreciationAndAmortization": "470000000", "incomeBeforeTax": "447000000", "incomeTaxExpense": "55000000", "interestAndDebtExpense": "None", "netIncomeFromContinuingOperations": "392000000", "comprehensiveIncomeNetOfTax": "None", "ebit": "683000000", "ebitda": "1153000000", "netIncome": "375000000"}, {"fiscalDateEnding": "2019-12-31", "reportedCurrency": "USD", "grossProfit": "1602000000", "totalRevenue": "2951000000", "costOfRevenue": "1349000000", "costofGoodsAndServicesSold": "1349000000", "operatingIncome": "565000000", "sellingGeneralAndAdministrative": "4207000000", "researchAndDevelopment": "24000000", "operatingExpenses": "1037000000", "investmentIncomeNet": "None", "netInterestIncome": "-446000000", "interestIncome": "199000000", "interestExpense": "244000000", "nonInterestIncome": "None", "otherNonOperatingIncome": "20000000", "depreciation": "None", "depreciationAndAmortization": "431000000", "incomeBeforeTax": "366000000", "incomeTaxExpense": "53000000", "interestAndDebtExpense": "None", "netIncomeFromContinuingOperations": "313000000", "comprehensiveIncomeNetOfTax": "None", "ebit": "585000000", "ebitda": "1016000000", "netIncome": "295000000"}, {"fiscalDateEnding": "2019-09-30", "reportedCurrency": "USD", "grossProfit": "2326000000", "totalRevenue": "3360000000", "costOfRevenue": "1034000000", "costofGoodsAndServicesSold": "1034000000", "operatingIncome": "861000000", "sellingGeneralAndAdministrative": "618000000", "researchAndDevelopment": "None", "operatingExpenses": "1465000000", "investmentIncomeNet": "None", "netInterestIncome": "-181000000", "interestIncome": "192000000", "interestExpense": "236000000", "nonInterestIncome": "None", "otherNonOperatingIncome": "14000000", "depreciation": "None", "depreciationAndAmortization": "422000000", "incomeBeforeTax": "619000000", "incomeTaxExpense": "116000000", "interestAndDebtExpense": "None", "netIncomeFromContinuingOperations": "503000000", "comprehensiveIncomeNetOfTax": "None", "ebit": "854000000", "ebitda": "1276000000", "netIncome": "473000000"}, {"fiscalDateEnding": "2019-06-30", "reportedCurrency": "USD", "grossProfit": "1810000000", "totalRevenue": "2737000000", "costOfRevenue": "927000000", "costofGoodsAndServicesSold": "927000000", "operatingIncome": "451000000", "sellingGeneralAndAdministrative": "578000000", "researchAndDevelopment": "None", "operatingExpenses": "1359000000", "investmentIncomeNet": "None", "netInterestIncome": "-182000000", "interestIncome": "194000000", "interestExpense": "239000000", "nonInterestIncome": "None", "otherNonOperatingIncome": "3000000", "depreciation": "None", "depreciationAndAmortization": "418000000", "incomeBeforeTax": "198000000", "incomeTaxExpense": "19000000", "interestAndDebtExpense": "None", "netIncomeFromContinuingOperations": "179000000", "comprehensiveIncomeNetOfTax": "None", "ebit": "437000000", "ebitda": "855000000", "netIncome": "152000000"}, {"fiscalDateEnding": "2019-03-31", "reportedCurrency": "USD", "grossProfit": "2179000000", "totalRevenue": "3505000000", "costOfRevenue": "1326000000", "costofGoodsAndServicesSold": "1326000000", "operatingIncome": "780000000", "sellingGeneralAndAdministrative": "605000000", "researchAndDevelopment": "None", "operatingExpenses": "1399000000", "investmentIncomeNet": "None", "netInterestIncome": "-247000000", "interestIncome": "194000000", "interestExpense": "247000000", "nonInterestIncome": "None", "otherNonOperatingIncome": "14000000", "depreciation": "None", "depreciationAndAmortization": "413000000", "incomeBeforeTax": "553000000", "incomeTaxExpense": "108000000", "interestAndDebtExpense": "None", "netIncomeFromContinuingOperations": "445000000", "comprehensiveIncomeNetOfTax": "None", "ebit": "800000000", "ebitda": "1213000000", "netIncome": "424000000"}, {"fiscalDateEnding": "2018-12-31", "reportedCurrency": "USD", "grossProfit": "1839000000", "totalRevenue": "2938000000", "costOfRevenue": "1099000000", "costofGoodsAndServicesSold": "1099000000", "operatingIncome": "518000000", "sellingGeneralAndAdministrative": "1619000000", "researchAndDevelopment": "24000000", "operatingExpenses": "1321000000", "investmentIncomeNet": "None", "netInterestIncome": "None", "interestIncome": "None", "interestExpense": "222000000", "nonInterestIncome": "None", "otherNonOperatingIncome": "-33000000", "depreciation": "None", "depreciationAndAmortization": "377000000", "incomeBeforeTax": "402000000", "incomeTaxExpense": "71000000", "interestAndDebtExpense": "None", "netIncomeFromContinuingOperations": "331000000", "comprehensiveIncomeNetOfTax": "None", "ebit": "624000000", "ebitda": "1001000000", "netIncome": "331000000"}, {"fiscalDateEnding": "2018-09-30", "reportedCurrency": "USD", "grossProfit": "2227000000", "totalRevenue": "3335000000", "costOfRevenue": "1108000000", "costofGoodsAndServicesSold": "1108000000", "operatingIncome": "833000000", "sellingGeneralAndAdministrative": "597000000", "researchAndDevelopment": "0", "operatingExpenses": "1394000000", "investmentIncomeNet": "None", "netInterestIncome": "None", "interestIncome": "None", "interestExpense": "205000000", "nonInterestIncome": "None", "otherNonOperatingIncome": "-11000000", "depreciation": "None", "depreciationAndAmortization": "359000000", "incomeBeforeTax": "610000000", "incomeTaxExpense": "175000000", "interestAndDebtExpense": "None", "netIncomeFromContinuingOperations": "435000000", "comprehensiveIncomeNetOfTax": "None", "ebit": "816000000", "ebitda": "1175000000", "netIncome": "435000000"}, {"fiscalDateEnding": "2018-06-30", "reportedCurrency": "USD", "grossProfit": "1726000000", "totalRevenue": "2699000000", "costOfRevenue": "973000000", "costofGoodsAndServicesSold": "973000000", "operatingIncome": "430000000", "sellingGeneralAndAdministrative": "540000000", "researchAndDevelopment": "0", "operatingExpenses": "1296000000", "investmentIncomeNet": "None", "netInterestIncome": "None", "interestIncome": "None", "interestExpense": "197000000", "nonInterestIncome": "None", "otherNonOperatingIncome": "-3000000", "depreciation": "None", "depreciationAndAmortization": "354000000", "incomeBeforeTax": "226000000", "incomeTaxExpense": "38000000", "interestAndDebtExpense": "None", "netIncomeFromContinuingOperations": "188000000", "comprehensiveIncomeNetOfTax": "None", "ebit": "423000000", "ebitda": "777000000", "netIncome": "188000000"}, {"fiscalDateEnding": "2018-03-31", "reportedCurrency": "USD", "grossProfit": "2157000000", "totalRevenue": "3360000000", "costOfRevenue": "1203000000", "costofGoodsAndServicesSold": "1203000000", "operatingIncome": "751000000", "sellingGeneralAndAdministrative": "1784000000", "researchAndDevelopment": "0", "operatingExpenses": "1406000000", "investmentIncomeNet": "None", "netInterestIncome": "None", "interestIncome": "None", "interestExpense": "195000000", "nonInterestIncome": "None", "otherNonOperatingIncome": "-15000000", "depreciation": "None", "depreciationAndAmortization": "348000000", "incomeBeforeTax": "545000000", "incomeTaxExpense": "117000000", "interestAndDebtExpense": "None", "netIncomeFromContinuingOperations": "428000000", "comprehensiveIncomeNetOfTax": "None", "ebit": "740000000", "ebitda": "1088000000", "netIncome": "428000000"}, {"fiscalDateEnding": "2017-12-31", "reportedCurrency": "USD", "grossProfit": "1841000000", "totalRevenue": "2967000000", "costOfRevenue": "1126000000", "costofGoodsAndServicesSold": "1126000000", "operatingIncome": "427000000", "sellingGeneralAndAdministrative": "1679000000", "researchAndDevelopment": "24000000", "operatingExpenses": "1414000000", "investmentIncomeNet": "None", "netInterestIncome": "None", "interestIncome": "None", "interestExpense": "184000000", "nonInterestIncome": "None", "otherNonOperatingIncome": "18000000", "depreciation": "None", "depreciationAndAmortization": "342000000", "incomeBeforeTax": "377000000", "incomeTaxExpense": "-128000000", "interestAndDebtExpense": "None", "netIncomeFromContinuingOperations": "505000000", "comprehensiveIncomeNetOfTax": "None", "ebit": "563000000", "ebitda": "905000000", "netIncome": "505000000"}, {"fiscalDateEnding": "2017-09-30", "reportedCurrency": "USD", "grossProfit": "2311000000", "totalRevenue": "3206000000", "costOfRevenue": "895000000", "costofGoodsAndServicesSold": "895000000", "operatingIncome": "956000000", "sellingGeneralAndAdministrative": "1511000000", "researchAndDevelopment": "0", "operatingExpenses": "1355000000", "investmentIncomeNet": "None", "netInterestIncome": "None", "interestIncome": "None", "interestExpense": "185000000", "nonInterestIncome": "None", "otherNonOperatingIncome": "39000000", "depreciation": "None", "depreciationAndAmortization": "336000000", "incomeBeforeTax": "727000000", "incomeTaxExpense": "270000000", "interestAndDebtExpense": "None", "netIncomeFromContinuingOperations": "457000000", "comprehensiveIncomeNetOfTax": "None", "ebit": "913000000", "ebitda": "1249000000", "netIncome": "457000000"}, {"fiscalDateEnding": "2017-06-30", "reportedCurrency": "USD", "grossProfit": "1765000000", "totalRevenue": "2641000000", "costOfRevenue": "876000000", "costofGoodsAndServicesSold": "876000000", "operatingIncome": "522000000", "sellingGeneralAndAdministrative": "1433000000", "researchAndDevelopment": "0", "operatingExpenses": "1243000000", "investmentIncomeNet": "None", "netInterestIncome": "None", "interestIncome": "None", "interestExpense": "180000000", "nonInterestIncome": "None", "otherNonOperatingIncome": "34000000", "depreciation": "None", "depreciationAndAmortization": "333000000", "incomeBeforeTax": "277000000", "incomeTaxExpense": "102000000", "interestAndDebtExpense": "None", "netIncomeFromContinuingOperations": "175000000", "comprehensiveIncomeNetOfTax": "None", "ebit": "456000000", "ebitda": "789000000", "netIncome": "175000000"}, {"fiscalDateEnding": "2017-03-31", "reportedCurrency": "USD", "grossProfit": "1362000000", "totalRevenue": "3214000000", "costOfRevenue": "1852000000", "costofGoodsAndServicesSold": "1852000000", "operatingIncome": "820000000", "sellingGeneralAndAdministrative": "1643000000", "researchAndDevelopment": "0", "operatingExpenses": "542000000", "investmentIncomeNet": "None", "netInterestIncome": "None", "interestIncome": "None", "interestExpense": "181000000", "nonInterestIncome": "None", "otherNonOperatingIncome": "25000000", "depreciation": "None", "depreciationAndAmortization": "329000000", "incomeBeforeTax": "615000000", "incomeTaxExpense": "227000000", "interestAndDebtExpense": "None", "netIncomeFromContinuingOperations": "388000000", "comprehensiveIncomeNetOfTax": "None", "ebit": "796000000", "ebitda": "1125000000", "netIncome": "388000000"}, {"fiscalDateEnding": "2016-12-31", "reportedCurrency": "USD", "grossProfit": "1362000000", "totalRevenue": "3214000000", "costOfRevenue": "1852000000", "costofGoodsAndServicesSold": "1852000000", "operatingIncome": "820000000", "sellingGeneralAndAdministrative": "1487000000", "researchAndDevelopment": "24000000", "operatingExpenses": "542000000", "investmentIncomeNet": "None", "netInterestIncome": "None", "interestIncome": "None", "interestExpense": "181000000", "nonInterestIncome": "None", "otherNonOperatingIncome": "3000000", "depreciation": "None", "depreciationAndAmortization": "311000000", "incomeBeforeTax": "303000000", "incomeTaxExpense": "96000000", "interestAndDebtExpense": "None", "netIncomeFromContinuingOperations": "206000000", "comprehensiveIncomeNetOfTax": "None", "ebit": "814000000", "ebitda": "1125000000", "netIncome": "206000000"}, {"fiscalDateEnding": "2016-09-30", "reportedCurrency": "USD", "grossProfit": "1028000000", "totalRevenue": "2713000000", "costOfRevenue": "1685000000", "costofGoodsAndServicesSold": "1685000000", "operatingIncome": "520000000", "sellingGeneralAndAdministrative": "1449000000", "researchAndDevelopment": "0", "operatingExpenses": "508000000", "investmentIncomeNet": "None", "netInterestIncome": "None", "interestIncome": "None", "interestExpense": "178000000", "nonInterestIncome": "None", "otherNonOperatingIncome": "49000000", "depreciation": "None", "depreciationAndAmortization": "306000000", "incomeBeforeTax": "811000000", "incomeTaxExpense": "314000000", "interestAndDebtExpense": "None", "netIncomeFromContinuingOperations": "497000000", "comprehensiveIncomeNetOfTax": "None", "ebit": "486000000", "ebitda": "792000000", "netIncome": "497000000"}, {"fiscalDateEnding": "2016-06-30", "reportedCurrency": "USD", "grossProfit": "1441000000", "totalRevenue": "3419000000", "costOfRevenue": "1978000000", "costofGoodsAndServicesSold": "1978000000", "operatingIncome": "913000000", "sellingGeneralAndAdministrative": "1386000000", "researchAndDevelopment": "0", "operatingExpenses": "528000000", "investmentIncomeNet": "None", "netInterestIncome": "None", "interestIncome": "None", "interestExpense": "178000000", "nonInterestIncome": "None", "otherNonOperatingIncome": "11000000", "depreciation": "None", "depreciationAndAmortization": "302000000", "incomeBeforeTax": "356000000", "incomeTaxExpense": "124000000", "interestAndDebtExpense": "None", "netIncomeFromContinuingOperations": "232000000", "comprehensiveIncomeNetOfTax": "None", "ebit": "992000000", "ebitda": "1294000000", "netIncome": "232000000"}, {"fiscalDateEnding": "2016-03-31", "reportedCurrency": "USD", "grossProfit": "1449000000", "totalRevenue": "3156000000", "costOfRevenue": "1707000000", "costofGoodsAndServicesSold": "1707000000", "operatingIncome": "642000000", "sellingGeneralAndAdministrative": "1455000000", "researchAndDevelopment": "0", "operatingExpenses": "807000000", "investmentIncomeNet": "None", "netInterestIncome": "None", "interestIncome": "None", "interestExpense": "169000000", "nonInterestIncome": "None", "otherNonOperatingIncome": "1000000", "depreciation": "None", "depreciationAndAmortization": "297000000", "incomeBeforeTax": "474000000", "incomeTaxExpense": "164000000", "interestAndDebtExpense": "None", "netIncomeFromContinuingOperations": "310000000", "comprehensiveIncomeNetOfTax": "None", "ebit": "642000000", "ebitda": "939000000", "netIncome": "310000000"}, {"fiscalDateEnding": "2015-12-31", "reportedCurrency": "USD", "grossProfit": "1167000000", "totalRevenue": "2707000000", "costOfRevenue": "1540000000", "costofGoodsAndServicesSold": "1540000000", "operatingIncome": "399000000", "sellingGeneralAndAdministrative": "1417000000", "researchAndDevelopment": "23000000", "operatingExpenses": "768000000", "investmentIncomeNet": "None", "netInterestIncome": "None", "interestIncome": "None", "interestExpense": "167000000", "nonInterestIncome": "None", "otherNonOperatingIncome": "1000000", "depreciation": "None", "depreciationAndAmortization": "290000000", "incomeBeforeTax": "233000000", "incomeTaxExpense": "57000000", "interestAndDebtExpense": "None", "netIncomeFromContinuingOperations": "176000000", "comprehensiveIncomeNetOfTax": "None", "ebit": "399000000", "ebitda": "689000000", "netIncome": "176000000"}, {"fiscalDateEnding": "2015-09-30", "reportedCurrency": "USD", "grossProfit": "1619000000", "totalRevenue": "3443000000", "costOfRevenue": "1824000000", "costofGoodsAndServicesSold": "1824000000", "operatingIncome": "830000000", "sellingGeneralAndAdministrative": "1437000000", "researchAndDevelopment": "0", "operatingExpenses": "789000000", "investmentIncomeNet": "None", "netInterestIncome": "None", "interestIncome": "None", "interestExpense": "162000000", "nonInterestIncome": "None", "otherNonOperatingIncome": "9000000", "depreciation": "None", "depreciationAndAmortization": "285000000", "incomeBeforeTax": "677000000", "incomeTaxExpense": "249000000", "interestAndDebtExpense": "None", "netIncomeFromContinuingOperations": "428000000", "comprehensiveIncomeNetOfTax": "None", "ebit": "830000000", "ebitda": "1115000000", "netIncome": "428000000"}, {"fiscalDateEnding": "2015-06-30", "reportedCurrency": "USD", "grossProfit": "1206000000", "totalRevenue": "2788000000", "costOfRevenue": "1582000000", "costofGoodsAndServicesSold": "1582000000", "operatingIncome": "472000000", "sellingGeneralAndAdministrative": "1349000000", "researchAndDevelopment": "0", "operatingExpenses": "734000000", "investmentIncomeNet": "None", "netInterestIncome": "None", "interestIncome": "None", "interestExpense": "162000000", "nonInterestIncome": "None", "otherNonOperatingIncome": "10000000", "depreciation": "None", "depreciationAndAmortization": "276000000", "incomeBeforeTax": "320000000", "incomeTaxExpense": "101000000", "interestAndDebtExpense": "None", "netIncomeFromContinuingOperations": "219000000", "comprehensiveIncomeNetOfTax": "None", "ebit": "472000000", "ebitda": "748000000", "netIncome": "219000000"}, {"fiscalDateEnding": "2015-03-31", "reportedCurrency": "USD", "grossProfit": "1502000000", "totalRevenue": "3616000000", "costOfRevenue": "2114000000", "costofGoodsAndServicesSold": "2114000000", "operatingIncome": "726000000", "sellingGeneralAndAdministrative": "1573000000", "researchAndDevelopment": "0", "operatingExpenses": "776000000", "investmentIncomeNet": "None", "netInterestIncome": "None", "interestIncome": "None", "interestExpense": "161000000", "nonInterestIncome": "None", "otherNonOperatingIncome": "4000000", "depreciation": "None", "depreciationAndAmortization": "279000000", "incomeBeforeTax": "569000000", "incomeTaxExpense": "199000000", "interestAndDebtExpense": "None", "netIncomeFromContinuingOperations": "370000000", "comprehensiveIncomeNetOfTax": "None", "ebit": "726000000", "ebitda": "1005000000", "netIncome": "370000000"}, {"fiscalDateEnding": "2014-12-31", "reportedCurrency": "USD", "grossProfit": "983000000", "totalRevenue": "2829000000", "costOfRevenue": "1846000000", "costofGoodsAndServicesSold": "1846000000", "operatingIncome": "250000000", "sellingGeneralAndAdministrative": "1454000000", "researchAndDevelopment": "22000000", "operatingExpenses": "733000000", "investmentIncomeNet": "None", "netInterestIncome": "None", "interestIncome": "None", "interestExpense": "156000000", "nonInterestIncome": "None", "otherNonOperatingIncome": "-3000000", "depreciation": "None", "depreciationAndAmortization": "275000000", "incomeBeforeTax": "90000000", "incomeTaxExpense": "9000000", "interestAndDebtExpense": "None", "netIncomeFromContinuingOperations": "83000000", "comprehensiveIncomeNetOfTax": "None", "ebit": "250000000", "ebitda": "525000000", "netIncome": "82000000"}, {"fiscalDateEnding": "2014-09-30", "reportedCurrency": "USD", "grossProfit": "1541000000", "totalRevenue": "3390000000", "costOfRevenue": "1849000000", "costofGoodsAndServicesSold": "1849000000", "operatingIncome": "819000000", "sellingGeneralAndAdministrative": "1385000000", "researchAndDevelopment": "0", "operatingExpenses": "722000000", "investmentIncomeNet": "None", "netInterestIncome": "None", "interestIncome": "None", "interestExpense": "150000000", "nonInterestIncome": "None", "otherNonOperatingIncome": "26000000", "depreciation": "None", "depreciationAndAmortization": "270000000", "incomeBeforeTax": "695000000", "incomeTaxExpense": "259000000", "interestAndDebtExpense": "None", "netIncomeFromContinuingOperations": "436000000", "comprehensiveIncomeNetOfTax": "None", "ebit": "819000000", "ebitda": "1089000000", "netIncome": "436000000"}, {"fiscalDateEnding": "2014-06-30", "reportedCurrency": "USD", "grossProfit": "1142000000", "totalRevenue": "2911000000", "costOfRevenue": "1769000000", "costofGoodsAndServicesSold": "1769000000", "operatingIncome": "455000000", "sellingGeneralAndAdministrative": "1419000000", "researchAndDevelopment": "0", "operatingExpenses": "687000000", "investmentIncomeNet": "None", "netInterestIncome": "None", "interestIncome": "None", "interestExpense": "150000000", "nonInterestIncome": "None", "otherNonOperatingIncome": "9000000", "depreciation": "None", "depreciationAndAmortization": "265000000", "incomeBeforeTax": "314000000", "incomeTaxExpense": "102000000", "interestAndDebtExpense": "None", "netIncomeFromContinuingOperations": "212000000", "comprehensiveIncomeNetOfTax": "None", "ebit": "410000000", "ebitda": "675000000", "netIncome": "212000000"}, {"fiscalDateEnding": "2014-03-31", "reportedCurrency": "USD", "grossProfit": "1445000000", "totalRevenue": "3789000000", "costOfRevenue": "2344000000", "costofGoodsAndServicesSold": "2344000000", "operatingIncome": "685000000", "sellingGeneralAndAdministrative": "1724000000", "researchAndDevelopment": "0", "operatingExpenses": "760000000", "investmentIncomeNet": "None", "netInterestIncome": "None", "interestIncome": "None", "interestExpense": "136000000", "nonInterestIncome": "None", "otherNonOperatingIncome": "10000000", "depreciation": "None", "depreciationAndAmortization": "261000000", "incomeBeforeTax": "559000000", "incomeTaxExpense": "198000000", "interestAndDebtExpense": "None", "netIncomeFromContinuingOperations": "361000000", "comprehensiveIncomeNetOfTax": "None", "ebit": "685000000", "ebitda": "946000000", "netIncome": "361000000"}, {"fiscalDateEnding": "2013-12-31", "reportedCurrency": "USD", "grossProfit": "1201000000", "totalRevenue": "2867000000", "costOfRevenue": "1666000000", "costofGoodsAndServicesSold": "1666000000", "operatingIncome": "477000000", "sellingGeneralAndAdministrative": "0", "researchAndDevelopment": "18000000", "operatingExpenses": "724000000", "investmentIncomeNet": "None", "netInterestIncome": "None", "interestIncome": "None", "interestExpense": "144000000", "nonInterestIncome": "None", "otherNonOperatingIncome": "None", "depreciation": "None", "depreciationAndAmortization": "260000000", "incomeBeforeTax": "337000000", "incomeTaxExpense": "103000000", "interestAndDebtExpense": "None", "netIncomeFromContinuingOperations": "0", "comprehensiveIncomeNetOfTax": "None", "ebit": "477000000", "ebitda": "737000000", "netIncome": "234000000"}, {"fiscalDateEnding": "2013-09-30", "reportedCurrency": "USD", "grossProfit": "1613000000", "totalRevenue": "3484000000", "costOfRevenue": "1871000000", "costofGoodsAndServicesSold": "1871000000", "operatingIncome": "855000000", "sellingGeneralAndAdministrative": "0", "researchAndDevelopment": "0", "operatingExpenses": "758000000", "investmentIncomeNet": "None", "netInterestIncome": "None", "interestIncome": "None", "interestExpense": "146000000", "nonInterestIncome": "None", "otherNonOperatingIncome": "None", "depreciation": "None", "depreciationAndAmortization": "258000000", "incomeBeforeTax": "714000000", "incomeTaxExpense": "250000000", "interestAndDebtExpense": "None", "netIncomeFromContinuingOperations": "0", "comprehensiveIncomeNetOfTax": "None", "ebit": "855000000", "ebitda": "1113000000", "netIncome": "464000000"}, {"fiscalDateEnding": "2013-06-30", "reportedCurrency": "USD", "grossProfit": "1098000000", "totalRevenue": "2818000000", "costOfRevenue": "1720000000", "costofGoodsAndServicesSold": "1720000000", "operatingIncome": "386000000", "sellingGeneralAndAdministrative": "1351000000", "researchAndDevelopment": "0", "operatingExpenses": "712000000", "investmentIncomeNet": "None", "netInterestIncome": "None", "interestIncome": "None", "interestExpense": "151000000", "nonInterestIncome": "None", "otherNonOperatingIncome": "2000000", "depreciation": "None", "depreciationAndAmortization": "255000000", "incomeBeforeTax": "237000000", "incomeTaxExpense": "65000000", "interestAndDebtExpense": "None", "netIncomeFromContinuingOperations": "172000000", "comprehensiveIncomeNetOfTax": "None", "ebit": "380000000", "ebitda": "635000000", "netIncome": "172000000"}, {"fiscalDateEnding": "2013-03-31", "reportedCurrency": "USD", "grossProfit": "1250000000", "totalRevenue": "3184000000", "costOfRevenue": "1934000000", "costofGoodsAndServicesSold": "1934000000", "operatingIncome": "526000000", "sellingGeneralAndAdministrative": "0", "researchAndDevelopment": "0", "operatingExpenses": "724000000", "investmentIncomeNet": "None", "netInterestIncome": "None", "interestIncome": "None", "interestExpense": "279000000", "nonInterestIncome": "None", "otherNonOperatingIncome": "None", "depreciation": "None", "depreciationAndAmortization": "251000000", "incomeBeforeTax": "249000000", "incomeTaxExpense": "57000000", "interestAndDebtExpense": "None", "netIncomeFromContinuingOperations": "0", "comprehensiveIncomeNetOfTax": "None", "ebit": "523000000", "ebitda": "774000000", "netIncome": "192000000"}, {"fiscalDateEnding": "2012-12-31", "reportedCurrency": "USD", "grossProfit": "1164000000", "totalRevenue": "2901000000", "costOfRevenue": "1737000000", "costofGoodsAndServicesSold": "1737000000", "operatingIncome": "453000000", "sellingGeneralAndAdministrative": "0", "researchAndDevelopment": "21000000", "operatingExpenses": "711000000", "investmentIncomeNet": "None", "netInterestIncome": "None", "interestIncome": "None", "interestExpense": "147000000", "nonInterestIncome": "None", "otherNonOperatingIncome": "None", "depreciation": "None", "depreciationAndAmortization": "246000000", "incomeBeforeTax": "307000000", "incomeTaxExpense": "100000000", "interestAndDebtExpense": "None", "netIncomeFromContinuingOperations": "0", "comprehensiveIncomeNetOfTax": "None", "ebit": "453000000", "ebitda": "699000000", "netIncome": "207000000"}, {"fiscalDateEnding": "2012-09-30", "reportedCurrency": "USD", "grossProfit": "2393000000", "totalRevenue": "3438000000", "costOfRevenue": "1045000000", "costofGoodsAndServicesSold": "1045000000", "operatingIncome": "851000000", "sellingGeneralAndAdministrative": "0", "researchAndDevelopment": "0", "operatingExpenses": "1542000000", "investmentIncomeNet": "None", "netInterestIncome": "None", "interestIncome": "None", "interestExpense": "152000000", "nonInterestIncome": "None", "otherNonOperatingIncome": "None", "depreciation": "None", "depreciationAndAmortization": "240000000", "incomeBeforeTax": "701000000", "incomeTaxExpense": "261000000", "interestAndDebtExpense": "None", "netIncomeFromContinuingOperations": "0", "comprehensiveIncomeNetOfTax": "None", "ebit": "853000000", "ebitda": "1093000000", "netIncome": "440000000"}, {"fiscalDateEnding": "2012-06-30", "reportedCurrency": "USD", "grossProfit": "1934000000", "totalRevenue": "2771000000", "costOfRevenue": "837000000", "costofGoodsAndServicesSold": "837000000", "operatingIncome": "475000000", "sellingGeneralAndAdministrative": "0", "researchAndDevelopment": "0", "operatingExpenses": "1459000000", "investmentIncomeNet": "None", "netInterestIncome": "None", "interestIncome": "None", "interestExpense": "153000000", "nonInterestIncome": "None", "otherNonOperatingIncome": "None", "depreciation": "None", "depreciationAndAmortization": "236000000", "incomeBeforeTax": "320000000", "incomeTaxExpense": "106000000", "interestAndDebtExpense": "None", "netIncomeFromContinuingOperations": "0", "comprehensiveIncomeNetOfTax": "None", "ebit": "476000000", "ebitda": "712000000", "netIncome": "214000000"}, {"fiscalDateEnding": "2012-03-31", "reportedCurrency": "USD", "grossProfit": "1993000000", "totalRevenue": "3078000000", "costOfRevenue": "1085000000", "costofGoodsAndServicesSold": "1085000000", "operatingIncome": "561000000", "sellingGeneralAndAdministrative": "0", "researchAndDevelopment": "0", "operatingExpenses": "1432000000", "investmentIncomeNet": "None", "netInterestIncome": "None", "interestIncome": "None", "interestExpense": "150000000", "nonInterestIncome": "None", "otherNonOperatingIncome": "None", "depreciation": "None", "depreciationAndAmortization": "233000000", "incomeBeforeTax": "414000000", "incomeTaxExpense": "134000000", "interestAndDebtExpense": "None", "netIncomeFromContinuingOperations": "0", "comprehensiveIncomeNetOfTax": "None", "ebit": "564000000", "ebitda": "797000000", "netIncome": "277000000"}, {"fiscalDateEnding": "2011-12-31", "reportedCurrency": "USD", "grossProfit": "1897000000", "totalRevenue": "2966000000", "costOfRevenue": "1069000000", "costofGoodsAndServicesSold": "1069000000", "operatingIncome": "458000000", "sellingGeneralAndAdministrative": "0", "researchAndDevelopment": "23000000", "operatingExpenses": "1439000000", "investmentIncomeNet": "None", "netInterestIncome": "None", "interestIncome": "None", "interestExpense": "142000000", "nonInterestIncome": "None", "otherNonOperatingIncome": "None", "depreciation": "None", "depreciationAndAmortization": "225000000", "incomeBeforeTax": "316000000", "incomeTaxExpense": "123000000", "interestAndDebtExpense": "None", "netIncomeFromContinuingOperations": "0", "comprehensiveIncomeNetOfTax": "None", "ebit": "458000000", "ebitda": "683000000", "netIncome": "191000000"}, {"fiscalDateEnding": "2011-09-30", "reportedCurrency": "USD", "grossProfit": "2244000000", "totalRevenue": "3629000000", "costOfRevenue": "1385000000", "costofGoodsAndServicesSold": "1385000000", "operatingIncome": "756000000", "sellingGeneralAndAdministrative": "0", "researchAndDevelopment": "0", "operatingExpenses": "1488000000", "investmentIncomeNet": "None", "netInterestIncome": "None", "interestIncome": "None", "interestExpense": "145000000", "nonInterestIncome": "None", "otherNonOperatingIncome": "None", "depreciation": "None", "depreciationAndAmortization": "222000000", "incomeBeforeTax": "611000000", "incomeTaxExpense": "225000000", "interestAndDebtExpense": "None", "netIncomeFromContinuingOperations": "0", "comprehensiveIncomeNetOfTax": "None", "ebit": "756000000", "ebitda": "978000000", "netIncome": "383000000"}, {"fiscalDateEnding": "2011-06-30", "reportedCurrency": "USD", "grossProfit": "1794000000", "totalRevenue": "2993000000", "costOfRevenue": "1199000000", "costofGoodsAndServicesSold": "1199000000", "operatingIncome": "398000000", "sellingGeneralAndAdministrative": "0", "researchAndDevelopment": "0", "operatingExpenses": "1396000000", "investmentIncomeNet": "None", "netInterestIncome": "None", "interestIncome": "None", "interestExpense": "153000000", "nonInterestIncome": "None", "otherNonOperatingIncome": "None", "depreciation": "None", "depreciationAndAmortization": "219000000", "incomeBeforeTax": "251000000", "incomeTaxExpense": "83000000", "interestAndDebtExpense": "None", "netIncomeFromContinuingOperations": "0", "comprehensiveIncomeNetOfTax": "None", "ebit": "404000000", "ebitda": "623000000", "netIncome": "165000000"}, {"fiscalDateEnding": "2011-03-31", "reportedCurrency": "USD", "grossProfit": "2000000000", "totalRevenue": "3349000000", "costOfRevenue": "1349000000", "costofGoodsAndServicesSold": "1349000000", "operatingIncome": "626000000", "sellingGeneralAndAdministrative": "0", "researchAndDevelopment": "0", "operatingExpenses": "1374000000", "investmentIncomeNet": "None", "netInterestIncome": "None", "interestIncome": "None", "interestExpense": "154000000", "nonInterestIncome": "None", "otherNonOperatingIncome": "None", "depreciation": "None", "depreciationAndAmortization": "218000000", "incomeBeforeTax": "483000000", "incomeTaxExpense": "169000000", "interestAndDebtExpense": "None", "netIncomeFromContinuingOperations": "0", "comprehensiveIncomeNetOfTax": "None", "ebit": "637000000", "ebitda": "855000000", "netIncome": "311000000"}, {"fiscalDateEnding": "2010-12-31", "reportedCurrency": "USD", "grossProfit": "1940000000", "totalRevenue": "3140000000", "costOfRevenue": "1200000000", "costofGoodsAndServicesSold": "1200000000", "operatingIncome": "493000000", "sellingGeneralAndAdministrative": "0", "researchAndDevelopment": "23000000", "operatingExpenses": "1447000000", "investmentIncomeNet": "None", "netInterestIncome": "None", "interestIncome": "None", "interestExpense": "153000000", "nonInterestIncome": "None", "otherNonOperatingIncome": "None", "depreciation": "None", "depreciationAndAmortization": "214000000", "incomeBeforeTax": "350000000", "incomeTaxExpense": "115000000", "interestAndDebtExpense": "None", "netIncomeFromContinuingOperations": "0", "comprehensiveIncomeNetOfTax": "None", "ebit": "493000000", "ebitda": "707000000", "netIncome": "233000000"}, {"fiscalDateEnding": "2010-09-30", "reportedCurrency": "USD", "grossProfit": "2103000000", "totalRevenue": "3707000000", "costOfRevenue": "1604000000", "costofGoodsAndServicesSold": "1604000000", "operatingIncome": "705000000", "sellingGeneralAndAdministrative": "0", "researchAndDevelopment": "0", "operatingExpenses": "1398000000", "investmentIncomeNet": "None", "netInterestIncome": "None", "interestIncome": "None", "interestExpense": "159000000", "nonInterestIncome": "None", "otherNonOperatingIncome": "None", "depreciation": "None", "depreciationAndAmortization": "211000000", "incomeBeforeTax": "558000000", "incomeTaxExpense": "205000000", "interestAndDebtExpense": "None", "netIncomeFromContinuingOperations": "0", "comprehensiveIncomeNetOfTax": "None", "ebit": "717000000", "ebitda": "928000000", "netIncome": "350000000"}, {"fiscalDateEnding": "2010-06-30", "reportedCurrency": "USD", "grossProfit": "1723000000", "totalRevenue": "3017000000", "costOfRevenue": "1294000000", "costofGoodsAndServicesSold": "1294000000", "operatingIncome": "429000000", "sellingGeneralAndAdministrative": "0", "researchAndDevelopment": "0", "operatingExpenses": "1294000000", "investmentIncomeNet": "None", "netInterestIncome": "None", "interestIncome": "None", "interestExpense": "152000000", "nonInterestIncome": "None", "otherNonOperatingIncome": "None", "depreciation": "None", "depreciationAndAmortization": "211000000", "incomeBeforeTax": "292000000", "incomeTaxExpense": "106000000", "interestAndDebtExpense": "None", "netIncomeFromContinuingOperations": "0", "comprehensiveIncomeNetOfTax": "None", "ebit": "444000000", "ebitda": "655000000", "netIncome": "183000000"}, {"fiscalDateEnding": "2010-03-31", "reportedCurrency": "USD", "grossProfit": "1826000000", "totalRevenue": "3462000000", "costOfRevenue": "1636000000", "costofGoodsAndServicesSold": "1636000000", "operatingIncome": "492000000", "sellingGeneralAndAdministrative": "0", "researchAndDevelopment": "0", "operatingExpenses": "1334000000", "investmentIncomeNet": "None", "netInterestIncome": "None", "interestIncome": "None", "interestExpense": "149000000", "nonInterestIncome": "None", "otherNonOperatingIncome": "None", "depreciation": "None", "depreciationAndAmortization": "204000000", "incomeBeforeTax": "351000000", "incomeTaxExpense": "122000000", "interestAndDebtExpense": "None", "netIncomeFromContinuingOperations": "0", "comprehensiveIncomeNetOfTax": "None", "ebit": "500000000", "ebitda": "704000000", "netIncome": "226000000"}, {"fiscalDateEnding": "2009-12-31", "reportedCurrency": "USD", "grossProfit": "1701000000", "totalRevenue": "3274000000", "costOfRevenue": "1573000000", "costofGoodsAndServicesSold": "1573000000", "operatingIncome": "801000000", "sellingGeneralAndAdministrative": "0", "researchAndDevelopment": "0", "operatingExpenses": "900000000", "investmentIncomeNet": "None", "netInterestIncome": "None", "interestIncome": "None", "interestExpense": "156000000", "nonInterestIncome": "None", "otherNonOperatingIncome": "None", "depreciation": "None", "depreciationAndAmortization": "202000000", "incomeBeforeTax": "1319000000", "incomeTaxExpense": "440000000", "interestAndDebtExpense": "None", "netIncomeFromContinuingOperations": "0", "comprehensiveIncomeNetOfTax": "None", "ebit": "832000000", "ebitda": "1034000000", "netIncome": "202000000"}, {"fiscalDateEnding": "2009-09-30", "reportedCurrency": "USD", "grossProfit": "1979000000", "totalRevenue": "3489000000", "costOfRevenue": "1510000000", "costofGoodsAndServicesSold": "1510000000", "operatingIncome": "484000000", "sellingGeneralAndAdministrative": "0", "researchAndDevelopment": "0", "operatingExpenses": "1495000000", "investmentIncomeNet": "None", "netInterestIncome": "None", "interestIncome": "None", "interestExpense": "155000000", "nonInterestIncome": "None", "otherNonOperatingIncome": "None", "depreciation": "None", "depreciationAndAmortization": "200000000", "incomeBeforeTax": "339000000", "incomeTaxExpense": "145000000", "interestAndDebtExpense": "None", "netIncomeFromContinuingOperations": "0", "comprehensiveIncomeNetOfTax": "None", "ebit": "689000000", "ebitda": "889000000", "netIncome": "336000000"}, {"fiscalDateEnding": "2009-06-30", "reportedCurrency": "USD", "grossProfit": "1558000000", "totalRevenue": "2845000000", "costOfRevenue": "1287000000", "costofGoodsAndServicesSold": "1287000000", "operatingIncome": "294000000", "sellingGeneralAndAdministrative": "0", "researchAndDevelopment": "0", "operatingExpenses": "1264000000", "investmentIncomeNet": "None", "netInterestIncome": "None", "interestIncome": "None", "interestExpense": "157000000", "nonInterestIncome": "None", "otherNonOperatingIncome": "None", "depreciation": "None", "depreciationAndAmortization": "197000000", "incomeBeforeTax": "153000000", "incomeTaxExpense": "141000000", "interestAndDebtExpense": "None", "netIncomeFromContinuingOperations": "0", "comprehensiveIncomeNetOfTax": "None", "ebit": "280000000", "ebitda": "477000000", "netIncome": "150000000"}, {"fiscalDateEnding": "2009-03-31", "reportedCurrency": "USD", "grossProfit": "1551000000", "totalRevenue": "3423000000", "costOfRevenue": "1872000000", "costofGoodsAndServicesSold": "1872000000", "operatingIncome": "319000000", "sellingGeneralAndAdministrative": "0", "researchAndDevelopment": "0", "operatingExpenses": "1232000000", "investmentIncomeNet": "None", "netInterestIncome": "None", "interestIncome": "None", "interestExpense": "146000000", "nonInterestIncome": "None", "otherNonOperatingIncome": "None", "depreciation": "None", "depreciationAndAmortization": "192000000", "incomeBeforeTax": "183000000", "incomeTaxExpense": "136000000", "interestAndDebtExpense": "None", "netIncomeFromContinuingOperations": "0", "comprehensiveIncomeNetOfTax": "None", "ebit": "423000000", "ebitda": "615000000", "netIncome": "180000000"}, {"fiscalDateEnding": "2008-12-31", "reportedCurrency": "USD", "grossProfit": "1459000000", "totalRevenue": "2999000000", "costOfRevenue": "1540000000", "costofGoodsAndServicesSold": "1540000000", "operatingIncome": "382000000", "sellingGeneralAndAdministrative": "0", "researchAndDevelopment": "0", "operatingExpenses": "1077000000", "investmentIncomeNet": "None", "netInterestIncome": "None", "interestIncome": "None", "interestExpense": "544000000", "nonInterestIncome": "None", "otherNonOperatingIncome": "None", "depreciation": "None", "depreciationAndAmortization": "186000000", "incomeBeforeTax": "238000000", "incomeTaxExpense": "78000000", "interestAndDebtExpense": "None", "netIncomeFromContinuingOperations": "0", "comprehensiveIncomeNetOfTax": "None", "ebit": "382000000", "ebitda": "568000000", "netIncome": "160000000"}, {"fiscalDateEnding": "2008-09-30", "reportedCurrency": "USD", "grossProfit": "1531000000", "totalRevenue": "3858000000", "costOfRevenue": "2327000000", "costofGoodsAndServicesSold": "2327000000", "operatingIncome": "402000000", "sellingGeneralAndAdministrative": "0", "researchAndDevelopment": "0", "operatingExpenses": "1129000000", "investmentIncomeNet": "None", "netInterestIncome": "None", "interestIncome": "None", "interestExpense": "139000000", "nonInterestIncome": "None", "otherNonOperatingIncome": "None", "depreciation": "None", "depreciationAndAmortization": "184000000", "incomeBeforeTax": "270000000", "incomeTaxExpense": "88000000", "interestAndDebtExpense": "None", "netIncomeFromContinuingOperations": "0", "comprehensiveIncomeNetOfTax": "None", "ebit": "310000000", "ebitda": "494000000", "netIncome": "182000000"}, {"fiscalDateEnding": "2008-06-30", "reportedCurrency": "USD", "grossProfit": "1420000000", "totalRevenue": "3149000000", "costOfRevenue": "1729000000", "costofGoodsAndServicesSold": "1729000000", "operatingIncome": "338000000", "sellingGeneralAndAdministrative": "0", "researchAndDevelopment": "0", "operatingExpenses": "1082000000", "investmentIncomeNet": "None", "netInterestIncome": "None", "interestIncome": "None", "interestExpense": "128000000", "nonInterestIncome": "None", "otherNonOperatingIncome": "None", "depreciation": "None", "depreciationAndAmortization": "250000000", "incomeBeforeTax": "510000000", "incomeTaxExpense": "208000000", "interestAndDebtExpense": "None", "netIncomeFromContinuingOperations": "0", "comprehensiveIncomeNetOfTax": "None", "ebit": "80000000", "ebitda": "330000000", "netIncome": "552000000"}, {"fiscalDateEnding": "2008-03-31", "reportedCurrency": "USD", "grossProfit": "1588000000", "totalRevenue": "3577000000", "costOfRevenue": "1989000000", "costofGoodsAndServicesSold": "1989000000", "operatingIncome": "537000000", "sellingGeneralAndAdministrative": "0", "researchAndDevelopment": "0", "operatingExpenses": "1051000000", "investmentIncomeNet": "None", "netInterestIncome": "None", "interestIncome": "None", "interestExpense": "126000000", "nonInterestIncome": "None", "otherNonOperatingIncome": "None", "depreciation": "None", "depreciationAndAmortization": "97000000", "incomeBeforeTax": "463000000", "incomeTaxExpense": "163000000", "interestAndDebtExpense": "None", "netIncomeFromContinuingOperations": "0", "comprehensiveIncomeNetOfTax": "None", "ebit": "458000000", "ebitda": "555000000", "netIncome": "303000000"}, {"fiscalDateEnding": "2007-12-31", "reportedCurrency": "USD", "grossProfit": "1399000000", "totalRevenue": "3029000000", "costOfRevenue": "1630000000", "costofGoodsAndServicesSold": "1630000000", "operatingIncome": "396000000", "sellingGeneralAndAdministrative": "0", "researchAndDevelopment": "0", "operatingExpenses": "1003000000", "investmentIncomeNet": "None", "netInterestIncome": "None", "interestIncome": "None", "interestExpense": "510000000", "nonInterestIncome": "None", "otherNonOperatingIncome": "None", "depreciation": "None", "depreciationAndAmortization": "402000000", "incomeBeforeTax": "296000000", "incomeTaxExpense": "93000000", "interestAndDebtExpense": "None", "netIncomeFromContinuingOperations": "0", "comprehensiveIncomeNetOfTax": "None", "ebit": "396000000", "ebitda": "798000000", "netIncome": "207000000"}, {"fiscalDateEnding": "2007-09-30", "reportedCurrency": "USD", "grossProfit": "1622000000", "totalRevenue": "3643000000", "costOfRevenue": "2021000000", "costofGoodsAndServicesSold": "2021000000", "operatingIncome": "558000000", "sellingGeneralAndAdministrative": "0", "researchAndDevelopment": "0", "operatingExpenses": "1064000000", "investmentIncomeNet": "None", "netInterestIncome": "None", "interestIncome": "None", "interestExpense": "139000000", "nonInterestIncome": "None", "otherNonOperatingIncome": "None", "depreciation": "None", "depreciationAndAmortization": "188000000", "incomeBeforeTax": "436000000", "incomeTaxExpense": "124000000", "interestAndDebtExpense": "None", "netIncomeFromContinuingOperations": "0", "comprehensiveIncomeNetOfTax": "None", "ebit": "540000000", "ebitda": "728000000", "netIncome": "310000000"}, {"fiscalDateEnding": "2007-06-30", "reportedCurrency": "USD", "grossProfit": "1347000000", "totalRevenue": "3029000000", "costOfRevenue": "1682000000", "costofGoodsAndServicesSold": "1682000000", "operatingIncome": "358000000", "sellingGeneralAndAdministrative": "0", "researchAndDevelopment": "0", "operatingExpenses": "989000000", "investmentIncomeNet": "None", "netInterestIncome": "None", "interestIncome": "None", "interestExpense": "138000000", "nonInterestIncome": "None", "otherNonOperatingIncome": "None", "depreciation": "None", "depreciationAndAmortization": "-87000000", "incomeBeforeTax": "227000000", "incomeTaxExpense": "73000000", "interestAndDebtExpense": "None", "netIncomeFromContinuingOperations": "0", "comprehensiveIncomeNetOfTax": "None", "ebit": "534000000", "ebitda": "447000000", "netIncome": "154000000"}, {"fiscalDateEnding": "2007-03-31", "reportedCurrency": "USD", "grossProfit": "1527000000", "totalRevenue": "3418000000", "costOfRevenue": "1891000000", "costofGoodsAndServicesSold": "1891000000", "operatingIncome": "535000000", "sellingGeneralAndAdministrative": "0", "researchAndDevelopment": "0", "operatingExpenses": "992000000", "investmentIncomeNet": "None", "netInterestIncome": "None", "interestIncome": "None", "interestExpense": "141000000", "nonInterestIncome": "None", "otherNonOperatingIncome": "None", "depreciation": "None", "depreciationAndAmortization": "164000000", "incomeBeforeTax": "401000000", "incomeTaxExpense": "145000000", "interestAndDebtExpense": "None", "netIncomeFromContinuingOperations": "0", "comprehensiveIncomeNetOfTax": "None", "ebit": "524000000", "ebitda": "688000000", "netIncome": "256000000"}, {"fiscalDateEnding": "2006-12-31", "reportedCurrency": "USD", "grossProfit": "1363000000", "totalRevenue": "2823000000", "costOfRevenue": "1460000000", "costofGoodsAndServicesSold": "1460000000", "operatingIncome": "426000000", "sellingGeneralAndAdministrative": "0", "researchAndDevelopment": "0", "operatingExpenses": "937000000", "investmentIncomeNet": "None", "netInterestIncome": "None", "interestIncome": "None", "interestExpense": "550000000", "nonInterestIncome": "None", "otherNonOperatingIncome": "None", "depreciation": "None", "depreciationAndAmortization": "161000000", "incomeBeforeTax": "291000000", "incomeTaxExpense": "90000000", "interestAndDebtExpense": "None", "netIncomeFromContinuingOperations": "0", "comprehensiveIncomeNetOfTax": "None", "ebit": "426000000", "ebitda": "587000000", "netIncome": "201000000"}, {"fiscalDateEnding": "2006-09-30", "reportedCurrency": "USD", "grossProfit": "1554000000", "totalRevenue": "3441000000", "costOfRevenue": "1887000000", "costofGoodsAndServicesSold": "1887000000", "operatingIncome": "515000000", "sellingGeneralAndAdministrative": "0", "researchAndDevelopment": "0", "operatingExpenses": "1039000000", "investmentIncomeNet": "None", "netInterestIncome": "None", "interestIncome": "None", "interestExpense": "161000000", "nonInterestIncome": "None", "otherNonOperatingIncome": "None", "depreciation": "None", "depreciationAndAmortization": "292000000", "incomeBeforeTax": "360000000", "incomeTaxExpense": "129000000", "interestAndDebtExpense": "None", "netIncomeFromContinuingOperations": "0", "comprehensiveIncomeNetOfTax": "None", "ebit": "515000000", "ebitda": "807000000", "netIncome": "231000000"}, {"fiscalDateEnding": "2006-06-30", "reportedCurrency": "USD", "grossProfit": "1202000000", "totalRevenue": "2555000000", "costOfRevenue": "1353000000", "costofGoodsAndServicesSold": "1353000000", "operatingIncome": "313000000", "sellingGeneralAndAdministrative": "0", "researchAndDevelopment": "0", "operatingExpenses": "889000000", "investmentIncomeNet": "None", "netInterestIncome": "None", "interestIncome": "None", "interestExpense": "130000000", "nonInterestIncome": "None", "otherNonOperatingIncome": "None", "depreciation": "None", "depreciationAndAmortization": "67000000", "incomeBeforeTax": "185000000", "incomeTaxExpense": "59000000", "interestAndDebtExpense": "None", "netIncomeFromContinuingOperations": "0", "comprehensiveIncomeNetOfTax": "None", "ebit": "395000000", "ebitda": "462000000", "netIncome": "124000000"}, {"fiscalDateEnding": "2006-03-31", "reportedCurrency": "USD", "grossProfit": "1322000000", "totalRevenue": "3317000000", "costOfRevenue": "1995000000", "costofGoodsAndServicesSold": "1995000000", "operatingIncome": "413000000", "sellingGeneralAndAdministrative": "0", "researchAndDevelopment": "0", "operatingExpenses": "909000000", "investmentIncomeNet": "None", "netInterestIncome": "None", "interestIncome": "None", "interestExpense": "126000000", "nonInterestIncome": "None", "otherNonOperatingIncome": "None", "depreciation": "None", "depreciationAndAmortization": "101000000", "incomeBeforeTax": "293000000", "incomeTaxExpense": "113000000", "interestAndDebtExpense": "None", "netIncomeFromContinuingOperations": "0", "comprehensiveIncomeNetOfTax": "None", "ebit": "450000000", "ebitda": "551000000", "netIncome": "181000000"}, {"fiscalDateEnding": "2005-12-31", "reportedCurrency": "USD", "grossProfit": "1180000000", "totalRevenue": "3108000000", "costOfRevenue": "1928000000", "costofGoodsAndServicesSold": "1928000000", "operatingIncome": "273000000", "sellingGeneralAndAdministrative": "0", "researchAndDevelopment": "0", "operatingExpenses": "907000000", "investmentIncomeNet": "None", "netInterestIncome": "None", "interestIncome": "None", "interestExpense": "464000000", "nonInterestIncome": "None", "otherNonOperatingIncome": "None", "depreciation": "None", "depreciationAndAmortization": "150000000", "incomeBeforeTax": "175000000", "incomeTaxExpense": "29000000", "interestAndDebtExpense": "None", "netIncomeFromContinuingOperations": "0", "comprehensiveIncomeNetOfTax": "None", "ebit": "273000000", "ebitda": "423000000", "netIncome": "138000000"}, {"fiscalDateEnding": "2005-09-30", "reportedCurrency": "USD", "grossProfit": "1482000000", "totalRevenue": "3375000000", "costOfRevenue": "1893000000", "costofGoodsAndServicesSold": "1893000000", "operatingIncome": "592000000", "sellingGeneralAndAdministrative": "0", "researchAndDevelopment": "0", "operatingExpenses": "890000000", "investmentIncomeNet": "None", "netInterestIncome": "None", "interestIncome": "None", "interestExpense": "120000000", "nonInterestIncome": "None", "otherNonOperatingIncome": "None", "depreciation": "None", "depreciationAndAmortization": "147000000", "incomeBeforeTax": "455000000", "incomeTaxExpense": "168000000", "interestAndDebtExpense": "None", "netIncomeFromContinuingOperations": "0", "comprehensiveIncomeNetOfTax": "None", "ebit": "419000000", "ebitda": "566000000", "netIncome": "285000000"}]}