{"symbol": "FCX", "annualReports": [{"fiscalDateEnding": "2025-12-31", "reportedCurrency": "USD", "grossProfit": "6945000000", "totalRevenue": "25741000000", "costOfRevenue": "18796000000", "costofGoodsAndServicesSold": "18796000000", "operatingIncome": "6290000000", "sellingGeneralAndAdministrative": "545000000", "researchAndDevelopment": "None", "operatingExpenses": "655000000", "investmentIncomeNet": "None", "netInterestIncome": "-369000000", "interestIncome": "369000000", "interestExpense": "369000000", "nonInterestIncome": "None", "otherNonOperatingIncome": "None", "depreciation": "None", "depreciationAndAmortization": "2244000000", "incomeBeforeTax": "6372000000", "incomeTaxExpense": "2221000000", "interestAndDebtExpense": "None", "netIncomeFromContinuingOperations": "4152000000", "comprehensiveIncomeNetOfTax": "None", "ebit": "6513000000", "ebitda": "8757000000", "netIncome": "2204000000"}, {"fiscalDateEnding": "2024-12-31", "reportedCurrency": "USD", "grossProfit": "7503000000", "totalRevenue": "25455000000", "costOfRevenue": "17952000000", "costofGoodsAndServicesSold": "17952000000", "operatingIncome": "6864000000", "sellingGeneralAndAdministrative": "513000000", "researchAndDevelopment": "None", "operatingExpenses": "640000000", "investmentIncomeNet": "None", "netInterestIncome": "-319000000", "interestIncome": "302000000", "interestExpense": "319000000", "nonInterestIncome": "None", "otherNonOperatingIncome": "None", "depreciation": "None", "depreciationAndAmortization": "2241000000", "incomeBeforeTax": "6922000000", "incomeTaxExpense": "2523000000", "interestAndDebtExpense": "None", "netIncomeFromContinuingOperations": "4399000000", "comprehensiveIncomeNetOfTax": "None", "ebit": "7226000000", "ebitda": "9467000000", "netIncome": "1883000000"}, {"fiscalDateEnding": "2023-12-31", "reportedCurrency": "USD", "grossProfit": "6881000000", "totalRevenue": "22707000000", "costOfRevenue": "15826000000", "costofGoodsAndServicesSold": "15826000000", "operatingIncome": "6083000000", "sellingGeneralAndAdministrative": "479000000", "researchAndDevelopment": "None", "operatingExpenses": "798000000", "investmentIncomeNet": "None", "netInterestIncome": "-555000000", "interestIncome": "495000000", "interestExpense": "515000000", "nonInterestIncome": "None", "otherNonOperatingIncome": "None", "depreciation": "None", "depreciationAndAmortization": "2068000000", "incomeBeforeTax": "6021000000", "incomeTaxExpense": "2270000000", "interestAndDebtExpense": "None", "netIncomeFromContinuingOperations": "3751000000", "comprehensiveIncomeNetOfTax": "None", "ebit": "6521000000", "ebitda": "8589000000", "netIncome": "1842000000"}, {"fiscalDateEnding": "2022-12-31", "reportedCurrency": "USD", "grossProfit": "8093000000", "totalRevenue": "23334000000", "costOfRevenue": "15241000000", "costofGoodsAndServicesSold": "15241000000", "operatingIncome": "7552000000", "sellingGeneralAndAdministrative": "420000000", "researchAndDevelopment": "None", "operatingExpenses": "541000000", "investmentIncomeNet": "None", "netInterestIncome": "-560000000", "interestIncome": "415000000", "interestExpense": "560000000", "nonInterestIncome": "None", "otherNonOperatingIncome": "269000000", "depreciation": "None", "depreciationAndAmortization": "2019000000", "incomeBeforeTax": "6746000000", "incomeTaxExpense": "2267000000", "interestAndDebtExpense": "None", "netIncomeFromContinuingOperations": "4479000000", "comprehensiveIncomeNetOfTax": "None", "ebit": "7275000000", "ebitda": "9294000000", "netIncome": "3461000000"}, {"fiscalDateEnding": "2021-12-31", "reportedCurrency": "USD", "grossProfit": "8287000000", "totalRevenue": "22357000000", "costOfRevenue": "14070000000", "costofGoodsAndServicesSold": "14070000000", "operatingIncome": "7813000000", "sellingGeneralAndAdministrative": "383000000", "researchAndDevelopment": "None", "operatingExpenses": "474000000", "investmentIncomeNet": "None", "netInterestIncome": "-602000000", "interestIncome": "602000000", "interestExpense": "602000000", "nonInterestIncome": "None", "otherNonOperatingIncome": "-100000000", "depreciation": "None", "depreciationAndAmortization": "1998000000", "incomeBeforeTax": "7664000000", "incomeTaxExpense": "2299000000", "interestAndDebtExpense": "None", "netIncomeFromContinuingOperations": "5365000000", "comprehensiveIncomeNetOfTax": "None", "ebit": "8261000000", "ebitda": "10259000000", "netIncome": "4299000000"}, {"fiscalDateEnding": "2020-12-31", "reportedCurrency": "USD", "grossProfit": "2406000000", "totalRevenue": "13872000000", "costOfRevenue": "11466000000", "costofGoodsAndServicesSold": "11466000000", "operatingIncome": "1893000000", "sellingGeneralAndAdministrative": "370000000", "researchAndDevelopment": "None", "operatingExpenses": "513000000", "investmentIncomeNet": "None", "netInterestIncome": "-598000000", "interestIncome": "598000000", "interestExpense": "598000000", "nonInterestIncome": "None", "otherNonOperatingIncome": "-30000000", "depreciation": "None", "depreciationAndAmortization": "1528000000", "incomeBeforeTax": "1809000000", "incomeTaxExpense": "944000000", "interestAndDebtExpense": "None", "netIncomeFromContinuingOperations": "865000000", "comprehensiveIncomeNetOfTax": "None", "ebit": "2395000000", "ebitda": "3923000000", "netIncome": "596000000"}, {"fiscalDateEnding": "2019-12-31", "reportedCurrency": "USD", "grossProfit": "1188000000", "totalRevenue": "14356000000", "costOfRevenue": "13168000000", "costofGoodsAndServicesSold": "13168000000", "operatingIncome": "669000000", "sellingGeneralAndAdministrative": "414000000", "researchAndDevelopment": "None", "operatingExpenses": "519000000", "investmentIncomeNet": "None", "netInterestIncome": "-620000000", "interestIncome": "620000000", "interestExpense": "532000000", "nonInterestIncome": "None", "otherNonOperatingIncome": "-153000000", "depreciation": "None", "depreciationAndAmortization": "1412000000", "incomeBeforeTax": "318000000", "incomeTaxExpense": "510000000", "interestAndDebtExpense": "None", "netIncomeFromContinuingOperations": "-192000000", "comprehensiveIncomeNetOfTax": "None", "ebit": "838000000", "ebitda": "2250000000", "netIncome": "-245000000"}, {"fiscalDateEnding": "2018-12-31", "reportedCurrency": "USD", "grossProfit": "5741000000", "totalRevenue": "18967000000", "costOfRevenue": "13226000000", "costofGoodsAndServicesSold": "13226000000", "operatingIncome": "5209000000", "sellingGeneralAndAdministrative": "443000000", "researchAndDevelopment": "0", "operatingExpenses": "532000000", "investmentIncomeNet": "None", "netInterestIncome": "-945000000", "interestIncome": "945000000", "interestExpense": "575000000", "nonInterestIncome": "None", "otherNonOperatingIncome": "91000000", "depreciation": "None", "depreciationAndAmortization": "1754000000", "incomeBeforeTax": "3900000000", "incomeTaxExpense": "991000000", "interestAndDebtExpense": "None", "netIncomeFromContinuingOperations": "2909000000", "comprehensiveIncomeNetOfTax": "None", "ebit": "4467000000", "ebitda": "6221000000", "netIncome": "2613000000"}, {"fiscalDateEnding": "2017-12-31", "reportedCurrency": "USD", "grossProfit": "4097000000", "totalRevenue": "15858000000", "costOfRevenue": "11761000000", "costofGoodsAndServicesSold": "11761000000", "operatingIncome": "3381000000", "sellingGeneralAndAdministrative": "484000000", "researchAndDevelopment": "94000000", "operatingExpenses": "716000000", "investmentIncomeNet": "None", "netInterestIncome": "-801000000", "interestIncome": "801000000", "interestExpense": "656000000", "nonInterestIncome": "None", "otherNonOperatingIncome": "80000000", "depreciation": "None", "depreciationAndAmortization": "1714000000", "incomeBeforeTax": "2912000000", "incomeTaxExpense": "883000000", "interestAndDebtExpense": "None", "netIncomeFromContinuingOperations": "2029000000", "comprehensiveIncomeNetOfTax": "None", "ebit": "3558000000", "ebitda": "5272000000", "netIncome": "1756000000"}, {"fiscalDateEnding": "2016-12-31", "reportedCurrency": "USD", "grossProfit": "1282000000", "totalRevenue": "14598000000", "costOfRevenue": "13316000000", "costofGoodsAndServicesSold": "13316000000", "operatingIncome": "740000000", "sellingGeneralAndAdministrative": "607000000", "researchAndDevelopment": "64000000", "operatingExpenses": "542000000", "investmentIncomeNet": "None", "netInterestIncome": "-755000000", "interestIncome": "755000000", "interestExpense": "755000000", "nonInterestIncome": "None", "otherNonOperatingIncome": "86000000", "depreciation": "None", "depreciationAndAmortization": "2530000000", "incomeBeforeTax": "-3461000000", "incomeTaxExpense": "371000000", "interestAndDebtExpense": "None", "netIncomeFromContinuingOperations": "-3832000000", "comprehensiveIncomeNetOfTax": "None", "ebit": "-2717000000", "ebitda": "-187000000", "netIncome": "-3959000000"}, {"fiscalDateEnding": "2015-12-31", "reportedCurrency": "USD", "grossProfit": "597000000", "totalRevenue": "14960000000", "costOfRevenue": "14363000000", "costofGoodsAndServicesSold": "14363000000", "operatingIncome": "-39000000", "sellingGeneralAndAdministrative": "569000000", "researchAndDevelopment": "0", "operatingExpenses": "636000000", "investmentIncomeNet": "None", "netInterestIncome": "None", "interestIncome": "617000000", "interestExpense": "617000000", "nonInterestIncome": "None", "otherNonOperatingIncome": "3000000", "depreciation": "None", "depreciationAndAmortization": "3240000000", "incomeBeforeTax": "-14131000000", "incomeTaxExpense": "-1951000000", "interestAndDebtExpense": "None", "netIncomeFromContinuingOperations": "-12086000000", "comprehensiveIncomeNetOfTax": "None", "ebit": "-13511000000", "ebitda": "-10271000000", "netIncome": "-12239000000"}, {"fiscalDateEnding": "2014-12-31", "reportedCurrency": "USD", "grossProfit": "5342000000", "totalRevenue": "21231000000", "costOfRevenue": "15889000000", "costofGoodsAndServicesSold": "15889000000", "operatingIncome": "4631000000", "sellingGeneralAndAdministrative": "592000000", "researchAndDevelopment": "0", "operatingExpenses": "711000000", "investmentIncomeNet": "None", "netInterestIncome": "None", "interestIncome": "None", "interestExpense": "630000000", "nonInterestIncome": "None", "otherNonOperatingIncome": "112000000", "depreciation": "None", "depreciationAndAmortization": "3863000000", "incomeBeforeTax": "-421000000", "incomeTaxExpense": "324000000", "interestAndDebtExpense": "None", "netIncomeFromContinuingOperations": "-748000000", "comprehensiveIncomeNetOfTax": "None", "ebit": "206000000", "ebitda": "4069000000", "netIncome": "-1311000000"}, {"fiscalDateEnding": "2013-12-31", "reportedCurrency": "USD", "grossProfit": "6558000000", "totalRevenue": "21408000000", "costOfRevenue": "14850000000", "costofGoodsAndServicesSold": "14850000000", "operatingIncome": "5952000000", "sellingGeneralAndAdministrative": "657000000", "researchAndDevelopment": "0", "operatingExpenses": "606000000", "investmentIncomeNet": "None", "netInterestIncome": "None", "interestIncome": "None", "interestExpense": "518000000", "nonInterestIncome": "None", "otherNonOperatingIncome": "83000000", "depreciation": "None", "depreciationAndAmortization": "2797000000", "incomeBeforeTax": "4916000000", "incomeTaxExpense": "1475000000", "interestAndDebtExpense": "None", "netIncomeFromContinuingOperations": "3438000000", "comprehensiveIncomeNetOfTax": "None", "ebit": "5431000000", "ebitda": "8228000000", "netIncome": "2658000000"}, {"fiscalDateEnding": "2012-12-31", "reportedCurrency": "USD", "grossProfit": "6074000000", "totalRevenue": "17935000000", "costOfRevenue": "11861000000", "costofGoodsAndServicesSold": "11861000000", "operatingIncome": "5665000000", "sellingGeneralAndAdministrative": "431000000", "researchAndDevelopment": "0", "operatingExpenses": "409000000", "investmentIncomeNet": "None", "netInterestIncome": "None", "interestIncome": "None", "interestExpense": "186000000", "nonInterestIncome": "None", "otherNonOperatingIncome": "-138000000", "depreciation": "None", "depreciationAndAmortization": "1179000000", "incomeBeforeTax": "5490000000", "incomeTaxExpense": "1510000000", "interestAndDebtExpense": "None", "netIncomeFromContinuingOperations": "3977000000", "comprehensiveIncomeNetOfTax": "None", "ebit": "5673000000", "ebitda": "6852000000", "netIncome": "3041000000"}, {"fiscalDateEnding": "2011-12-31", "reportedCurrency": "USD", "grossProfit": "10238000000", "totalRevenue": "21427000000", "costOfRevenue": "11189000000", "costofGoodsAndServicesSold": "11189000000", "operatingIncome": "9689000000", "sellingGeneralAndAdministrative": "415000000", "researchAndDevelopment": "271000000", "operatingExpenses": "549000000", "investmentIncomeNet": "None", "netInterestIncome": "None", "interestIncome": "None", "interestExpense": "312000000", "nonInterestIncome": "None", "otherNonOperatingIncome": "6000000", "depreciation": "None", "depreciationAndAmortization": "1022000000", "incomeBeforeTax": "8834000000", "incomeTaxExpense": "3087000000", "interestAndDebtExpense": "None", "netIncomeFromContinuingOperations": "5731000000", "comprehensiveIncomeNetOfTax": "None", "ebit": "9130000000", "ebitda": "10152000000", "netIncome": "4560000000"}, {"fiscalDateEnding": "2010-12-31", "reportedCurrency": "USD", "grossProfit": "8825000000", "totalRevenue": "18326000000", "costOfRevenue": "9501000000", "costofGoodsAndServicesSold": "9501000000", "operatingIncome": "8444000000", "sellingGeneralAndAdministrative": "381000000", "researchAndDevelopment": "0", "operatingExpenses": "381000000", "investmentIncomeNet": "None", "netInterestIncome": "None", "interestIncome": "None", "interestExpense": "462000000", "nonInterestIncome": "None", "otherNonOperatingIncome": "-79000000", "depreciation": "None", "depreciationAndAmortization": "1036000000", "incomeBeforeTax": "8527000000", "incomeTaxExpense": "2983000000", "interestAndDebtExpense": "None", "netIncomeFromContinuingOperations": "5529000000", "comprehensiveIncomeNetOfTax": "None", "ebit": "8974000000", "ebitda": "10010000000", "netIncome": "4336000000"}, {"fiscalDateEnding": "2009-12-31", "reportedCurrency": "USD", "grossProfit": "5500000000", "totalRevenue": "13638000000", "costOfRevenue": "8138000000", "costofGoodsAndServicesSold": "8138000000", "operatingIncome": "5179000000", "sellingGeneralAndAdministrative": "321000000", "researchAndDevelopment": "90000000", "operatingExpenses": "321000000", "investmentIncomeNet": "None", "netInterestIncome": "None", "interestIncome": "None", "interestExpense": "586000000", "nonInterestIncome": "None", "otherNonOperatingIncome": "-76000000", "depreciation": "None", "depreciationAndAmortization": "1014000000", "incomeBeforeTax": "5841000000", "incomeTaxExpense": "2307000000", "interestAndDebtExpense": "None", "netIncomeFromContinuingOperations": "3534000000", "comprehensiveIncomeNetOfTax": "None", "ebit": "6402000000", "ebitda": "7416000000", "netIncome": "2749000000"}, {"fiscalDateEnding": "2008-12-31", "reportedCurrency": "USD", "grossProfit": "6023000000", "totalRevenue": "19258000000", "costOfRevenue": "13235000000", "costofGoodsAndServicesSold": "13235000000", "operatingIncome": "5754000000", "sellingGeneralAndAdministrative": "269000000", "researchAndDevelopment": "292000000", "operatingExpenses": "269000000", "investmentIncomeNet": "None", "netInterestIncome": "None", "interestIncome": "None", "interestExpense": "584000000", "nonInterestIncome": "None", "otherNonOperatingIncome": "None", "depreciation": "None", "depreciationAndAmortization": "1782000000", "incomeBeforeTax": "-13294000000", "incomeTaxExpense": "-2844000000", "interestAndDebtExpense": "None", "netIncomeFromContinuingOperations": "None", "comprehensiveIncomeNetOfTax": "None", "ebit": "-12725000000", "ebitda": "-10943000000", "netIncome": "-11067000000"}, {"fiscalDateEnding": "2007-12-31", "reportedCurrency": "USD", "grossProfit": "7145000000", "totalRevenue": "16999000000", "costOfRevenue": "9854000000", "costofGoodsAndServicesSold": "9854000000", "operatingIncome": "6697000000", "sellingGeneralAndAdministrative": "466000000", "researchAndDevelopment": "None", "operatingExpenses": "448000000", "investmentIncomeNet": "None", "netInterestIncome": "None", "interestIncome": "None", "interestExpense": "513000000", "nonInterestIncome": "None", "otherNonOperatingIncome": "None", "depreciation": "None", "depreciationAndAmortization": "1264000000", "incomeBeforeTax": "6133000000", "incomeTaxExpense": "2400000000", "interestAndDebtExpense": "None", "netIncomeFromContinuingOperations": "None", "comprehensiveIncomeNetOfTax": "None", "ebit": "6646000000", "ebitda": "7910000000", "netIncome": "2942000000"}, {"fiscalDateEnding": "2006-12-31", "reportedCurrency": "USD", "grossProfit": "3025817000", "totalRevenue": "5790500000", "costOfRevenue": "2764683000", "costofGoodsAndServicesSold": "2764683000", "operatingIncome": "2868747000", "sellingGeneralAndAdministrative": "25908000", "researchAndDevelopment": "None", "operatingExpenses": "157070000", "investmentIncomeNet": "None", "netInterestIncome": "None", "interestIncome": "None", "interestExpense": "75587000", "nonInterestIncome": "None", "otherNonOperatingIncome": "None", "depreciation": "None", "depreciationAndAmortization": "227571000", "incomeBeforeTax": "2825871000", "incomeTaxExpense": "1201175000", "interestAndDebtExpense": "None", "netIncomeFromContinuingOperations": "None", "comprehensiveIncomeNetOfTax": "None", "ebit": "2901458000", "ebitda": "3129029000", "netIncome": "1456509000"}], "quarterlyReports": [{"fiscalDateEnding": "2025-12-31", "reportedCurrency": "USD", "grossProfit": "1017000000", "totalRevenue": "5633000000", "costOfRevenue": "4616000000", "costofGoodsAndServicesSold": "4616000000", "operatingIncome": "811000000", "sellingGeneralAndAdministrative": "133000000", "researchAndDevelopment": "None", "operatingExpenses": "206000000", "investmentIncomeNet": "None", "netInterestIncome": "-110000000", "interestIncome": "110000000", "interestExpense": "110000000", "nonInterestIncome": "None", "otherNonOperatingIncome": "None", "depreciation": "None", "depreciationAndAmortization": "485000000", "incomeBeforeTax": "766000000", "incomeTaxExpense": "202000000", "interestAndDebtExpense": "None", "netIncomeFromContinuingOperations": "565000000", "comprehensiveIncomeNetOfTax": "None", "ebit": "656000000", "ebitda": "1141000000", "netIncome": "406000000"}, {"fiscalDateEnding": "2025-09-30", "reportedCurrency": "USD", "grossProfit": "2087000000", "totalRevenue": "6972000000", "costOfRevenue": "4885000000", "costofGoodsAndServicesSold": "4885000000", "operatingIncome": "1956000000", "sellingGeneralAndAdministrative": "131000000", "researchAndDevelopment": "None", "operatingExpenses": "131000000", "investmentIncomeNet": "None", "netInterestIncome": "-107000000", "interestIncome": "107000000", "interestExpense": "107000000", "nonInterestIncome": "None", "otherNonOperatingIncome": "None", "depreciation": "None", "depreciationAndAmortization": "625000000", "incomeBeforeTax": "1916000000", "incomeTaxExpense": "669000000", "interestAndDebtExpense": "None", "netIncomeFromContinuingOperations": "1247000000", "comprehensiveIncomeNetOfTax": "None", "ebit": "2023000000", "ebitda": "2648000000", "netIncome": "674000000"}, {"fiscalDateEnding": "2025-06-30", "reportedCurrency": "USD", "grossProfit": "2586000000", "totalRevenue": "7582000000", "costOfRevenue": "4996000000", "costofGoodsAndServicesSold": "4996000000", "operatingIncome": "2432000000", "sellingGeneralAndAdministrative": "127000000", "researchAndDevelopment": "None", "operatingExpenses": "154000000", "investmentIncomeNet": "None", "netInterestIncome": "-82000000", "interestIncome": "82000000", "interestExpense": "82000000", "nonInterestIncome": "None", "otherNonOperatingIncome": "None", "depreciation": "None", "depreciationAndAmortization": "668000000", "incomeBeforeTax": "2397000000", "incomeTaxExpense": "850000000", "interestAndDebtExpense": "None", "netIncomeFromContinuingOperations": "1547000000", "comprehensiveIncomeNetOfTax": "None", "ebit": "2473000000", "ebitda": "3141000000", "netIncome": "772000000"}, {"fiscalDateEnding": "2025-03-31", "reportedCurrency": "USD", "grossProfit": "1255000000", "totalRevenue": "5554000000", "costOfRevenue": "4299000000", "costofGoodsAndServicesSold": "4299000000", "operatingIncome": "1091000000", "sellingGeneralAndAdministrative": "154000000", "researchAndDevelopment": "None", "operatingExpenses": "164000000", "investmentIncomeNet": "None", "netInterestIncome": "-70000000", "interestIncome": "70000000", "interestExpense": "70000000", "nonInterestIncome": "None", "otherNonOperatingIncome": "None", "depreciation": "None", "depreciationAndAmortization": "466000000", "incomeBeforeTax": "1293000000", "incomeTaxExpense": "500000000", "interestAndDebtExpense": "None", "netIncomeFromContinuingOperations": "793000000", "comprehensiveIncomeNetOfTax": "None", "ebit": "1361000000", "ebitda": "1827000000", "netIncome": "346000000"}, {"fiscalDateEnding": "2024-12-31", "reportedCurrency": "USD", "grossProfit": "1498000000", "totalRevenue": "5880000000", "costOfRevenue": "4382000000", "costofGoodsAndServicesSold": "4382000000", "operatingIncome": "1357000000", "sellingGeneralAndAdministrative": "129000000", "researchAndDevelopment": "None", "operatingExpenses": "141000000", "investmentIncomeNet": "None", "netInterestIncome": "-70000000", "interestIncome": "53000000", "interestExpense": "70000000", "nonInterestIncome": "None", "otherNonOperatingIncome": "None", "depreciation": "None", "depreciationAndAmortization": "537000000", "incomeBeforeTax": "1241000000", "incomeTaxExpense": "520000000", "interestAndDebtExpense": "None", "netIncomeFromContinuingOperations": "721000000", "comprehensiveIncomeNetOfTax": "None", "ebit": "1310000000", "ebitda": "1847000000", "netIncome": "274000000"}, {"fiscalDateEnding": "2024-09-30", "reportedCurrency": "USD", "grossProfit": "1984000000", "totalRevenue": "6680000000", "costOfRevenue": "4696000000", "costofGoodsAndServicesSold": "4696000000", "operatingIncome": "1847000000", "sellingGeneralAndAdministrative": "117000000", "researchAndDevelopment": "None", "operatingExpenses": "137000000", "investmentIncomeNet": "None", "netInterestIncome": "-72000000", "interestIncome": "72000000", "interestExpense": "72000000", "nonInterestIncome": "None", "otherNonOperatingIncome": "None", "depreciation": "None", "depreciationAndAmortization": "600000000", "incomeBeforeTax": "1973000000", "incomeTaxExpense": "737000000", "interestAndDebtExpense": "None", "netIncomeFromContinuingOperations": "1236000000", "comprehensiveIncomeNetOfTax": "None", "ebit": "2035000000", "ebitda": "2635000000", "netIncome": "520000000"}, {"fiscalDateEnding": "2024-06-30", "reportedCurrency": "USD", "grossProfit": "1963000000", "totalRevenue": "6370000000", "costOfRevenue": "4407000000", "costofGoodsAndServicesSold": "4407000000", "operatingIncome": "1812000000", "sellingGeneralAndAdministrative": "123000000", "researchAndDevelopment": "None", "operatingExpenses": "151000000", "investmentIncomeNet": "None", "netInterestIncome": "-88000000", "interestIncome": "None", "interestExpense": "88000000", "nonInterestIncome": "None", "otherNonOperatingIncome": "None", "depreciation": "None", "depreciationAndAmortization": "509000000", "incomeBeforeTax": "2034000000", "incomeTaxExpense": "754000000", "interestAndDebtExpense": "None", "netIncomeFromContinuingOperations": "1280000000", "comprehensiveIncomeNetOfTax": "None", "ebit": "2118000000", "ebitda": "2627000000", "netIncome": "610000000"}, {"fiscalDateEnding": "2024-03-31", "reportedCurrency": "USD", "grossProfit": "1743000000", "totalRevenue": "6210000000", "costOfRevenue": "4467000000", "costofGoodsAndServicesSold": "4467000000", "operatingIncome": "1532000000", "sellingGeneralAndAdministrative": "144000000", "researchAndDevelopment": "None", "operatingExpenses": "211000000", "investmentIncomeNet": "None", "netInterestIncome": "-89000000", "interestIncome": "None", "interestExpense": "89000000", "nonInterestIncome": "None", "otherNonOperatingIncome": "None", "depreciation": "None", "depreciationAndAmortization": "595000000", "incomeBeforeTax": "1674000000", "incomeTaxExpense": "512000000", "interestAndDebtExpense": "None", "netIncomeFromContinuingOperations": "1162000000", "comprehensiveIncomeNetOfTax": "None", "ebit": "1763000000", "ebitda": "2358000000", "netIncome": "468000000"}, {"fiscalDateEnding": "2023-12-31", "reportedCurrency": "USD", "grossProfit": "1819000000", "totalRevenue": "5799000000", "costOfRevenue": "3980000000", "costofGoodsAndServicesSold": "3980000000", "operatingIncome": "1619000000", "sellingGeneralAndAdministrative": "120000000", "researchAndDevelopment": "None", "operatingExpenses": "200000000", "investmentIncomeNet": "None", "netInterestIncome": "-97000000", "interestIncome": "None", "interestExpense": "97000000", "nonInterestIncome": "None", "otherNonOperatingIncome": "None", "depreciation": "None", "depreciationAndAmortization": "589000000", "incomeBeforeTax": "1731000000", "incomeTaxExpense": "724000000", "interestAndDebtExpense": "None", "netIncomeFromContinuingOperations": "1007000000", "comprehensiveIncomeNetOfTax": "None", "ebit": "1825000000", "ebitda": "2414000000", "netIncome": "387000000"}, {"fiscalDateEnding": "2023-09-30", "reportedCurrency": "USD", "grossProfit": "1753000000", "totalRevenue": "5868000000", "costOfRevenue": "4115000000", "costofGoodsAndServicesSold": "4115000000", "operatingIncome": "1537000000", "sellingGeneralAndAdministrative": "118000000", "researchAndDevelopment": "None", "operatingExpenses": "216000000", "investmentIncomeNet": "None", "netInterestIncome": "-96000000", "interestIncome": "96000000", "interestExpense": "96000000", "nonInterestIncome": "None", "otherNonOperatingIncome": "None", "depreciation": "None", "depreciationAndAmortization": "533000000", "incomeBeforeTax": "1472000000", "incomeTaxExpense": "508000000", "interestAndDebtExpense": "None", "netIncomeFromContinuingOperations": "964000000", "comprehensiveIncomeNetOfTax": "None", "ebit": "1568000000", "ebitda": "2101000000", "netIncome": "449000000"}, {"fiscalDateEnding": "2023-06-30", "reportedCurrency": "USD", "grossProfit": "1793000000", "totalRevenue": "5932000000", "costOfRevenue": "4139000000", "costofGoodsAndServicesSold": "4139000000", "operatingIncome": "1604000000", "sellingGeneralAndAdministrative": "115000000", "researchAndDevelopment": "None", "operatingExpenses": "189000000", "investmentIncomeNet": "None", "netInterestIncome": "-171000000", "interestIncome": "171000000", "interestExpense": "171000000", "nonInterestIncome": "None", "otherNonOperatingIncome": "31000000", "depreciation": "None", "depreciationAndAmortization": "547000000", "incomeBeforeTax": "1270000000", "incomeTaxExpense": "539000000", "interestAndDebtExpense": "None", "netIncomeFromContinuingOperations": "731000000", "comprehensiveIncomeNetOfTax": "None", "ebit": "1439000000", "ebitda": "1986000000", "netIncome": "338000000"}, {"fiscalDateEnding": "2023-03-31", "reportedCurrency": "USD", "grossProfit": "1515000000", "totalRevenue": "5108000000", "costOfRevenue": "3593000000", "costofGoodsAndServicesSold": "3593000000", "operatingIncome": "1322000000", "sellingGeneralAndAdministrative": "126000000", "researchAndDevelopment": "None", "operatingExpenses": "193000000", "investmentIncomeNet": "None", "netInterestIncome": "-151000000", "interestIncome": "151000000", "interestExpense": "151000000", "nonInterestIncome": "None", "otherNonOperatingIncome": "98000000", "depreciation": "None", "depreciationAndAmortization": "399000000", "incomeBeforeTax": "1548000000", "incomeTaxExpense": "499000000", "interestAndDebtExpense": "None", "netIncomeFromContinuingOperations": "1049000000", "comprehensiveIncomeNetOfTax": "None", "ebit": "1689000000", "ebitda": "2088000000", "netIncome": "658000000"}, {"fiscalDateEnding": "2022-12-31", "reportedCurrency": "USD", "grossProfit": "1388000000", "totalRevenue": "5445000000", "costOfRevenue": "4057000000", "costofGoodsAndServicesSold": "4057000000", "operatingIncome": "1211000000", "sellingGeneralAndAdministrative": "107000000", "researchAndDevelopment": "None", "operatingExpenses": "177000000", "investmentIncomeNet": "None", "netInterestIncome": "-137000000", "interestIncome": "137000000", "interestExpense": "137000000", "nonInterestIncome": "None", "otherNonOperatingIncome": "141000000", "depreciation": "None", "depreciationAndAmortization": "515000000", "incomeBeforeTax": "1534000000", "incomeTaxExpense": "557000000", "interestAndDebtExpense": "None", "netIncomeFromContinuingOperations": "977000000", "comprehensiveIncomeNetOfTax": "None", "ebit": "1673000000", "ebitda": "2188000000", "netIncome": "696000000"}, {"fiscalDateEnding": "2022-09-30", "reportedCurrency": "USD", "grossProfit": "1417000000", "totalRevenue": "5359000000", "costOfRevenue": "3942000000", "costofGoodsAndServicesSold": "3942000000", "operatingIncome": "1313000000", "sellingGeneralAndAdministrative": "98000000", "researchAndDevelopment": "None", "operatingExpenses": "104000000", "investmentIncomeNet": "None", "netInterestIncome": "-140000000", "interestIncome": "140000000", "interestExpense": "140000000", "nonInterestIncome": "None", "otherNonOperatingIncome": "53000000", "depreciation": "None", "depreciationAndAmortization": "508000000", "incomeBeforeTax": "875000000", "incomeTaxExpense": "315000000", "interestAndDebtExpense": "None", "netIncomeFromContinuingOperations": "552000000", "comprehensiveIncomeNetOfTax": "None", "ebit": "1007000000", "ebitda": "1515000000", "netIncome": "399000000"}, {"fiscalDateEnding": "2022-06-30", "reportedCurrency": "USD", "grossProfit": "2606000000", "totalRevenue": "6181000000", "costOfRevenue": "3575000000", "costofGoodsAndServicesSold": "3575000000", "operatingIncome": "2477000000", "sellingGeneralAndAdministrative": "100000000", "researchAndDevelopment": "None", "operatingExpenses": "129000000", "investmentIncomeNet": "None", "netInterestIncome": "-156000000", "interestIncome": "156000000", "interestExpense": "156000000", "nonInterestIncome": "None", "otherNonOperatingIncome": "29000000", "depreciation": "None", "depreciationAndAmortization": "507000000", "incomeBeforeTax": "1609000000", "incomeTaxExpense": "571000000", "interestAndDebtExpense": "None", "netIncomeFromContinuingOperations": "1038000000", "comprehensiveIncomeNetOfTax": "None", "ebit": "1755000000", "ebitda": "2262000000", "netIncome": "836000000"}, {"fiscalDateEnding": "2022-03-31", "reportedCurrency": "USD", "grossProfit": "2743000000", "totalRevenue": "6367000000", "costOfRevenue": "3624000000", "costofGoodsAndServicesSold": "3624000000", "operatingIncome": "2612000000", "sellingGeneralAndAdministrative": "115000000", "researchAndDevelopment": "None", "operatingExpenses": "131000000", "investmentIncomeNet": "None", "netInterestIncome": "-127000000", "interestIncome": "127000000", "interestExpense": "127000000", "nonInterestIncome": "None", "otherNonOperatingIncome": "46000000", "depreciation": "None", "depreciationAndAmortization": "489000000", "incomeBeforeTax": "2728000000", "incomeTaxExpense": "824000000", "interestAndDebtExpense": "None", "netIncomeFromContinuingOperations": "1889000000", "comprehensiveIncomeNetOfTax": "None", "ebit": "2840000000", "ebitda": "3329000000", "netIncome": "1522000000"}, {"fiscalDateEnding": "2021-12-31", "reportedCurrency": "USD", "grossProfit": "2195000000", "totalRevenue": "5934000000", "costOfRevenue": "3739000000", "costofGoodsAndServicesSold": "3739000000", "operatingIncome": "2061000000", "sellingGeneralAndAdministrative": "94000000", "researchAndDevelopment": "None", "operatingExpenses": "134000000", "investmentIncomeNet": "None", "netInterestIncome": "-171000000", "interestIncome": "171000000", "interestExpense": "171000000", "nonInterestIncome": "None", "otherNonOperatingIncome": "-151000000", "depreciation": "None", "depreciationAndAmortization": "568000000", "incomeBeforeTax": "1983000000", "incomeTaxExpense": "625000000", "interestAndDebtExpense": "None", "netIncomeFromContinuingOperations": "1358000000", "comprehensiveIncomeNetOfTax": "None", "ebit": "2144000000", "ebitda": "2712000000", "netIncome": "1105000000"}, {"fiscalDateEnding": "2021-09-30", "reportedCurrency": "USD", "grossProfit": "2622000000", "totalRevenue": "6189000000", "costOfRevenue": "3567000000", "costofGoodsAndServicesSold": "3567000000", "operatingIncome": "2507000000", "sellingGeneralAndAdministrative": "102000000", "researchAndDevelopment": "None", "operatingExpenses": "115000000", "investmentIncomeNet": "None", "netInterestIncome": "-138000000", "interestIncome": "138000000", "interestExpense": "138000000", "nonInterestIncome": "None", "otherNonOperatingIncome": "27000000", "depreciation": "None", "depreciationAndAmortization": "528000000", "incomeBeforeTax": "2351000000", "incomeTaxExpense": "628000000", "interestAndDebtExpense": "None", "netIncomeFromContinuingOperations": "1723000000", "comprehensiveIncomeNetOfTax": "None", "ebit": "2498000000", "ebitda": "3026000000", "netIncome": "1395000000"}, {"fiscalDateEnding": "2021-06-30", "reportedCurrency": "USD", "grossProfit": "2045000000", "totalRevenue": "5587000000", "costOfRevenue": "3542000000", "costofGoodsAndServicesSold": "3542000000", "operatingIncome": "1925000000", "sellingGeneralAndAdministrative": "87000000", "researchAndDevelopment": "None", "operatingExpenses": "120000000", "investmentIncomeNet": "None", "netInterestIncome": "-148000000", "interestIncome": "148000000", "interestExpense": "144000000", "nonInterestIncome": "None", "otherNonOperatingIncome": "15000000", "depreciation": "None", "depreciationAndAmortization": "483000000", "incomeBeforeTax": "1934000000", "incomeTaxExpense": "603000000", "interestAndDebtExpense": "None", "netIncomeFromContinuingOperations": "1331000000", "comprehensiveIncomeNetOfTax": "None", "ebit": "2072000000", "ebitda": "2555000000", "netIncome": "1079000000"}, {"fiscalDateEnding": "2021-03-31", "reportedCurrency": "USD", "grossProfit": "1455000000", "totalRevenue": "4647000000", "costOfRevenue": "3192000000", "costofGoodsAndServicesSold": "3192000000", "operatingIncome": "1350000000", "sellingGeneralAndAdministrative": "100000000", "researchAndDevelopment": "None", "operatingExpenses": "105000000", "investmentIncomeNet": "None", "netInterestIncome": "-145000000", "interestIncome": "145000000", "interestExpense": "141000000", "nonInterestIncome": "None", "otherNonOperatingIncome": "9000000", "depreciation": "None", "depreciationAndAmortization": "419000000", "incomeBeforeTax": "1396000000", "incomeTaxExpense": "443000000", "interestAndDebtExpense": "None", "netIncomeFromContinuingOperations": "953000000", "comprehensiveIncomeNetOfTax": "None", "ebit": "1539000000", "ebitda": "1958000000", "netIncome": "714000000"}, {"fiscalDateEnding": "2020-12-31", "reportedCurrency": "USD", "grossProfit": "1160000000", "totalRevenue": "4225000000", "costOfRevenue": "3065000000", "costofGoodsAndServicesSold": "3065000000", "operatingIncome": "962000000", "sellingGeneralAndAdministrative": "370000000", "researchAndDevelopment": "None", "operatingExpenses": "198000000", "investmentIncomeNet": "None", "netInterestIncome": "-236000000", "interestIncome": "236000000", "interestExpense": "236000000", "nonInterestIncome": "None", "otherNonOperatingIncome": "-4000000", "depreciation": "None", "depreciationAndAmortization": "435000000", "incomeBeforeTax": "1469000000", "incomeTaxExpense": "611000000", "interestAndDebtExpense": "None", "netIncomeFromContinuingOperations": "858000000", "comprehensiveIncomeNetOfTax": "None", "ebit": "1705000000", "ebitda": "2140000000", "netIncome": "708000000"}, {"fiscalDateEnding": "2020-09-30", "reportedCurrency": "USD", "grossProfit": "891000000", "totalRevenue": "3727000000", "costOfRevenue": "2836000000", "costofGoodsAndServicesSold": "2836000000", "operatingIncome": "798000000", "sellingGeneralAndAdministrative": "72000000", "researchAndDevelopment": "None", "operatingExpenses": "93000000", "investmentIncomeNet": "None", "netInterestIncome": "-120000000", "interestIncome": "120000000", "interestExpense": "120000000", "nonInterestIncome": "None", "otherNonOperatingIncome": "-31000000", "depreciation": "None", "depreciationAndAmortization": "394000000", "incomeBeforeTax": "729000000", "incomeTaxExpense": "297000000", "interestAndDebtExpense": "None", "netIncomeFromContinuingOperations": "432000000", "comprehensiveIncomeNetOfTax": "None", "ebit": "843000000", "ebitda": "1237000000", "netIncome": "326000000"}, {"fiscalDateEnding": "2020-06-30", "reportedCurrency": "USD", "grossProfit": "437000000", "totalRevenue": "2883000000", "costOfRevenue": "2446000000", "costofGoodsAndServicesSold": "2446000000", "operatingIncome": "350000000", "sellingGeneralAndAdministrative": "91000000", "researchAndDevelopment": "None", "operatingExpenses": "87000000", "investmentIncomeNet": "None", "netInterestIncome": "-115000000", "interestIncome": "115000000", "interestExpense": "115000000", "nonInterestIncome": "None", "otherNonOperatingIncome": "14000000", "depreciation": "None", "depreciationAndAmortization": "337000000", "incomeBeforeTax": "220000000", "incomeTaxExpense": "96000000", "interestAndDebtExpense": "None", "netIncomeFromContinuingOperations": "124000000", "comprehensiveIncomeNetOfTax": "None", "ebit": "332000000", "ebitda": "669000000", "netIncome": "50000000"}, {"fiscalDateEnding": "2020-03-31", "reportedCurrency": "USD", "grossProfit": "-77000000", "totalRevenue": "3038000000", "costOfRevenue": "3115000000", "costofGoodsAndServicesSold": "3115000000", "operatingIncome": "-213000000", "sellingGeneralAndAdministrative": "110000000", "researchAndDevelopment": "None", "operatingExpenses": "136000000", "investmentIncomeNet": "None", "netInterestIncome": "-127000000", "interestIncome": "127000000", "interestExpense": "120000000", "nonInterestIncome": "None", "otherNonOperatingIncome": "-9000000", "depreciation": "None", "depreciationAndAmortization": "333000000", "incomeBeforeTax": "-609000000", "incomeTaxExpense": "-60000000", "interestAndDebtExpense": "None", "netIncomeFromContinuingOperations": "-549000000", "comprehensiveIncomeNetOfTax": "None", "ebit": "-492000000", "ebitda": "-159000000", "netIncome": "-494000000"}, {"fiscalDateEnding": "2019-12-31", "reportedCurrency": "USD", "grossProfit": "399000000", "totalRevenue": "3816000000", "costOfRevenue": "3417000000", "costofGoodsAndServicesSold": "3417000000", "operatingIncome": "280000000", "sellingGeneralAndAdministrative": "99000000", "researchAndDevelopment": "None", "operatingExpenses": "119000000", "investmentIncomeNet": "None", "netInterestIncome": "-219000000", "interestIncome": "219000000", "interestExpense": "141000000", "nonInterestIncome": "None", "otherNonOperatingIncome": "-185000000", "depreciation": "None", "depreciationAndAmortization": "391000000", "incomeBeforeTax": "371000000", "incomeTaxExpense": "329000000", "interestAndDebtExpense": "None", "netIncomeFromContinuingOperations": "42000000", "comprehensiveIncomeNetOfTax": "None", "ebit": "507000000", "ebitda": "898000000", "netIncome": "8000000"}, {"fiscalDateEnding": "2019-09-30", "reportedCurrency": "USD", "grossProfit": "159000000", "totalRevenue": "3212000000", "costOfRevenue": "3053000000", "costofGoodsAndServicesSold": "3053000000", "operatingIncome": "33000000", "sellingGeneralAndAdministrative": "106000000", "researchAndDevelopment": "None", "operatingExpenses": "126000000", "investmentIncomeNet": "None", "netInterestIncome": "-123000000", "interestIncome": "123000000", "interestExpense": "123000000", "nonInterestIncome": "None", "otherNonOperatingIncome": "17000000", "depreciation": "None", "depreciationAndAmortization": "322000000", "incomeBeforeTax": "-144000000", "incomeTaxExpense": "91000000", "interestAndDebtExpense": "None", "netIncomeFromContinuingOperations": "-235000000", "comprehensiveIncomeNetOfTax": "None", "ebit": "-26000000", "ebitda": "296000000", "netIncome": "-211000000"}, {"fiscalDateEnding": "2019-06-30", "reportedCurrency": "USD", "grossProfit": "277000000", "totalRevenue": "3658000000", "costOfRevenue": "3381000000", "costofGoodsAndServicesSold": "3381000000", "operatingIncome": "157000000", "sellingGeneralAndAdministrative": "97000000", "researchAndDevelopment": "None", "operatingExpenses": "120000000", "investmentIncomeNet": "None", "netInterestIncome": "-132000000", "interestIncome": "278000000", "interestExpense": "132000000", "nonInterestIncome": "None", "otherNonOperatingIncome": "10000000", "depreciation": "None", "depreciationAndAmortization": "352000000", "incomeBeforeTax": "-89000000", "incomeTaxExpense": "-15000000", "interestAndDebtExpense": "None", "netIncomeFromContinuingOperations": "-74000000", "comprehensiveIncomeNetOfTax": "None", "ebit": "38000000", "ebitda": "390000000", "netIncome": "-75000000"}, {"fiscalDateEnding": "2019-03-31", "reportedCurrency": "USD", "grossProfit": "319000000", "totalRevenue": "3670000000", "costOfRevenue": "3351000000", "costofGoodsAndServicesSold": "3351000000", "operatingIncome": "165000000", "sellingGeneralAndAdministrative": "112000000", "researchAndDevelopment": "None", "operatingExpenses": "154000000", "investmentIncomeNet": "None", "netInterestIncome": "-146000000", "interestIncome": "None", "interestExpense": "146000000", "nonInterestIncome": "None", "otherNonOperatingIncome": "5000000", "depreciation": "None", "depreciationAndAmortization": "347000000", "incomeBeforeTax": "180000000", "incomeTaxExpense": "105000000", "interestAndDebtExpense": "None", "netIncomeFromContinuingOperations": "75000000", "comprehensiveIncomeNetOfTax": "None", "ebit": "329000000", "ebitda": "676000000", "netIncome": "27000000"}, {"fiscalDateEnding": "2018-12-31", "reportedCurrency": "USD", "grossProfit": "427000000", "totalRevenue": "3727000000", "costOfRevenue": "3300000000", "costofGoodsAndServicesSold": "3300000000", "operatingIncome": "312000000", "sellingGeneralAndAdministrative": "102000000", "researchAndDevelopment": "0", "operatingExpenses": "115000000", "investmentIncomeNet": "None", "netInterestIncome": "None", "interestIncome": "None", "interestExpense": "509000000", "nonInterestIncome": "None", "otherNonOperatingIncome": "15000000", "depreciation": "None", "depreciationAndAmortization": "403000000", "incomeBeforeTax": "-178000000", "incomeTaxExpense": "-169000000", "interestAndDebtExpense": "None", "netIncomeFromContinuingOperations": "374000000", "comprehensiveIncomeNetOfTax": "None", "ebit": "328000000", "ebitda": "731000000", "netIncome": "137000000"}, {"fiscalDateEnding": "2018-09-30", "reportedCurrency": "USD", "grossProfit": "1482000000", "totalRevenue": "5045000000", "costOfRevenue": "3563000000", "costofGoodsAndServicesSold": "3563000000", "operatingIncome": "1373000000", "sellingGeneralAndAdministrative": "101000000", "researchAndDevelopment": "0", "operatingExpenses": "109000000", "investmentIncomeNet": "None", "netInterestIncome": "None", "interestIncome": "None", "interestExpense": "143000000", "nonInterestIncome": "None", "otherNonOperatingIncome": "18000000", "depreciation": "None", "depreciationAndAmortization": "458000000", "incomeBeforeTax": "1190000000", "incomeTaxExpense": "522000000", "interestAndDebtExpense": "None", "netIncomeFromContinuingOperations": "668000000", "comprehensiveIncomeNetOfTax": "None", "ebit": "1329000000", "ebitda": "1787000000", "netIncome": "556000000"}, {"fiscalDateEnding": "2018-06-30", "reportedCurrency": "USD", "grossProfit": "1825000000", "totalRevenue": "5212000000", "costOfRevenue": "3387000000", "costofGoodsAndServicesSold": "3387000000", "operatingIncome": "1657000000", "sellingGeneralAndAdministrative": "109000000", "researchAndDevelopment": "24000000", "operatingExpenses": "168000000", "investmentIncomeNet": "None", "netInterestIncome": "None", "interestIncome": "None", "interestExpense": "142000000", "nonInterestIncome": "None", "otherNonOperatingIncome": "32000000", "depreciation": "None", "depreciationAndAmortization": "442000000", "incomeBeforeTax": "1554000000", "incomeTaxExpense": "515000000", "interestAndDebtExpense": "None", "netIncomeFromContinuingOperations": "1039000000", "comprehensiveIncomeNetOfTax": "None", "ebit": "1693000000", "ebitda": "2135000000", "netIncome": "870000000"}, {"fiscalDateEnding": "2018-03-31", "reportedCurrency": "USD", "grossProfit": "1701000000", "totalRevenue": "4983000000", "costOfRevenue": "3282000000", "costofGoodsAndServicesSold": "3282000000", "operatingIncome": "1561000000", "sellingGeneralAndAdministrative": "131000000", "researchAndDevelopment": "21000000", "operatingExpenses": "140000000", "investmentIncomeNet": "None", "netInterestIncome": "None", "interestIncome": "None", "interestExpense": "151000000", "nonInterestIncome": "None", "otherNonOperatingIncome": "26000000", "depreciation": "None", "depreciationAndAmortization": "451000000", "incomeBeforeTax": "1334000000", "incomeTaxExpense": "506000000", "interestAndDebtExpense": "None", "netIncomeFromContinuingOperations": "828000000", "comprehensiveIncomeNetOfTax": "None", "ebit": "1487000000", "ebitda": "1938000000", "netIncome": "699000000"}, {"fiscalDateEnding": "2017-12-31", "reportedCurrency": "USD", "grossProfit": "1490000000", "totalRevenue": "4814000000", "costOfRevenue": "3324000000", "costofGoodsAndServicesSold": "3324000000", "operatingIncome": "1207000000", "sellingGeneralAndAdministrative": "118000000", "researchAndDevelopment": "33000000", "operatingExpenses": "283000000", "investmentIncomeNet": "None", "netInterestIncome": "None", "interestIncome": "None", "interestExpense": "164000000", "nonInterestIncome": "None", "otherNonOperatingIncome": "30000000", "depreciation": "None", "depreciationAndAmortization": "457000000", "incomeBeforeTax": "1329000000", "incomeTaxExpense": "136000000", "interestAndDebtExpense": "None", "netIncomeFromContinuingOperations": "1193000000", "comprehensiveIncomeNetOfTax": "None", "ebit": "1489000000", "ebitda": "1946000000", "netIncome": "1024000000"}, {"fiscalDateEnding": "2017-09-30", "reportedCurrency": "USD", "grossProfit": "1147000000", "totalRevenue": "4161000000", "costOfRevenue": "3014000000", "costofGoodsAndServicesSold": "3014000000", "operatingIncome": "971000000", "sellingGeneralAndAdministrative": "106000000", "researchAndDevelopment": "27000000", "operatingExpenses": "176000000", "investmentIncomeNet": "None", "netInterestIncome": "None", "interestIncome": "None", "interestExpense": "163000000", "nonInterestIncome": "None", "otherNonOperatingIncome": "16000000", "depreciation": "None", "depreciationAndAmortization": "418000000", "incomeBeforeTax": "629000000", "incomeTaxExpense": "387000000", "interestAndDebtExpense": "None", "netIncomeFromContinuingOperations": "242000000", "comprehensiveIncomeNetOfTax": "None", "ebit": "789000000", "ebitda": "1207000000", "netIncome": "274000000"}, {"fiscalDateEnding": "2017-06-30", "reportedCurrency": "USD", "grossProfit": "731000000", "totalRevenue": "3676000000", "costOfRevenue": "2945000000", "costofGoodsAndServicesSold": "2945000000", "operatingIncome": "645000000", "sellingGeneralAndAdministrative": "107000000", "researchAndDevelopment": "19000000", "operatingExpenses": "86000000", "investmentIncomeNet": "None", "netInterestIncome": "None", "interestIncome": "None", "interestExpense": "162000000", "nonInterestIncome": "None", "otherNonOperatingIncome": "5000000", "depreciation": "None", "depreciationAndAmortization": "450000000", "incomeBeforeTax": "512000000", "incomeTaxExpense": "186000000", "interestAndDebtExpense": "None", "netIncomeFromContinuingOperations": "326000000", "comprehensiveIncomeNetOfTax": "None", "ebit": "675000000", "ebitda": "1125000000", "netIncome": "259000000"}, {"fiscalDateEnding": "2017-03-31", "reportedCurrency": "USD", "grossProfit": "604000000", "totalRevenue": "3207000000", "costOfRevenue": "2603000000", "costofGoodsAndServicesSold": "2603000000", "operatingIncome": "445000000", "sellingGeneralAndAdministrative": "153000000", "researchAndDevelopment": "15000000", "operatingExpenses": "159000000", "investmentIncomeNet": "None", "netInterestIncome": "None", "interestIncome": "None", "interestExpense": "167000000", "nonInterestIncome": "None", "otherNonOperatingIncome": "29000000", "depreciation": "None", "depreciationAndAmortization": "389000000", "incomeBeforeTax": "438000000", "incomeTaxExpense": "174000000", "interestAndDebtExpense": "None", "netIncomeFromContinuingOperations": "268000000", "comprehensiveIncomeNetOfTax": "None", "ebit": "605000000", "ebitda": "994000000", "netIncome": "193000000"}, {"fiscalDateEnding": "2016-12-31", "reportedCurrency": "USD", "grossProfit": "880000000", "totalRevenue": "4225000000", "costOfRevenue": "3345000000", "costofGoodsAndServicesSold": "3345000000", "operatingIncome": "726000000", "sellingGeneralAndAdministrative": "199000000", "researchAndDevelopment": "64000000", "operatingExpenses": "154000000", "investmentIncomeNet": "None", "netInterestIncome": "None", "interestIncome": "None", "interestExpense": "181000000", "nonInterestIncome": "None", "otherNonOperatingIncome": "-30000000", "depreciation": "None", "depreciationAndAmortization": "593000000", "incomeBeforeTax": "492000000", "incomeTaxExpense": "292000000", "interestAndDebtExpense": "None", "netIncomeFromContinuingOperations": "213000000", "comprehensiveIncomeNetOfTax": "None", "ebit": "673000000", "ebitda": "1266000000", "netIncome": "308000000"}, {"fiscalDateEnding": "2016-09-30", "reportedCurrency": "USD", "grossProfit": "681000000", "totalRevenue": "3865000000", "costOfRevenue": "3184000000", "costofGoodsAndServicesSold": "3184000000", "operatingIncome": "573000000", "sellingGeneralAndAdministrative": "110000000", "researchAndDevelopment": "0", "operatingExpenses": "108000000", "investmentIncomeNet": "None", "netInterestIncome": "None", "interestIncome": "None", "interestExpense": "187000000", "nonInterestIncome": "None", "otherNonOperatingIncome": "6000000", "depreciation": "None", "depreciationAndAmortization": "643000000", "incomeBeforeTax": "177000000", "incomeTaxExpense": "-114000000", "interestAndDebtExpense": "None", "netIncomeFromContinuingOperations": "292000000", "comprehensiveIncomeNetOfTax": "None", "ebit": "364000000", "ebitda": "1007000000", "netIncome": "219000000"}, {"fiscalDateEnding": "2016-06-30", "reportedCurrency": "USD", "grossProfit": "-545000000", "totalRevenue": "3334000000", "costOfRevenue": "3879000000", "costofGoodsAndServicesSold": "3879000000", "operatingIncome": "18000000", "sellingGeneralAndAdministrative": "160000000", "researchAndDevelopment": "0", "operatingExpenses": "186000000", "investmentIncomeNet": "None", "netInterestIncome": "None", "interestIncome": "None", "interestExpense": "196000000", "nonInterestIncome": "None", "otherNonOperatingIncome": "65000000", "depreciation": "None", "depreciationAndAmortization": "652000000", "incomeBeforeTax": "-114000000", "incomeTaxExpense": "116000000", "interestAndDebtExpense": "None", "netIncomeFromContinuingOperations": "-229000000", "comprehensiveIncomeNetOfTax": "None", "ebit": "82000000", "ebitda": "734000000", "netIncome": "-469000000"}, {"fiscalDateEnding": "2016-03-31", "reportedCurrency": "USD", "grossProfit": "-3706000000", "totalRevenue": "3242000000", "costOfRevenue": "6948000000", "costofGoodsAndServicesSold": "6948000000", "operatingIncome": "-3872000000", "sellingGeneralAndAdministrative": "140000000", "researchAndDevelopment": "0", "operatingExpenses": "166000000", "investmentIncomeNet": "None", "netInterestIncome": "None", "interestIncome": "None", "interestExpense": "191000000", "nonInterestIncome": "None", "otherNonOperatingIncome": "45000000", "depreciation": "None", "depreciationAndAmortization": "722000000", "incomeBeforeTax": "-4027000000", "incomeTaxExpense": "77000000", "interestAndDebtExpense": "None", "netIncomeFromContinuingOperations": "-4108000000", "comprehensiveIncomeNetOfTax": "None", "ebit": "-4454000000", "ebitda": "-3732000000", "netIncome": "-4173000000"}, {"fiscalDateEnding": "2015-12-31", "reportedCurrency": "USD", "grossProfit": "-3917000000", "totalRevenue": "3795000000", "costOfRevenue": "7712000000", "costofGoodsAndServicesSold": "7712000000", "operatingIncome": "-4100000000", "sellingGeneralAndAdministrative": "140000000", "researchAndDevelopment": "0", "operatingExpenses": "183000000", "investmentIncomeNet": "None", "netInterestIncome": "None", "interestIncome": "None", "interestExpense": "187000000", "nonInterestIncome": "None", "otherNonOperatingIncome": "92000000", "depreciation": "None", "depreciationAndAmortization": "780000000", "incomeBeforeTax": "-4285000000", "incomeTaxExpense": "-193000000", "interestAndDebtExpense": "None", "netIncomeFromContinuingOperations": "-4092000000", "comprehensiveIncomeNetOfTax": "None", "ebit": "-2671000000", "ebitda": "-1891000000", "netIncome": "-4071000000"}, {"fiscalDateEnding": "2015-09-30", "reportedCurrency": "USD", "grossProfit": "-3752000000", "totalRevenue": "3681000000", "costOfRevenue": "7433000000", "costofGoodsAndServicesSold": "7433000000", "operatingIncome": "-3945000000", "sellingGeneralAndAdministrative": "124000000", "researchAndDevelopment": "0", "operatingExpenses": "193000000", "investmentIncomeNet": "None", "netInterestIncome": "None", "interestIncome": "None", "interestExpense": "163000000", "nonInterestIncome": "None", "otherNonOperatingIncome": "-42000000", "depreciation": "None", "depreciationAndAmortization": "888000000", "incomeBeforeTax": "-4148000000", "incomeTaxExpense": "-360000000", "interestAndDebtExpense": "None", "netIncomeFromContinuingOperations": "-3788000000", "comprehensiveIncomeNetOfTax": "None", "ebit": "-3633000000", "ebitda": "-2745000000", "netIncome": "-3819000000"}, {"fiscalDateEnding": "2015-06-30", "reportedCurrency": "USD", "grossProfit": "-2176000000", "totalRevenue": "4248000000", "costOfRevenue": "6424000000", "costofGoodsAndServicesSold": "6424000000", "operatingIncome": "-2374000000", "sellingGeneralAndAdministrative": "151000000", "researchAndDevelopment": "0", "operatingExpenses": "198000000", "investmentIncomeNet": "None", "netInterestIncome": "None", "interestIncome": "None", "interestExpense": "149000000", "nonInterestIncome": "None", "otherNonOperatingIncome": "-55000000", "depreciation": "None", "depreciationAndAmortization": "890000000", "incomeBeforeTax": "-2486000000", "incomeTaxExpense": "-687000000", "interestAndDebtExpense": "None", "netIncomeFromContinuingOperations": "-1799000000", "comprehensiveIncomeNetOfTax": "None", "ebit": "-2385000000", "ebitda": "-1495000000", "netIncome": "-1841000000"}, {"fiscalDateEnding": "2015-03-31", "reportedCurrency": "USD", "grossProfit": "-2802000000", "totalRevenue": "4153000000", "costOfRevenue": "6955000000", "costofGoodsAndServicesSold": "6955000000", "operatingIncome": "-2963000000", "sellingGeneralAndAdministrative": "154000000", "researchAndDevelopment": "0", "operatingExpenses": "200000000", "investmentIncomeNet": "None", "netInterestIncome": "None", "interestIncome": "None", "interestExpense": "146000000", "nonInterestIncome": "None", "otherNonOperatingIncome": "8000000", "depreciation": "None", "depreciationAndAmortization": "939000000", "incomeBeforeTax": "-3102000000", "incomeTaxExpense": "-695000000", "interestAndDebtExpense": "None", "netIncomeFromContinuingOperations": "-2407000000", "comprehensiveIncomeNetOfTax": "None", "ebit": "-1925000000", "ebitda": "-986000000", "netIncome": "-2464000000"}, {"fiscalDateEnding": "2014-12-31", "reportedCurrency": "USD", "grossProfit": "-2066000000", "totalRevenue": "5235000000", "costOfRevenue": "7301000000", "costofGoodsAndServicesSold": "7301000000", "operatingIncome": "-3299000000", "sellingGeneralAndAdministrative": "135000000", "researchAndDevelopment": "0", "operatingExpenses": "187000000", "investmentIncomeNet": "None", "netInterestIncome": "None", "interestIncome": "None", "interestExpense": "147000000", "nonInterestIncome": "None", "otherNonOperatingIncome": "1000000", "depreciation": "None", "depreciationAndAmortization": "939000000", "incomeBeforeTax": "-3448000000", "incomeTaxExpense": "-710000000", "interestAndDebtExpense": "None", "netIncomeFromContinuingOperations": "-2738000000", "comprehensiveIncomeNetOfTax": "None", "ebit": "-2265000000", "ebitda": "-1326000000", "netIncome": "-2842000000"}, {"fiscalDateEnding": "2014-09-30", "reportedCurrency": "USD", "grossProfit": "1291000000", "totalRevenue": "5696000000", "costOfRevenue": "4405000000", "costofGoodsAndServicesSold": "4405000000", "operatingIncome": "1132000000", "sellingGeneralAndAdministrative": "158000000", "researchAndDevelopment": "0", "operatingExpenses": "205000000", "investmentIncomeNet": "None", "netInterestIncome": "None", "interestIncome": "None", "interestExpense": "158000000", "nonInterestIncome": "None", "otherNonOperatingIncome": "79000000", "depreciation": "None", "depreciationAndAmortization": "945000000", "incomeBeforeTax": "1055000000", "incomeTaxExpense": "349000000", "interestAndDebtExpense": "None", "netIncomeFromContinuingOperations": "706000000", "comprehensiveIncomeNetOfTax": "None", "ebit": "1109000000", "ebitda": "2054000000", "netIncome": "562000000"}, {"fiscalDateEnding": "2014-06-30", "reportedCurrency": "USD", "grossProfit": "1427000000", "totalRevenue": "5522000000", "costOfRevenue": "4095000000", "costofGoodsAndServicesSold": "4095000000", "operatingIncome": "1153000000", "sellingGeneralAndAdministrative": "164000000", "researchAndDevelopment": "0", "operatingExpenses": "274000000", "investmentIncomeNet": "None", "netInterestIncome": "None", "interestIncome": "None", "interestExpense": "164000000", "nonInterestIncome": "None", "otherNonOperatingIncome": "-1000000", "depreciation": "None", "depreciationAndAmortization": "1013000000", "incomeBeforeTax": "986000000", "incomeTaxExpense": "328000000", "interestAndDebtExpense": "None", "netIncomeFromContinuingOperations": "658000000", "comprehensiveIncomeNetOfTax": "None", "ebit": "1150000000", "ebitda": "2163000000", "netIncome": "492000000"}, {"fiscalDateEnding": "2014-03-31", "reportedCurrency": "USD", "grossProfit": "1282000000", "totalRevenue": "4985000000", "costOfRevenue": "3703000000", "costofGoodsAndServicesSold": "3703000000", "operatingIncome": "1111000000", "sellingGeneralAndAdministrative": "135000000", "researchAndDevelopment": "0", "operatingExpenses": "171000000", "investmentIncomeNet": "None", "netInterestIncome": "None", "interestIncome": "None", "interestExpense": "161000000", "nonInterestIncome": "None", "otherNonOperatingIncome": "33000000", "depreciation": "None", "depreciationAndAmortization": "966000000", "incomeBeforeTax": "983000000", "incomeTaxExpense": "357000000", "interestAndDebtExpense": "None", "netIncomeFromContinuingOperations": "626000000", "comprehensiveIncomeNetOfTax": "None", "ebit": "1144000000", "ebitda": "2110000000", "netIncome": "510000000"}, {"fiscalDateEnding": "2013-12-31", "reportedCurrency": "USD", "grossProfit": "1930000000", "totalRevenue": "5885000000", "costOfRevenue": "3955000000", "costofGoodsAndServicesSold": "3955000000", "operatingIncome": "1650000000", "sellingGeneralAndAdministrative": "200000000", "researchAndDevelopment": "0", "operatingExpenses": "280000000", "investmentIncomeNet": "None", "netInterestIncome": "None", "interestIncome": "None", "interestExpense": "167000000", "nonInterestIncome": "None", "otherNonOperatingIncome": "-16000000", "depreciation": "None", "depreciationAndAmortization": "1019000000", "incomeBeforeTax": "1467000000", "incomeTaxExpense": "508000000", "interestAndDebtExpense": "None", "netIncomeFromContinuingOperations": "959000000", "comprehensiveIncomeNetOfTax": "None", "ebit": "1634000000", "ebitda": "2653000000", "netIncome": "707000000"}, {"fiscalDateEnding": "2013-09-30", "reportedCurrency": "USD", "grossProfit": "1914000000", "totalRevenue": "6165000000", "costOfRevenue": "4251000000", "costofGoodsAndServicesSold": "4251000000", "operatingIncome": "1707000000", "sellingGeneralAndAdministrative": "158000000", "researchAndDevelopment": "0", "operatingExpenses": "207000000", "investmentIncomeNet": "None", "netInterestIncome": "None", "interestIncome": "None", "interestExpense": "162000000", "nonInterestIncome": "None", "otherNonOperatingIncome": "2000000", "depreciation": "None", "depreciationAndAmortization": "919000000", "incomeBeforeTax": "1548000000", "incomeTaxExpense": "499000000", "interestAndDebtExpense": "None", "netIncomeFromContinuingOperations": "1049000000", "comprehensiveIncomeNetOfTax": "None", "ebit": "1710000000", "ebitda": "2629000000", "netIncome": "821000000"}, {"fiscalDateEnding": "2013-06-30", "reportedCurrency": "USD", "grossProfit": "905000000", "totalRevenue": "4288000000", "costOfRevenue": "3383000000", "costofGoodsAndServicesSold": "3383000000", "operatingIncome": "639000000", "sellingGeneralAndAdministrative": "186000000", "researchAndDevelopment": "0", "operatingExpenses": "266000000", "investmentIncomeNet": "None", "netInterestIncome": "None", "interestIncome": "None", "interestExpense": "132000000", "nonInterestIncome": "None", "otherNonOperatingIncome": "143000000", "depreciation": "None", "depreciationAndAmortization": "530000000", "incomeBeforeTax": "648000000", "incomeTaxExpense": "40000000", "interestAndDebtExpense": "None", "netIncomeFromContinuingOperations": "608000000", "comprehensiveIncomeNetOfTax": "None", "ebit": "780000000", "ebitda": "1310000000", "netIncome": "482000000"}, {"fiscalDateEnding": "2013-03-31", "reportedCurrency": "USD", "grossProfit": "1535000000", "totalRevenue": "4583000000", "costOfRevenue": "3048000000", "costofGoodsAndServicesSold": "3048000000", "operatingIncome": "1355000000", "sellingGeneralAndAdministrative": "113000000", "researchAndDevelopment": "214000000", "operatingExpenses": "180000000", "investmentIncomeNet": "None", "netInterestIncome": "None", "interestIncome": "None", "interestExpense": "57000000", "nonInterestIncome": "None", "otherNonOperatingIncome": "-46000000", "depreciation": "None", "depreciationAndAmortization": "329000000", "incomeBeforeTax": "1250000000", "incomeTaxExpense": "428000000", "interestAndDebtExpense": "None", "netIncomeFromContinuingOperations": "822000000", "comprehensiveIncomeNetOfTax": "None", "ebit": "1307000000", "ebitda": "1636000000", "netIncome": "648000000"}, {"fiscalDateEnding": "2012-12-31", "reportedCurrency": "USD", "grossProfit": "1450000000", "totalRevenue": "4513000000", "costOfRevenue": "3063000000", "costofGoodsAndServicesSold": "3063000000", "operatingIncome": "1358000000", "sellingGeneralAndAdministrative": "120000000", "researchAndDevelopment": "214000000", "operatingExpenses": "151000000", "investmentIncomeNet": "None", "netInterestIncome": "None", "interestIncome": "None", "interestExpense": "38000000", "nonInterestIncome": "None", "otherNonOperatingIncome": "7000000", "depreciation": "None", "depreciationAndAmortization": "323000000", "incomeBeforeTax": "1324000000", "incomeTaxExpense": "382000000", "interestAndDebtExpense": "None", "netIncomeFromContinuingOperations": "942000000", "comprehensiveIncomeNetOfTax": "None", "ebit": "1303000000", "ebitda": "1626000000", "netIncome": "743000000"}, {"fiscalDateEnding": "2012-09-30", "reportedCurrency": "USD", "grossProfit": "1825000000", "totalRevenue": "4417000000", "costOfRevenue": "2592000000", "costofGoodsAndServicesSold": "2592000000", "operatingIncome": "1411000000", "sellingGeneralAndAdministrative": "110000000", "researchAndDevelopment": "79000000", "operatingExpenses": "414000000", "investmentIncomeNet": "None", "netInterestIncome": "None", "interestIncome": "None", "interestExpense": "42000000", "nonInterestIncome": "None", "otherNonOperatingIncome": "-14000000", "depreciation": "None", "depreciationAndAmortization": "298000000", "incomeBeforeTax": "1354000000", "incomeTaxExpense": "215000000", "interestAndDebtExpense": "None", "netIncomeFromContinuingOperations": "1139000000", "comprehensiveIncomeNetOfTax": "None", "ebit": "1396000000", "ebitda": "1694000000", "netIncome": "824000000"}, {"fiscalDateEnding": "2012-06-30", "reportedCurrency": "USD", "grossProfit": "1562000000", "totalRevenue": "4475000000", "costOfRevenue": "2913000000", "costofGoodsAndServicesSold": "2913000000", "operatingIncome": "1311000000", "sellingGeneralAndAdministrative": "97000000", "researchAndDevelopment": "73000000", "operatingExpenses": "170000000", "investmentIncomeNet": "None", "netInterestIncome": "None", "interestIncome": "None", "interestExpense": "43000000", "nonInterestIncome": "None", "otherNonOperatingIncome": "48000000", "depreciation": "None", "depreciationAndAmortization": "291000000", "incomeBeforeTax": "1319000000", "incomeTaxExpense": "422000000", "interestAndDebtExpense": "None", "netIncomeFromContinuingOperations": "897000000", "comprehensiveIncomeNetOfTax": "None", "ebit": "1362000000", "ebitda": "1653000000", "netIncome": "710000000"}, {"fiscalDateEnding": "2012-03-31", "reportedCurrency": "USD", "grossProfit": "1910000000", "totalRevenue": "4605000000", "costOfRevenue": "2695000000", "costofGoodsAndServicesSold": "2695000000", "operatingIncome": "1734000000", "sellingGeneralAndAdministrative": "104000000", "researchAndDevelopment": "62000000", "operatingExpenses": "166000000", "investmentIncomeNet": "None", "netInterestIncome": "None", "interestIncome": "None", "interestExpense": "63000000", "nonInterestIncome": "None", "otherNonOperatingIncome": "-179000000", "depreciation": "None", "depreciationAndAmortization": "267000000", "incomeBeforeTax": "1490000000", "incomeTaxExpense": "491000000", "interestAndDebtExpense": "None", "netIncomeFromContinuingOperations": "999000000", "comprehensiveIncomeNetOfTax": "None", "ebit": "1553000000", "ebitda": "1820000000", "netIncome": "764000000"}, {"fiscalDateEnding": "2011-12-31", "reportedCurrency": "USD", "grossProfit": "1502000000", "totalRevenue": "4162000000", "costOfRevenue": "2660000000", "costofGoodsAndServicesSold": "2660000000", "operatingIncome": "1297000000", "sellingGeneralAndAdministrative": "92000000", "researchAndDevelopment": "77000000", "operatingExpenses": "169000000", "investmentIncomeNet": "None", "netInterestIncome": "None", "interestIncome": "None", "interestExpense": "62000000", "nonInterestIncome": "None", "otherNonOperatingIncome": "20000000", "depreciation": "None", "depreciationAndAmortization": "266000000", "incomeBeforeTax": "1253000000", "incomeTaxExpense": "389000000", "interestAndDebtExpense": "None", "netIncomeFromContinuingOperations": "864000000", "comprehensiveIncomeNetOfTax": "None", "ebit": "1315000000", "ebitda": "1581000000", "netIncome": "640000000"}, {"fiscalDateEnding": "2011-09-30", "reportedCurrency": "USD", "grossProfit": "2368000000", "totalRevenue": "5195000000", "costOfRevenue": "2827000000", "costofGoodsAndServicesSold": "2827000000", "operatingIncome": "2150000000", "sellingGeneralAndAdministrative": "102000000", "researchAndDevelopment": "78000000", "operatingExpenses": "180000000", "investmentIncomeNet": "None", "netInterestIncome": "None", "interestIncome": "None", "interestExpense": "78000000", "nonInterestIncome": "None", "otherNonOperatingIncome": "30000000", "depreciation": "None", "depreciationAndAmortization": "257000000", "incomeBeforeTax": "2100000000", "incomeTaxExpense": "808000000", "interestAndDebtExpense": "None", "netIncomeFromContinuingOperations": "1292000000", "comprehensiveIncomeNetOfTax": "None", "ebit": "2178000000", "ebitda": "2435000000", "netIncome": "1053000000"}, {"fiscalDateEnding": "2011-06-30", "reportedCurrency": "USD", "grossProfit": "2990000000", "totalRevenue": "5814000000", "costOfRevenue": "2824000000", "costofGoodsAndServicesSold": "2824000000", "operatingIncome": "2757000000", "sellingGeneralAndAdministrative": "107000000", "researchAndDevelopment": "66000000", "operatingExpenses": "173000000", "investmentIncomeNet": "None", "netInterestIncome": "None", "interestIncome": "None", "interestExpense": "74000000", "nonInterestIncome": "None", "otherNonOperatingIncome": "-51000000", "depreciation": "None", "depreciationAndAmortization": "267000000", "incomeBeforeTax": "2624000000", "incomeTaxExpense": "906000000", "interestAndDebtExpense": "None", "netIncomeFromContinuingOperations": "1718000000", "comprehensiveIncomeNetOfTax": "None", "ebit": "2817000000", "ebitda": "3084000000", "netIncome": "1368000000"}, {"fiscalDateEnding": "2011-03-31", "reportedCurrency": "USD", "grossProfit": "3050000000", "totalRevenue": "5709000000", "costOfRevenue": "2659000000", "costofGoodsAndServicesSold": "2659000000", "operatingIncome": "2936000000", "sellingGeneralAndAdministrative": "114000000", "researchAndDevelopment": "0", "operatingExpenses": "114000000", "investmentIncomeNet": "None", "netInterestIncome": "None", "interestIncome": "None", "interestExpense": "98000000", "nonInterestIncome": "None", "otherNonOperatingIncome": "7000000", "depreciation": "None", "depreciationAndAmortization": "232000000", "incomeBeforeTax": "2841000000", "incomeTaxExpense": "984000000", "interestAndDebtExpense": "None", "netIncomeFromContinuingOperations": "1857000000", "comprehensiveIncomeNetOfTax": "None", "ebit": "2939000000", "ebitda": "3171000000", "netIncome": "1499000000"}, {"fiscalDateEnding": "2010-12-31", "reportedCurrency": "USD", "grossProfit": "3201000000", "totalRevenue": "5603000000", "costOfRevenue": "2402000000", "costofGoodsAndServicesSold": "2402000000", "operatingIncome": "3097000000", "sellingGeneralAndAdministrative": "104000000", "researchAndDevelopment": "35000000", "operatingExpenses": "104000000", "investmentIncomeNet": "None", "netInterestIncome": "None", "interestIncome": "None", "interestExpense": "92000000", "nonInterestIncome": "None", "otherNonOperatingIncome": "-14000000", "depreciation": "None", "depreciationAndAmortization": "340000000", "incomeBeforeTax": "2986000000", "incomeTaxExpense": "1027000000", "interestAndDebtExpense": "None", "netIncomeFromContinuingOperations": "1959000000", "comprehensiveIncomeNetOfTax": "None", "ebit": "3078000000", "ebitda": "3418000000", "netIncome": "1549000000"}, {"fiscalDateEnding": "2010-09-30", "reportedCurrency": "USD", "grossProfit": "2580000000", "totalRevenue": "5152000000", "costOfRevenue": "2572000000", "costofGoodsAndServicesSold": "2572000000", "operatingIncome": "2499000000", "sellingGeneralAndAdministrative": "81000000", "researchAndDevelopment": "35000000", "operatingExpenses": "81000000", "investmentIncomeNet": "None", "netInterestIncome": "None", "interestIncome": "None", "interestExpense": "103000000", "nonInterestIncome": "None", "otherNonOperatingIncome": "-18000000", "depreciation": "None", "depreciationAndAmortization": "268000000", "incomeBeforeTax": "2377000000", "incomeTaxExpense": "845000000", "interestAndDebtExpense": "None", "netIncomeFromContinuingOperations": "1532000000", "comprehensiveIncomeNetOfTax": "None", "ebit": "2518000000", "ebitda": "2786000000", "netIncome": "1178000000"}, {"fiscalDateEnding": "2010-06-30", "reportedCurrency": "USD", "grossProfit": "1525000000", "totalRevenue": "3864000000", "costOfRevenue": "2339000000", "costofGoodsAndServicesSold": "2339000000", "operatingIncome": "1424000000", "sellingGeneralAndAdministrative": "101000000", "researchAndDevelopment": "0", "operatingExpenses": "101000000", "investmentIncomeNet": "None", "netInterestIncome": "None", "interestIncome": "None", "interestExpense": "122000000", "nonInterestIncome": "None", "otherNonOperatingIncome": "-37000000", "depreciation": "None", "depreciationAndAmortization": "249000000", "incomeBeforeTax": "1261000000", "incomeTaxExpense": "433000000", "interestAndDebtExpense": "None", "netIncomeFromContinuingOperations": "828000000", "comprehensiveIncomeNetOfTax": "None", "ebit": "1383000000", "ebitda": "1632000000", "netIncome": "664000000"}, {"fiscalDateEnding": "2010-03-31", "reportedCurrency": "USD", "grossProfit": "2143000000", "totalRevenue": "4363000000", "costOfRevenue": "2220000000", "costofGoodsAndServicesSold": "2220000000", "operatingIncome": "2048000000", "sellingGeneralAndAdministrative": "95000000", "researchAndDevelopment": "0", "operatingExpenses": "95000000", "investmentIncomeNet": "None", "netInterestIncome": "None", "interestIncome": "None", "interestExpense": "145000000", "nonInterestIncome": "None", "otherNonOperatingIncome": "-10000000", "depreciation": "None", "depreciationAndAmortization": "271000000", "incomeBeforeTax": "1888000000", "incomeTaxExpense": "678000000", "interestAndDebtExpense": "None", "netIncomeFromContinuingOperations": "1210000000", "comprehensiveIncomeNetOfTax": "None", "ebit": "2033000000", "ebitda": "2304000000", "netIncome": "945000000"}, {"fiscalDateEnding": "2009-12-31", "reportedCurrency": "USD", "grossProfit": "2479000000", "totalRevenue": "4610000000", "costOfRevenue": "2131000000", "costofGoodsAndServicesSold": "2131000000", "operatingIncome": "2239000000", "sellingGeneralAndAdministrative": "96000000", "researchAndDevelopment": "0", "operatingExpenses": "186000000", "investmentIncomeNet": "None", "netInterestIncome": "None", "interestIncome": "None", "interestExpense": "135000000", "nonInterestIncome": "None", "otherNonOperatingIncome": "None", "depreciation": "None", "depreciationAndAmortization": "344000000", "incomeBeforeTax": "2058000000", "incomeTaxExpense": "750000000", "interestAndDebtExpense": "None", "netIncomeFromContinuingOperations": "0", "comprehensiveIncomeNetOfTax": "None", "ebit": "2193000000", "ebitda": "2537000000", "netIncome": "1019000000"}, {"fiscalDateEnding": "2009-09-30", "reportedCurrency": "USD", "grossProfit": "2158000000", "totalRevenue": "4144000000", "costOfRevenue": "1986000000", "costofGoodsAndServicesSold": "1986000000", "operatingIncome": "2084000000", "sellingGeneralAndAdministrative": "74000000", "researchAndDevelopment": "0", "operatingExpenses": "74000000", "investmentIncomeNet": "None", "netInterestIncome": "None", "interestIncome": "None", "interestExpense": "162000000", "nonInterestIncome": "None", "otherNonOperatingIncome": "-35000000", "depreciation": "None", "depreciationAndAmortization": "269000000", "incomeBeforeTax": "1884000000", "incomeTaxExpense": "684000000", "interestAndDebtExpense": "None", "netIncomeFromContinuingOperations": "1200000000", "comprehensiveIncomeNetOfTax": "None", "ebit": "2084000000", "ebitda": "2353000000", "netIncome": "979000000"}, {"fiscalDateEnding": "2009-06-30", "reportedCurrency": "USD", "grossProfit": "1595000000", "totalRevenue": "3684000000", "costOfRevenue": "2089000000", "costofGoodsAndServicesSold": "2089000000", "operatingIncome": "1508000000", "sellingGeneralAndAdministrative": "89000000", "researchAndDevelopment": "0", "operatingExpenses": "89000000", "investmentIncomeNet": "None", "netInterestIncome": "None", "interestIncome": "None", "interestExpense": "158000000", "nonInterestIncome": "None", "otherNonOperatingIncome": "None", "depreciation": "None", "depreciationAndAmortization": "259000000", "incomeBeforeTax": "1347000000", "incomeTaxExpense": "542000000", "interestAndDebtExpense": "None", "netIncomeFromContinuingOperations": "0", "comprehensiveIncomeNetOfTax": "None", "ebit": "1505000000", "ebitda": "1764000000", "netIncome": "812000000"}, {"fiscalDateEnding": "2009-03-31", "reportedCurrency": "USD", "grossProfit": "759000000", "totalRevenue": "2602000000", "costOfRevenue": "1843000000", "costofGoodsAndServicesSold": "1843000000", "operatingIncome": "672000000", "sellingGeneralAndAdministrative": "62000000", "researchAndDevelopment": "0", "operatingExpenses": "62000000", "investmentIncomeNet": "None", "netInterestIncome": "None", "interestIncome": "None", "interestExpense": "131000000", "nonInterestIncome": "None", "otherNonOperatingIncome": "None", "depreciation": "None", "depreciationAndAmortization": "265000000", "incomeBeforeTax": "527000000", "incomeTaxExpense": "331000000", "interestAndDebtExpense": "None", "netIncomeFromContinuingOperations": "0", "comprehensiveIncomeNetOfTax": "None", "ebit": "655000000", "ebitda": "920000000", "netIncome": "103000000"}, {"fiscalDateEnding": "2008-12-31", "reportedCurrency": "USD", "grossProfit": "-2597000000", "totalRevenue": "2067000000", "costOfRevenue": "4664000000", "costofGoodsAndServicesSold": "4664000000", "operatingIncome": "-18292000000", "sellingGeneralAndAdministrative": "31000000", "researchAndDevelopment": "83000000", "operatingExpenses": "-1264000000", "investmentIncomeNet": "None", "netInterestIncome": "None", "interestIncome": "None", "interestExpense": "584000000", "nonInterestIncome": "None", "otherNonOperatingIncome": "None", "depreciation": "None", "depreciationAndAmortization": "577000000", "incomeBeforeTax": "-18451000000", "incomeTaxExpense": "-4471000000", "interestAndDebtExpense": "None", "netIncomeFromContinuingOperations": "0", "comprehensiveIncomeNetOfTax": "None", "ebit": "-18313000000", "ebitda": "-17736000000", "netIncome": "-13850000000"}, {"fiscalDateEnding": "2008-09-30", "reportedCurrency": "USD", "grossProfit": "1742000000", "totalRevenue": "4616000000", "costOfRevenue": "2874000000", "costofGoodsAndServicesSold": "2874000000", "operatingIncome": "1133000000", "sellingGeneralAndAdministrative": "90000000", "researchAndDevelopment": "77000000", "operatingExpenses": "609000000", "investmentIncomeNet": "None", "netInterestIncome": "None", "interestIncome": "None", "interestExpense": "139000000", "nonInterestIncome": "None", "otherNonOperatingIncome": "None", "depreciation": "None", "depreciationAndAmortization": "442000000", "incomeBeforeTax": "980000000", "incomeTaxExpense": "240000000", "interestAndDebtExpense": "None", "netIncomeFromContinuingOperations": "0", "comprehensiveIncomeNetOfTax": "None", "ebit": "1133000000", "ebitda": "1575000000", "netIncome": "587000000"}, {"fiscalDateEnding": "2008-06-30", "reportedCurrency": "USD", "grossProfit": "2259000000", "totalRevenue": "5441000000", "costOfRevenue": "3182000000", "costofGoodsAndServicesSold": "3182000000", "operatingIncome": "2053000000", "sellingGeneralAndAdministrative": "126000000", "researchAndDevelopment": "80000000", "operatingExpenses": "206000000", "investmentIncomeNet": "None", "netInterestIncome": "None", "interestIncome": "None", "interestExpense": "140000000", "nonInterestIncome": "None", "otherNonOperatingIncome": "None", "depreciation": "None", "depreciationAndAmortization": "462000000", "incomeBeforeTax": "1942000000", "incomeTaxExpense": "658000000", "interestAndDebtExpense": "None", "netIncomeFromContinuingOperations": "0", "comprehensiveIncomeNetOfTax": "None", "ebit": "2031000000", "ebitda": "2493000000", "netIncome": "1010000000"}, {"fiscalDateEnding": "2008-03-31", "reportedCurrency": "USD", "grossProfit": "2532000000", "totalRevenue": "5672000000", "costOfRevenue": "3140000000", "costofGoodsAndServicesSold": "3140000000", "operatingIncome": "2396000000", "sellingGeneralAndAdministrative": "136000000", "researchAndDevelopment": "0", "operatingExpenses": "130000000", "investmentIncomeNet": "None", "netInterestIncome": "None", "interestIncome": "None", "interestExpense": "165000000", "nonInterestIncome": "None", "otherNonOperatingIncome": "None", "depreciation": "None", "depreciationAndAmortization": "418000000", "incomeBeforeTax": "2234000000", "incomeTaxExpense": "729000000", "interestAndDebtExpense": "None", "netIncomeFromContinuingOperations": "0", "comprehensiveIncomeNetOfTax": "None", "ebit": "2440000000", "ebitda": "2858000000", "netIncome": "1186000000"}, {"fiscalDateEnding": "2007-12-31", "reportedCurrency": "USD", "grossProfit": "458000000", "totalRevenue": "4184000000", "costOfRevenue": "3726000000", "costofGoodsAndServicesSold": "3726000000", "operatingIncome": "1152000000", "sellingGeneralAndAdministrative": "152000000", "researchAndDevelopment": "6500000", "operatingExpenses": "-696000000", "investmentIncomeNet": "None", "netInterestIncome": "None", "interestIncome": "None", "interestExpense": "513000000", "nonInterestIncome": "None", "otherNonOperatingIncome": "None", "depreciation": "None", "depreciationAndAmortization": "400000000", "incomeBeforeTax": "1075000000", "incomeTaxExpense": "525000000", "interestAndDebtExpense": "None", "netIncomeFromContinuingOperations": "0", "comprehensiveIncomeNetOfTax": "None", "ebit": "1154000000", "ebitda": "1554000000", "netIncome": "478000000"}, {"fiscalDateEnding": "2007-09-30", "reportedCurrency": "USD", "grossProfit": "2364000000", "totalRevenue": "5066000000", "costOfRevenue": "2702000000", "costofGoodsAndServicesSold": "2702000000", "operatingIncome": "1877000000", "sellingGeneralAndAdministrative": "131000000", "researchAndDevelopment": "0", "operatingExpenses": "451000000", "investmentIncomeNet": "None", "netInterestIncome": "None", "interestIncome": "None", "interestExpense": "155000000", "nonInterestIncome": "None", "otherNonOperatingIncome": "None", "depreciation": "None", "depreciationAndAmortization": "369000000", "incomeBeforeTax": "1786000000", "incomeTaxExpense": "653000000", "interestAndDebtExpense": "None", "netIncomeFromContinuingOperations": "0", "comprehensiveIncomeNetOfTax": "None", "ebit": "1913000000", "ebitda": "2282000000", "netIncome": "838000000"}, {"fiscalDateEnding": "2007-06-30", "reportedCurrency": "USD", "grossProfit": "2538000000", "totalRevenue": "5807000000", "costOfRevenue": "3269000000", "costofGoodsAndServicesSold": "3269000000", "operatingIncome": "2399000000", "sellingGeneralAndAdministrative": "139000000", "researchAndDevelopment": "0", "operatingExpenses": "92000000", "investmentIncomeNet": "None", "netInterestIncome": "None", "interestIncome": "None", "interestExpense": "182000000", "nonInterestIncome": "None", "otherNonOperatingIncome": "None", "depreciation": "None", "depreciationAndAmortization": "378700000", "incomeBeforeTax": "2258000000", "incomeTaxExpense": "777000000", "interestAndDebtExpense": "None", "netIncomeFromContinuingOperations": "0", "comprehensiveIncomeNetOfTax": "None", "ebit": "2446300000", "ebitda": "2825000000", "netIncome": "1168000000"}, {"fiscalDateEnding": "2007-03-31", "reportedCurrency": "USD", "grossProfit": "1350800000", "totalRevenue": "2302900000", "costOfRevenue": "952100000", "costofGoodsAndServicesSold": "952100000", "operatingIncome": "1179100000", "sellingGeneralAndAdministrative": "25908000", "researchAndDevelopment": "6500000", "operatingExpenses": "83900000", "investmentIncomeNet": "None", "netInterestIncome": "None", "interestIncome": "None", "interestExpense": "51900000", "nonInterestIncome": "None", "otherNonOperatingIncome": "None", "depreciation": "None", "depreciationAndAmortization": "116300000", "incomeBeforeTax": "1067500000", "incomeTaxExpense": "460200000", "interestAndDebtExpense": "None", "netIncomeFromContinuingOperations": "0", "comprehensiveIncomeNetOfTax": "None", "ebit": "1259700000", "ebitda": "1376000000", "netIncome": "492900000"}, {"fiscalDateEnding": "2006-12-31", "reportedCurrency": "USD", "grossProfit": "988617000", "totalRevenue": "1642127000", "costOfRevenue": "653510000", "costofGoodsAndServicesSold": "653510000", "operatingIncome": "862236000", "sellingGeneralAndAdministrative": "25908000", "researchAndDevelopment": "0", "operatingExpenses": "126458000", "investmentIncomeNet": "None", "netInterestIncome": "None", "interestIncome": "None", "interestExpense": "52086000", "nonInterestIncome": "None", "otherNonOperatingIncome": "None", "depreciation": "None", "depreciationAndAmortization": "85107000", "incomeBeforeTax": "859760000", "incomeTaxExpense": "365365000", "interestAndDebtExpense": "None", "netIncomeFromContinuingOperations": "0", "comprehensiveIncomeNetOfTax": "None", "ebit": "850639000", "ebitda": "935746000", "netIncome": "441567000"}, {"fiscalDateEnding": "2006-09-30", "reportedCurrency": "USD", "grossProfit": "841323000", "totalRevenue": "1636049000", "costOfRevenue": "794726000", "costofGoodsAndServicesSold": "794726000", "operatingIncome": "735434000", "sellingGeneralAndAdministrative": "45062000", "researchAndDevelopment": "0", "operatingExpenses": "76003000", "investmentIncomeNet": "None", "netInterestIncome": "None", "interestIncome": "None", "interestExpense": "18556000", "nonInterestIncome": "None", "otherNonOperatingIncome": "None", "depreciation": "None", "depreciationAndAmortization": "60827000", "incomeBeforeTax": "715830000", "incomeTaxExpense": "303844000", "interestAndDebtExpense": "None", "netIncomeFromContinuingOperations": "0", "comprehensiveIncomeNetOfTax": "None", "ebit": "764173000", "ebitda": "825000000", "netIncome": "365787000"}, {"fiscalDateEnding": "2006-06-30", "reportedCurrency": "USD", "grossProfit": "817817000", "totalRevenue": "1426202000", "costOfRevenue": "608385000", "costofGoodsAndServicesSold": "608385000", "operatingIncome": "739327000", "sellingGeneralAndAdministrative": "35135000", "researchAndDevelopment": "0", "operatingExpenses": "78223000", "investmentIncomeNet": "None", "netInterestIncome": "None", "interestIncome": "None", "interestExpense": "21024000", "nonInterestIncome": "None", "otherNonOperatingIncome": "None", "depreciation": "None", "depreciationAndAmortization": "43355000", "incomeBeforeTax": "734658000", "incomeTaxExpense": "310244000", "interestAndDebtExpense": "None", "netIncomeFromContinuingOperations": "0", "comprehensiveIncomeNetOfTax": "None", "ebit": "739345000", "ebitda": "782700000", "netIncome": "382380000"}, {"fiscalDateEnding": "2006-03-31", "reportedCurrency": "USD", "grossProfit": "605631000", "totalRevenue": "1086122000", "costOfRevenue": "480491000", "costofGoodsAndServicesSold": "480491000", "operatingIncome": "531750000", "sellingGeneralAndAdministrative": "30631000", "researchAndDevelopment": "0", "operatingExpenses": "73881000", "investmentIncomeNet": "None", "netInterestIncome": "None", "interestIncome": "None", "interestExpense": "22671000", "nonInterestIncome": "None", "otherNonOperatingIncome": "None", "depreciation": "None", "depreciationAndAmortization": "43250000", "incomeBeforeTax": "515623000", "incomeTaxExpense": "221722000", "interestAndDebtExpense": "None", "netIncomeFromContinuingOperations": "0", "comprehensiveIncomeNetOfTax": "None", "ebit": "528765000", "ebitda": "572015000", "netIncome": "266775000"}, {"fiscalDateEnding": "2005-12-31", "reportedCurrency": "USD", "grossProfit": "1033399000", "totalRevenue": "1489874000", "costOfRevenue": "456475000", "costofGoodsAndServicesSold": "456475000", "operatingIncome": "929693000", "sellingGeneralAndAdministrative": "19431000", "researchAndDevelopment": "0", "operatingExpenses": "103706000", "investmentIncomeNet": "None", "netInterestIncome": "None", "interestIncome": "None", "interestExpense": "115641000", "nonInterestIncome": "None", "otherNonOperatingIncome": "None", "depreciation": "None", "depreciationAndAmortization": "80398000", "incomeBeforeTax": "907721000", "incomeTaxExpense": "375644000", "interestAndDebtExpense": "None", "netIncomeFromContinuingOperations": "0", "comprehensiveIncomeNetOfTax": "None", "ebit": "929693000", "ebitda": "1010091000", "netIncome": "478305000"}]}