{"symbol": "CE", "annualReports": [{"fiscalDateEnding": "2024-12-31", "reportedCurrency": "USD", "grossProfit": "2356000000", "totalRevenue": "10280000000", "costOfRevenue": "7924000000", "costofGoodsAndServicesSold": "7924000000", "operatingIncome": "-697000000", "sellingGeneralAndAdministrative": "1030000000", "researchAndDevelopment": "130000000", "operatingExpenses": "3053000000", "investmentIncomeNet": "None", "netInterestIncome": "-643000000", "interestIncome": "33000000", "interestExpense": "676000000", "nonInterestIncome": "None", "otherNonOperatingIncome": "None", "depreciation": "None", "depreciationAndAmortization": "823000000", "incomeBeforeTax": "-996000000", "incomeTaxExpense": "510000000", "interestAndDebtExpense": "None", "netIncomeFromContinuingOperations": "-1506000000", "comprehensiveIncomeNetOfTax": "None", "ebit": "-320000000", "ebitda": "503000000", "netIncome": "-1522000000"}, {"fiscalDateEnding": "2023-12-31", "reportedCurrency": "USD", "grossProfit": "2603000000", "totalRevenue": "10940000000", "costOfRevenue": "8337000000", "costofGoodsAndServicesSold": "8337000000", "operatingIncome": "1687000000", "sellingGeneralAndAdministrative": "1074000000", "researchAndDevelopment": "146000000", "operatingExpenses": "916000000", "investmentIncomeNet": "None", "netInterestIncome": "-657000000", "interestIncome": "60000000", "interestExpense": "720000000", "nonInterestIncome": "None", "otherNonOperatingIncome": "None", "depreciation": "None", "depreciationAndAmortization": "711000000", "incomeBeforeTax": "1183000000", "incomeTaxExpense": "-790000000", "interestAndDebtExpense": "None", "netIncomeFromContinuingOperations": "2036000000", "comprehensiveIncomeNetOfTax": "None", "ebit": "1903000000", "ebitda": "2614000000", "netIncome": "1960000000"}, {"fiscalDateEnding": "2022-12-31", "reportedCurrency": "USD", "grossProfit": "2380000000", "totalRevenue": "9673000000", "costOfRevenue": "7293000000", "costofGoodsAndServicesSold": "7293000000", "operatingIncome": "1378000000", "sellingGeneralAndAdministrative": "824000000", "researchAndDevelopment": "112000000", "operatingExpenses": "1002000000", "investmentIncomeNet": "None", "netInterestIncome": "-336000000", "interestIncome": "69000000", "interestExpense": "405000000", "nonInterestIncome": "None", "otherNonOperatingIncome": "431000000", "depreciation": "None", "depreciationAndAmortization": "478000000", "incomeBeforeTax": "1421000000", "incomeTaxExpense": "-489000000", "interestAndDebtExpense": "None", "netIncomeFromContinuingOperations": "1910000000", "comprehensiveIncomeNetOfTax": "None", "ebit": "1826000000", "ebitda": "2304000000", "netIncome": "1894000000"}, {"fiscalDateEnding": "2021-12-31", "reportedCurrency": "USD", "grossProfit": "2682000000", "totalRevenue": "8537000000", "costOfRevenue": "5855000000", "costofGoodsAndServicesSold": "5855000000", "operatingIncome": "1946000000", "sellingGeneralAndAdministrative": "633000000", "researchAndDevelopment": "86000000", "operatingExpenses": "736000000", "investmentIncomeNet": "None", "netInterestIncome": "-92000000", "interestIncome": "201000000", "interestExpense": "100000000", "nonInterestIncome": "None", "otherNonOperatingIncome": "287000000", "depreciation": "None", "depreciationAndAmortization": "378000000", "incomeBeforeTax": "2248000000", "incomeTaxExpense": "330000000", "interestAndDebtExpense": "None", "netIncomeFromContinuingOperations": "1918000000", "comprehensiveIncomeNetOfTax": "None", "ebit": "2339000000", "ebitda": "2717000000", "netIncome": "1890000000"}, {"fiscalDateEnding": "2020-12-31", "reportedCurrency": "USD", "grossProfit": "1293000000", "totalRevenue": "5655000000", "costOfRevenue": "4362000000", "costofGoodsAndServicesSold": "4362000000", "operatingIncome": "664000000", "sellingGeneralAndAdministrative": "482000000", "researchAndDevelopment": "74000000", "operatingExpenses": "629000000", "investmentIncomeNet": "None", "netInterestIncome": "-103000000", "interestIncome": "157000000", "interestExpense": "109000000", "nonInterestIncome": "None", "otherNonOperatingIncome": "1679000000", "depreciation": "None", "depreciationAndAmortization": "356000000", "incomeBeforeTax": "2251000000", "incomeTaxExpense": "247000000", "interestAndDebtExpense": "None", "netIncomeFromContinuingOperations": "2004000000", "comprehensiveIncomeNetOfTax": "None", "ebit": "2360000000", "ebitda": "2716000000", "netIncome": "1985000000"}, {"fiscalDateEnding": "2019-12-31", "reportedCurrency": "USD", "grossProfit": "1606000000", "totalRevenue": "6297000000", "costOfRevenue": "4691000000", "costofGoodsAndServicesSold": "4691000000", "operatingIncome": "834000000", "sellingGeneralAndAdministrative": "483000000", "researchAndDevelopment": "67000000", "operatingExpenses": "772000000", "investmentIncomeNet": "None", "netInterestIncome": "-113000000", "interestIncome": "6000000", "interestExpense": "119000000", "nonInterestIncome": "None", "otherNonOperatingIncome": "289000000", "depreciation": "None", "depreciationAndAmortization": "356000000", "incomeBeforeTax": "988000000", "incomeTaxExpense": "124000000", "interestAndDebtExpense": "None", "netIncomeFromContinuingOperations": "864000000", "comprehensiveIncomeNetOfTax": "None", "ebit": "1103000000", "ebitda": "1459000000", "netIncome": "852000000"}, {"fiscalDateEnding": "2018-12-31", "reportedCurrency": "USD", "grossProfit": "1972000000", "totalRevenue": "7155000000", "costOfRevenue": "5183000000", "costofGoodsAndServicesSold": "5183000000", "operatingIncome": "1334000000", "sellingGeneralAndAdministrative": "546000000", "researchAndDevelopment": "72000000", "operatingExpenses": "642000000", "investmentIncomeNet": "None", "netInterestIncome": "-120000000", "interestIncome": "6000000", "interestExpense": "125000000", "nonInterestIncome": "None", "otherNonOperatingIncome": "363000000", "depreciation": "None", "depreciationAndAmortization": "343000000", "incomeBeforeTax": "1510000000", "incomeTaxExpense": "292000000", "interestAndDebtExpense": "None", "netIncomeFromContinuingOperations": "1218000000", "comprehensiveIncomeNetOfTax": "None", "ebit": "1636000000", "ebitda": "1979000000", "netIncome": "1207000000"}, {"fiscalDateEnding": "2017-12-31", "reportedCurrency": "USD", "grossProfit": "1515000000", "totalRevenue": "6140000000", "costOfRevenue": "4625000000", "costofGoodsAndServicesSold": "4625000000", "operatingIncome": "901000000", "sellingGeneralAndAdministrative": "456000000", "researchAndDevelopment": "72000000", "operatingExpenses": "548000000", "investmentIncomeNet": "None", "netInterestIncome": "-120000000", "interestIncome": "2000000", "interestExpense": "122000000", "nonInterestIncome": "None", "otherNonOperatingIncome": "296000000", "depreciation": "None", "depreciationAndAmortization": "305000000", "incomeBeforeTax": "1075000000", "incomeTaxExpense": "213000000", "interestAndDebtExpense": "None", "netIncomeFromContinuingOperations": "862000000", "comprehensiveIncomeNetOfTax": "None", "ebit": "1197000000", "ebitda": "1502000000", "netIncome": "843000000"}, {"fiscalDateEnding": "2016-12-31", "reportedCurrency": "USD", "grossProfit": "1405000000", "totalRevenue": "5389000000", "costOfRevenue": "3984000000", "costofGoodsAndServicesSold": "3984000000", "operatingIncome": "893000000", "sellingGeneralAndAdministrative": "416000000", "researchAndDevelopment": "78000000", "operatingExpenses": "503000000", "investmentIncomeNet": "None", "netInterestIncome": "-124000000", "interestIncome": "2000000", "interestExpense": "126000000", "nonInterestIncome": "None", "otherNonOperatingIncome": "257000000", "depreciation": "None", "depreciationAndAmortization": "290000000", "incomeBeforeTax": "1030000000", "incomeTaxExpense": "122000000", "interestAndDebtExpense": "None", "netIncomeFromContinuingOperations": "908000000", "comprehensiveIncomeNetOfTax": "None", "ebit": "1156000000", "ebitda": "1446000000", "netIncome": "900000000"}, {"fiscalDateEnding": "2015-12-31", "reportedCurrency": "USD", "grossProfit": "1318000000", "totalRevenue": "5674000000", "costOfRevenue": "4356000000", "costofGoodsAndServicesSold": "4356000000", "operatingIncome": "326000000", "sellingGeneralAndAdministrative": "506000000", "researchAndDevelopment": "119000000", "operatingExpenses": "636000000", "investmentIncomeNet": "None", "netInterestIncome": "None", "interestIncome": "216000000", "interestExpense": "119000000", "nonInterestIncome": "None", "otherNonOperatingIncome": "281000000", "depreciation": "None", "depreciationAndAmortization": "363000000", "incomeBeforeTax": "488000000", "incomeTaxExpense": "201000000", "interestAndDebtExpense": "None", "netIncomeFromContinuingOperations": "287000000", "comprehensiveIncomeNetOfTax": "None", "ebit": "607000000", "ebitda": "970000000", "netIncome": "304000000"}, {"fiscalDateEnding": "2014-12-31", "reportedCurrency": "USD", "grossProfit": "1616000000", "totalRevenue": "6802000000", "costOfRevenue": "5186000000", "costofGoodsAndServicesSold": "5186000000", "operatingIncome": "758000000", "sellingGeneralAndAdministrative": "758000000", "researchAndDevelopment": "86000000", "operatingExpenses": "864000000", "investmentIncomeNet": "None", "netInterestIncome": "None", "interestIncome": "None", "interestExpense": "169000000", "nonInterestIncome": "None", "otherNonOperatingIncome": "330000000", "depreciation": "None", "depreciationAndAmortization": "20000000", "incomeBeforeTax": "941000000", "incomeTaxExpense": "314000000", "interestAndDebtExpense": "None", "netIncomeFromContinuingOperations": "627000000", "comprehensiveIncomeNetOfTax": "None", "ebit": "1039000000", "ebitda": "1059000000", "netIncome": "624000000"}, {"fiscalDateEnding": "2013-12-31", "reportedCurrency": "USD", "grossProfit": "1365000000", "totalRevenue": "6510000000", "costOfRevenue": "5145000000", "costofGoodsAndServicesSold": "5145000000", "operatingIncome": "1508000000", "sellingGeneralAndAdministrative": "311000000", "researchAndDevelopment": "85000000", "operatingExpenses": "428000000", "investmentIncomeNet": "None", "netInterestIncome": "None", "interestIncome": "None", "interestExpense": "172000000", "nonInterestIncome": "None", "otherNonOperatingIncome": "273000000", "depreciation": "None", "depreciationAndAmortization": "32000000", "incomeBeforeTax": "1609000000", "incomeTaxExpense": "508000000", "interestAndDebtExpense": "None", "netIncomeFromContinuingOperations": "1101000000", "comprehensiveIncomeNetOfTax": "None", "ebit": "1224000000", "ebitda": "1256000000", "netIncome": "1101000000"}, {"fiscalDateEnding": "2012-12-31", "reportedCurrency": "USD", "grossProfit": "1192000000", "totalRevenue": "6418000000", "costOfRevenue": "5226000000", "costofGoodsAndServicesSold": "5226000000", "operatingIncome": "511000000", "sellingGeneralAndAdministrative": "507000000", "researchAndDevelopment": "102000000", "operatingExpenses": "660000000", "investmentIncomeNet": "None", "netInterestIncome": "None", "interestIncome": "None", "interestExpense": "168000000", "nonInterestIncome": "None", "otherNonOperatingIncome": "331000000", "depreciation": "None", "depreciationAndAmortization": "51000000", "incomeBeforeTax": "657000000", "incomeTaxExpense": "48000000", "interestAndDebtExpense": "None", "netIncomeFromContinuingOperations": "609000000", "comprehensiveIncomeNetOfTax": "None", "ebit": "775000000", "ebitda": "826000000", "netIncome": "605000000"}, {"fiscalDateEnding": "2011-12-31", "reportedCurrency": "USD", "grossProfit": "1434000000", "totalRevenue": "6763000000", "costOfRevenue": "5329000000", "costofGoodsAndServicesSold": "5329000000", "operatingIncome": "690000000", "sellingGeneralAndAdministrative": "536000000", "researchAndDevelopment": "96000000", "operatingExpenses": "742000000", "investmentIncomeNet": "None", "netInterestIncome": "None", "interestIncome": "None", "interestExpense": "221000000", "nonInterestIncome": "None", "otherNonOperatingIncome": "286000000", "depreciation": "None", "depreciationAndAmortization": "62000000", "incomeBeforeTax": "755000000", "incomeTaxExpense": "149000000", "interestAndDebtExpense": "None", "netIncomeFromContinuingOperations": "606000000", "comprehensiveIncomeNetOfTax": "None", "ebit": "887000000", "ebitda": "949000000", "netIncome": "607000000"}, {"fiscalDateEnding": "2010-12-31", "reportedCurrency": "USD", "grossProfit": "1180000000", "totalRevenue": "5918000000", "costOfRevenue": "4738000000", "costofGoodsAndServicesSold": "4738000000", "operatingIncome": "501000000", "sellingGeneralAndAdministrative": "505000000", "researchAndDevelopment": "70000000", "operatingExpenses": "679000000", "investmentIncomeNet": "None", "netInterestIncome": "None", "interestIncome": "None", "interestExpense": "204000000", "nonInterestIncome": "None", "otherNonOperatingIncome": "255000000", "depreciation": "None", "depreciationAndAmortization": "61000000", "incomeBeforeTax": "536000000", "incomeTaxExpense": "112000000", "interestAndDebtExpense": "None", "netIncomeFromContinuingOperations": "426000000", "comprehensiveIncomeNetOfTax": "None", "ebit": "676000000", "ebitda": "737000000", "netIncome": "375000000"}, {"fiscalDateEnding": "2009-12-31", "reportedCurrency": "USD", "grossProfit": "1003000000", "totalRevenue": "5082000000", "costOfRevenue": "4079000000", "costofGoodsAndServicesSold": "4079000000", "operatingIncome": "290000000", "sellingGeneralAndAdministrative": "469000000", "researchAndDevelopment": "75000000", "operatingExpenses": "621000000", "investmentIncomeNet": "None", "netInterestIncome": "None", "interestIncome": "None", "interestExpense": "207000000", "nonInterestIncome": "None", "otherNonOperatingIncome": "158000000", "depreciation": "None", "depreciationAndAmortization": "77000000", "incomeBeforeTax": "241000000", "incomeTaxExpense": "-243000000", "interestAndDebtExpense": "None", "netIncomeFromContinuingOperations": "484000000", "comprehensiveIncomeNetOfTax": "None", "ebit": "438000000", "ebitda": "515000000", "netIncome": "488000000"}, {"fiscalDateEnding": "2008-12-31", "reportedCurrency": "USD", "grossProfit": "1256000000", "totalRevenue": "6823000000", "costOfRevenue": "5567000000", "costofGoodsAndServicesSold": "5567000000", "operatingIncome": "440000000", "sellingGeneralAndAdministrative": "540000000", "researchAndDevelopment": "80000000", "operatingExpenses": "816000000", "investmentIncomeNet": "None", "netInterestIncome": "None", "interestIncome": "None", "interestExpense": "261000000", "nonInterestIncome": "None", "otherNonOperatingIncome": "None", "depreciation": "None", "depreciationAndAmortization": "360000000", "incomeBeforeTax": "434000000", "incomeTaxExpense": "63000000", "interestAndDebtExpense": "None", "netIncomeFromContinuingOperations": "None", "comprehensiveIncomeNetOfTax": "None", "ebit": "672000000", "ebitda": "1032000000", "netIncome": "282000000"}, {"fiscalDateEnding": "2007-12-31", "reportedCurrency": "USD", "grossProfit": "1445000000", "totalRevenue": "6444000000", "costOfRevenue": "4999000000", "costofGoodsAndServicesSold": "4999000000", "operatingIncome": "748000000", "sellingGeneralAndAdministrative": "516000000", "researchAndDevelopment": "73000000", "operatingExpenses": "692000000", "investmentIncomeNet": "None", "netInterestIncome": "None", "interestIncome": "None", "interestExpense": "262000000", "nonInterestIncome": "None", "otherNonOperatingIncome": "None", "depreciation": "None", "depreciationAndAmortization": "311000000", "incomeBeforeTax": "447000000", "incomeTaxExpense": "110000000", "interestAndDebtExpense": "None", "netIncomeFromContinuingOperations": "None", "comprehensiveIncomeNetOfTax": "None", "ebit": "753000000", "ebitda": "1064000000", "netIncome": "426000000"}, {"fiscalDateEnding": "2006-12-31", "reportedCurrency": "USD", "grossProfit": "1442000000", "totalRevenue": "6656000000", "costOfRevenue": "5214000000", "costofGoodsAndServicesSold": "5214000000", "operatingIncome": "747000000", "sellingGeneralAndAdministrative": "538000000", "researchAndDevelopment": "70000000", "operatingExpenses": "680000000", "investmentIncomeNet": "None", "netInterestIncome": "None", "interestIncome": "None", "interestExpense": "294000000", "nonInterestIncome": "None", "otherNonOperatingIncome": "None", "depreciation": "None", "depreciationAndAmortization": "296000000", "incomeBeforeTax": "664000000", "incomeTaxExpense": "253000000", "interestAndDebtExpense": "None", "netIncomeFromContinuingOperations": "None", "comprehensiveIncomeNetOfTax": "None", "ebit": "620000000", "ebitda": "916000000", "netIncome": "406000000"}, {"fiscalDateEnding": "2005-12-31", "reportedCurrency": "USD", "grossProfit": "1297000000", "totalRevenue": "6070000000", "costOfRevenue": "4773000000", "costofGoodsAndServicesSold": "4773000000", "operatingIncome": "561000000", "sellingGeneralAndAdministrative": "562000000", "researchAndDevelopment": "91000000", "operatingExpenses": "629000000", "investmentIncomeNet": "None", "netInterestIncome": "None", "interestIncome": "None", "interestExpense": "0", "nonInterestIncome": "None", "otherNonOperatingIncome": "None", "depreciation": "None", "depreciationAndAmortization": "327000000", "incomeBeforeTax": "362000000", "incomeTaxExpense": "57000000", "interestAndDebtExpense": "None", "netIncomeFromContinuingOperations": "None", "comprehensiveIncomeNetOfTax": "None", "ebit": "486000000", "ebitda": "813000000", "netIncome": "277000000"}], "quarterlyReports": [{"fiscalDateEnding": "2025-09-30", "reportedCurrency": "USD", "grossProfit": "521000000", "totalRevenue": "2419000000", "costOfRevenue": "1898000000", "costofGoodsAndServicesSold": "1898000000", "operatingIncome": "-1275000000", "sellingGeneralAndAdministrative": "231000000", "researchAndDevelopment": "31000000", "operatingExpenses": "1796000000", "investmentIncomeNet": "None", "netInterestIncome": "-170000000", "interestIncome": "7000000", "interestExpense": "177000000", "nonInterestIncome": "None", "otherNonOperatingIncome": "None", "depreciation": "None", "depreciationAndAmortization": "201000000", "incomeBeforeTax": "-1360000000", "incomeTaxExpense": "-7000000", "interestAndDebtExpense": "None", "netIncomeFromContinuingOperations": "-1353000000", "comprehensiveIncomeNetOfTax": "None", "ebit": "-1183000000", "ebitda": "-982000000", "netIncome": "-1357000000"}, {"fiscalDateEnding": "2025-06-30", "reportedCurrency": "USD", "grossProfit": "535000000", "totalRevenue": "2532000000", "costOfRevenue": "1997000000", "costofGoodsAndServicesSold": "1997000000", "operatingIncome": "233000000", "sellingGeneralAndAdministrative": "213000000", "researchAndDevelopment": "31000000", "operatingExpenses": "302000000", "investmentIncomeNet": "None", "netInterestIncome": "-170000000", "interestIncome": "7000000", "interestExpense": "177000000", "nonInterestIncome": "None", "otherNonOperatingIncome": "None", "depreciation": "None", "depreciationAndAmortization": "193000000", "incomeBeforeTax": "135000000", "incomeTaxExpense": "-77000000", "interestAndDebtExpense": "None", "netIncomeFromContinuingOperations": "212000000", "comprehensiveIncomeNetOfTax": "None", "ebit": "312000000", "ebitda": "505000000", "netIncome": "199000000"}, {"fiscalDateEnding": "2025-03-31", "reportedCurrency": "USD", "grossProfit": "476000000", "totalRevenue": "2389000000", "costOfRevenue": "1913000000", "costofGoodsAndServicesSold": "1913000000", "operatingIncome": "168000000", "sellingGeneralAndAdministrative": "230000000", "researchAndDevelopment": "31000000", "operatingExpenses": "308000000", "investmentIncomeNet": "None", "netInterestIncome": "-198000000", "interestIncome": "4000000", "interestExpense": "201000000", "nonInterestIncome": "None", "otherNonOperatingIncome": "None", "depreciation": "None", "depreciationAndAmortization": "191000000", "incomeBeforeTax": "-3000000", "incomeTaxExpense": "9000000", "interestAndDebtExpense": "None", "netIncomeFromContinuingOperations": "-12000000", "comprehensiveIncomeNetOfTax": "None", "ebit": "167000000", "ebitda": "358000000", "netIncome": "-21000000"}, {"fiscalDateEnding": "2024-12-31", "reportedCurrency": "USD", "grossProfit": "539000000", "totalRevenue": "2370000000", "costOfRevenue": "1831000000", "costofGoodsAndServicesSold": "1831000000", "operatingIncome": "-1405000000", "sellingGeneralAndAdministrative": "501000000", "researchAndDevelopment": "31000000", "operatingExpenses": "1944000000", "investmentIncomeNet": "None", "netInterestIncome": "-159000000", "interestIncome": "5000000", "interestExpense": "164000000", "nonInterestIncome": "None", "otherNonOperatingIncome": "None", "depreciation": "None", "depreciationAndAmortization": "189000000", "incomeBeforeTax": "-1519000000", "incomeTaxExpense": "387000000", "interestAndDebtExpense": "None", "netIncomeFromContinuingOperations": "-1906000000", "comprehensiveIncomeNetOfTax": "None", "ebit": "-1355000000", "ebitda": "-1166000000", "netIncome": "-1914000000"}, {"fiscalDateEnding": "2024-09-30", "reportedCurrency": "USD", "grossProfit": "622000000", "totalRevenue": "2648000000", "costOfRevenue": "2026000000", "costofGoodsAndServicesSold": "2026000000", "operatingIncome": "248000000", "sellingGeneralAndAdministrative": "248000000", "researchAndDevelopment": "32000000", "operatingExpenses": "374000000", "investmentIncomeNet": "None", "netInterestIncome": "-164000000", "interestIncome": "5000000", "interestExpense": "169000000", "nonInterestIncome": "None", "otherNonOperatingIncome": "None", "depreciation": "None", "depreciationAndAmortization": "209000000", "incomeBeforeTax": "183000000", "incomeTaxExpense": "61000000", "interestAndDebtExpense": "None", "netIncomeFromContinuingOperations": "122000000", "comprehensiveIncomeNetOfTax": "None", "ebit": "352000000", "ebitda": "561000000", "netIncome": "116000000"}, {"fiscalDateEnding": "2024-06-30", "reportedCurrency": "USD", "grossProfit": "641000000", "totalRevenue": "2651000000", "costOfRevenue": "2010000000", "costofGoodsAndServicesSold": "2010000000", "operatingIncome": "250000000", "sellingGeneralAndAdministrative": "253000000", "researchAndDevelopment": "33000000", "operatingExpenses": "391000000", "investmentIncomeNet": "None", "netInterestIncome": "-164000000", "interestIncome": "10000000", "interestExpense": "174000000", "nonInterestIncome": "None", "otherNonOperatingIncome": "None", "depreciation": "None", "depreciationAndAmortization": "198000000", "incomeBeforeTax": "183000000", "incomeTaxExpense": "29000000", "interestAndDebtExpense": "None", "netIncomeFromContinuingOperations": "154000000", "comprehensiveIncomeNetOfTax": "None", "ebit": "357000000", "ebitda": "555000000", "netIncome": "155000000"}, {"fiscalDateEnding": "2024-03-31", "reportedCurrency": "USD", "grossProfit": "554000000", "totalRevenue": "2611000000", "costOfRevenue": "2057000000", "costofGoodsAndServicesSold": "2057000000", "operatingIncome": "210000000", "sellingGeneralAndAdministrative": "265000000", "researchAndDevelopment": "34000000", "operatingExpenses": "344000000", "investmentIncomeNet": "None", "netInterestIncome": "-156000000", "interestIncome": "13000000", "interestExpense": "169000000", "nonInterestIncome": "None", "otherNonOperatingIncome": "None", "depreciation": "None", "depreciationAndAmortization": "227000000", "incomeBeforeTax": "157000000", "incomeTaxExpense": "33000000", "interestAndDebtExpense": "None", "netIncomeFromContinuingOperations": "124000000", "comprehensiveIncomeNetOfTax": "None", "ebit": "326000000", "ebitda": "553000000", "netIncome": "121000000"}, {"fiscalDateEnding": "2023-12-31", "reportedCurrency": "USD", "grossProfit": "613000000", "totalRevenue": "2569000000", "costOfRevenue": "1956000000", "costofGoodsAndServicesSold": "1956000000", "operatingIncome": "259000000", "sellingGeneralAndAdministrative": "270000000", "researchAndDevelopment": "32000000", "operatingExpenses": "354000000", "investmentIncomeNet": "None", "netInterestIncome": "-166000000", "interestIncome": "12000000", "interestExpense": "178000000", "nonInterestIncome": "None", "otherNonOperatingIncome": "None", "depreciation": "None", "depreciationAndAmortization": "174000000", "incomeBeforeTax": "132000000", "incomeTaxExpense": "-575000000", "interestAndDebtExpense": "None", "netIncomeFromContinuingOperations": "707000000", "comprehensiveIncomeNetOfTax": "None", "ebit": "309000000", "ebitda": "483000000", "netIncome": "698000000"}, {"fiscalDateEnding": "2023-09-30", "reportedCurrency": "USD", "grossProfit": "673000000", "totalRevenue": "2723000000", "costOfRevenue": "2050000000", "costofGoodsAndServicesSold": "2050000000", "operatingIncome": "842000000", "sellingGeneralAndAdministrative": "244000000", "researchAndDevelopment": "32000000", "operatingExpenses": "-169000000", "investmentIncomeNet": "None", "netInterestIncome": "-173000000", "interestIncome": "12000000", "interestExpense": "183000000", "nonInterestIncome": "None", "otherNonOperatingIncome": "None", "depreciation": "None", "depreciationAndAmortization": "185000000", "incomeBeforeTax": "714000000", "incomeTaxExpense": "-236000000", "interestAndDebtExpense": "None", "netIncomeFromContinuingOperations": "950000000", "comprehensiveIncomeNetOfTax": "None", "ebit": "892000000", "ebitda": "1077000000", "netIncome": "951000000"}, {"fiscalDateEnding": "2023-06-30", "reportedCurrency": "USD", "grossProfit": "686000000", "totalRevenue": "2795000000", "costOfRevenue": "2109000000", "costofGoodsAndServicesSold": "2109000000", "operatingIncome": "335000000", "sellingGeneralAndAdministrative": "276000000", "researchAndDevelopment": "40000000", "operatingExpenses": "351000000", "investmentIncomeNet": "None", "netInterestIncome": "-175000000", "interestIncome": "7000000", "interestExpense": "182000000", "nonInterestIncome": "None", "otherNonOperatingIncome": "65000000", "depreciation": "None", "depreciationAndAmortization": "181000000", "incomeBeforeTax": "216000000", "incomeTaxExpense": "-4000000", "interestAndDebtExpense": "None", "netIncomeFromContinuingOperations": "220000000", "comprehensiveIncomeNetOfTax": "None", "ebit": "398000000", "ebitda": "579000000", "netIncome": "220000000"}, {"fiscalDateEnding": "2023-03-31", "reportedCurrency": "USD", "grossProfit": "631000000", "totalRevenue": "2853000000", "costOfRevenue": "2222000000", "costofGoodsAndServicesSold": "2222000000", "operatingIncome": "251000000", "sellingGeneralAndAdministrative": "285000000", "researchAndDevelopment": "42000000", "operatingExpenses": "380000000", "investmentIncomeNet": "None", "netInterestIncome": "-174000000", "interestIncome": "125000000", "interestExpense": "182000000", "nonInterestIncome": "None", "otherNonOperatingIncome": "51000000", "depreciation": "None", "depreciationAndAmortization": "178000000", "incomeBeforeTax": "121000000", "incomeTaxExpense": "25000000", "interestAndDebtExpense": "None", "netIncomeFromContinuingOperations": "96000000", "comprehensiveIncomeNetOfTax": "None", "ebit": "303000000", "ebitda": "481000000", "netIncome": "91000000"}, {"fiscalDateEnding": "2022-12-31", "reportedCurrency": "USD", "grossProfit": "384000000", "totalRevenue": "2348000000", "costOfRevenue": "1964000000", "costofGoodsAndServicesSold": "1964000000", "operatingIncome": "56000000", "sellingGeneralAndAdministrative": "269000000", "researchAndDevelopment": "37000000", "operatingExpenses": "328000000", "investmentIncomeNet": "None", "netInterestIncome": "-135000000", "interestIncome": "33000000", "interestExpense": "168000000", "nonInterestIncome": "None", "otherNonOperatingIncome": "99000000", "depreciation": "None", "depreciationAndAmortization": "160000000", "incomeBeforeTax": "-70000000", "incomeTaxExpense": "-840000000", "interestAndDebtExpense": "None", "netIncomeFromContinuingOperations": "770000000", "comprehensiveIncomeNetOfTax": "None", "ebit": "98000000", "ebitda": "258000000", "netIncome": "767000000"}, {"fiscalDateEnding": "2022-09-30", "reportedCurrency": "USD", "grossProfit": "546000000", "totalRevenue": "2301000000", "costOfRevenue": "1755000000", "costofGoodsAndServicesSold": "1755000000", "operatingIncome": "308000000", "sellingGeneralAndAdministrative": "184000000", "researchAndDevelopment": "25000000", "operatingExpenses": "238000000", "investmentIncomeNet": "None", "netInterestIncome": "-120000000", "interestIncome": "34000000", "interestExpense": "154000000", "nonInterestIncome": "None", "otherNonOperatingIncome": "142000000", "depreciation": "None", "depreciationAndAmortization": "105000000", "incomeBeforeTax": "321000000", "incomeTaxExpense": "127000000", "interestAndDebtExpense": "None", "netIncomeFromContinuingOperations": "194000000", "comprehensiveIncomeNetOfTax": "None", "ebit": "475000000", "ebitda": "580000000", "netIncome": "191000000"}, {"fiscalDateEnding": "2022-06-30", "reportedCurrency": "USD", "grossProfit": "705000000", "totalRevenue": "2486000000", "costOfRevenue": "1781000000", "costofGoodsAndServicesSold": "1781000000", "operatingIncome": "483000000", "sellingGeneralAndAdministrative": "197000000", "researchAndDevelopment": "26000000", "operatingExpenses": "222000000", "investmentIncomeNet": "None", "netInterestIncome": "-47000000", "interestIncome": "1000000", "interestExpense": "48000000", "nonInterestIncome": "None", "otherNonOperatingIncome": "94000000", "depreciation": "None", "depreciationAndAmortization": "107000000", "incomeBeforeTax": "554000000", "incomeTaxExpense": "112000000", "interestAndDebtExpense": "None", "netIncomeFromContinuingOperations": "442000000", "comprehensiveIncomeNetOfTax": "None", "ebit": "602000000", "ebitda": "709000000", "netIncome": "434000000"}, {"fiscalDateEnding": "2022-03-31", "reportedCurrency": "USD", "grossProfit": "745000000", "totalRevenue": "2538000000", "costOfRevenue": "1793000000", "costofGoodsAndServicesSold": "1793000000", "operatingIncome": "531000000", "sellingGeneralAndAdministrative": "174000000", "researchAndDevelopment": "24000000", "operatingExpenses": "214000000", "investmentIncomeNet": "None", "netInterestIncome": "-34000000", "interestIncome": "1000000", "interestExpense": "35000000", "nonInterestIncome": "None", "otherNonOperatingIncome": "96000000", "depreciation": "None", "depreciationAndAmortization": "106000000", "incomeBeforeTax": "616000000", "incomeTaxExpense": "112000000", "interestAndDebtExpense": "None", "netIncomeFromContinuingOperations": "504000000", "comprehensiveIncomeNetOfTax": "None", "ebit": "651000000", "ebitda": "757000000", "netIncome": "502000000"}, {"fiscalDateEnding": "2021-12-31", "reportedCurrency": "USD", "grossProfit": "721000000", "totalRevenue": "2275000000", "costOfRevenue": "1554000000", "costofGoodsAndServicesSold": "1554000000", "operatingIncome": "517000000", "sellingGeneralAndAdministrative": "170000000", "researchAndDevelopment": "23000000", "operatingExpenses": "204000000", "investmentIncomeNet": "None", "netInterestIncome": "-20000000", "interestIncome": "49000000", "interestExpense": "21000000", "nonInterestIncome": "None", "otherNonOperatingIncome": "68000000", "depreciation": "None", "depreciationAndAmortization": "100000000", "incomeBeforeTax": "557000000", "incomeTaxExpense": "27000000", "interestAndDebtExpense": "None", "netIncomeFromContinuingOperations": "530000000", "comprehensiveIncomeNetOfTax": "None", "ebit": "578000000", "ebitda": "678000000", "netIncome": "524000000"}, {"fiscalDateEnding": "2021-09-30", "reportedCurrency": "USD", "grossProfit": "715000000", "totalRevenue": "2266000000", "costOfRevenue": "1551000000", "costofGoodsAndServicesSold": "1551000000", "operatingIncome": "536000000", "sellingGeneralAndAdministrative": "165000000", "researchAndDevelopment": "21000000", "operatingExpenses": "179000000", "investmentIncomeNet": "None", "netInterestIncome": "-28000000", "interestIncome": "2000000", "interestExpense": "29000000", "nonInterestIncome": "None", "otherNonOperatingIncome": "70000000", "depreciation": "None", "depreciationAndAmortization": "94000000", "incomeBeforeTax": "622000000", "incomeTaxExpense": "102000000", "interestAndDebtExpense": "None", "netIncomeFromContinuingOperations": "520000000", "comprehensiveIncomeNetOfTax": "None", "ebit": "643000000", "ebitda": "737000000", "netIncome": "506000000"}, {"fiscalDateEnding": "2021-06-30", "reportedCurrency": "USD", "grossProfit": "761000000", "totalRevenue": "2198000000", "costOfRevenue": "1437000000", "costofGoodsAndServicesSold": "1437000000", "operatingIncome": "567000000", "sellingGeneralAndAdministrative": "161000000", "researchAndDevelopment": "22000000", "operatingExpenses": "194000000", "investmentIncomeNet": "None", "netInterestIncome": "-20000000", "interestIncome": "4000000", "interestExpense": "24000000", "nonInterestIncome": "None", "otherNonOperatingIncome": "79000000", "depreciation": "None", "depreciationAndAmortization": "93000000", "incomeBeforeTax": "660000000", "incomeTaxExpense": "116000000", "interestAndDebtExpense": "None", "netIncomeFromContinuingOperations": "544000000", "comprehensiveIncomeNetOfTax": "None", "ebit": "684000000", "ebitda": "777000000", "netIncome": "538000000"}, {"fiscalDateEnding": "2021-03-31", "reportedCurrency": "USD", "grossProfit": "485000000", "totalRevenue": "1798000000", "costOfRevenue": "1313000000", "costofGoodsAndServicesSold": "1313000000", "operatingIncome": "326000000", "sellingGeneralAndAdministrative": "137000000", "researchAndDevelopment": "20000000", "operatingExpenses": "159000000", "investmentIncomeNet": "None", "netInterestIncome": "-24000000", "interestIncome": "1000000", "interestExpense": "25000000", "nonInterestIncome": "None", "otherNonOperatingIncome": "70000000", "depreciation": "None", "depreciationAndAmortization": "91000000", "incomeBeforeTax": "409000000", "incomeTaxExpense": "85000000", "interestAndDebtExpense": "None", "netIncomeFromContinuingOperations": "324000000", "comprehensiveIncomeNetOfTax": "None", "ebit": "434000000", "ebitda": "525000000", "netIncome": "322000000"}, {"fiscalDateEnding": "2020-12-31", "reportedCurrency": "USD", "grossProfit": "376000000", "totalRevenue": "1591000000", "costOfRevenue": "1215000000", "costofGoodsAndServicesSold": "1215000000", "operatingIncome": "203000000", "sellingGeneralAndAdministrative": "482000000", "researchAndDevelopment": "20000000", "operatingExpenses": "173000000", "investmentIncomeNet": "None", "netInterestIncome": "-24000000", "interestIncome": "25000000", "interestExpense": "26000000", "nonInterestIncome": "None", "otherNonOperatingIncome": "1460000000", "depreciation": "None", "depreciationAndAmortization": "91000000", "incomeBeforeTax": "1571000000", "incomeTaxExpense": "117000000", "interestAndDebtExpense": "None", "netIncomeFromContinuingOperations": "1454000000", "comprehensiveIncomeNetOfTax": "None", "ebit": "1597000000", "ebitda": "1688000000", "netIncome": "1453000000"}, {"fiscalDateEnding": "2020-09-30", "reportedCurrency": "USD", "grossProfit": "327000000", "totalRevenue": "1411000000", "costOfRevenue": "1084000000", "costofGoodsAndServicesSold": "1084000000", "operatingIncome": "184000000", "sellingGeneralAndAdministrative": "106000000", "researchAndDevelopment": "19000000", "operatingExpenses": "143000000", "investmentIncomeNet": "None", "netInterestIncome": "-27000000", "interestIncome": "27000000", "interestExpense": "28000000", "nonInterestIncome": "None", "otherNonOperatingIncome": "57000000", "depreciation": "None", "depreciationAndAmortization": "90000000", "incomeBeforeTax": "241000000", "incomeTaxExpense": "30000000", "interestAndDebtExpense": "None", "netIncomeFromContinuingOperations": "211000000", "comprehensiveIncomeNetOfTax": "None", "ebit": "269000000", "ebitda": "359000000", "netIncome": "207000000"}, {"fiscalDateEnding": "2020-06-30", "reportedCurrency": "USD", "grossProfit": "242000000", "totalRevenue": "1193000000", "costOfRevenue": "951000000", "costofGoodsAndServicesSold": "951000000", "operatingIncome": "83000000", "sellingGeneralAndAdministrative": "114000000", "researchAndDevelopment": "18000000", "operatingExpenses": "159000000", "investmentIncomeNet": "None", "netInterestIncome": "-26000000", "interestIncome": "1000000", "interestExpense": "27000000", "nonInterestIncome": "None", "otherNonOperatingIncome": "64000000", "depreciation": "None", "depreciationAndAmortization": "89000000", "incomeBeforeTax": "147000000", "incomeTaxExpense": "35000000", "interestAndDebtExpense": "None", "netIncomeFromContinuingOperations": "112000000", "comprehensiveIncomeNetOfTax": "None", "ebit": "174000000", "ebitda": "263000000", "netIncome": "107000000"}, {"fiscalDateEnding": "2020-03-31", "reportedCurrency": "USD", "grossProfit": "348000000", "totalRevenue": "1460000000", "costOfRevenue": "1112000000", "costofGoodsAndServicesSold": "1112000000", "operatingIncome": "194000000", "sellingGeneralAndAdministrative": "125000000", "researchAndDevelopment": "17000000", "operatingExpenses": "154000000", "investmentIncomeNet": "None", "netInterestIncome": "-26000000", "interestIncome": "2000000", "interestExpense": "28000000", "nonInterestIncome": "None", "otherNonOperatingIncome": "98000000", "depreciation": "None", "depreciationAndAmortization": "86000000", "incomeBeforeTax": "292000000", "incomeTaxExpense": "65000000", "interestAndDebtExpense": "None", "netIncomeFromContinuingOperations": "227000000", "comprehensiveIncomeNetOfTax": "None", "ebit": "320000000", "ebitda": "406000000", "netIncome": "218000000"}, {"fiscalDateEnding": "2019-12-31", "reportedCurrency": "USD", "grossProfit": "316000000", "totalRevenue": "1432000000", "costOfRevenue": "1116000000", "costofGoodsAndServicesSold": "1116000000", "operatingIncome": "68000000", "sellingGeneralAndAdministrative": "125000000", "researchAndDevelopment": "17000000", "operatingExpenses": "248000000", "investmentIncomeNet": "None", "netInterestIncome": "-26000000", "interestIncome": "2000000", "interestExpense": "28000000", "nonInterestIncome": "None", "otherNonOperatingIncome": "72000000", "depreciation": "None", "depreciationAndAmortization": "91000000", "incomeBeforeTax": "41000000", "incomeTaxExpense": "-3000000", "interestAndDebtExpense": "None", "netIncomeFromContinuingOperations": "44000000", "comprehensiveIncomeNetOfTax": "None", "ebit": "69000000", "ebitda": "160000000", "netIncome": "43000000"}, {"fiscalDateEnding": "2019-09-30", "reportedCurrency": "USD", "grossProfit": "414000000", "totalRevenue": "1586000000", "costOfRevenue": "1172000000", "costofGoodsAndServicesSold": "1172000000", "operatingIncome": "260000000", "sellingGeneralAndAdministrative": "120000000", "researchAndDevelopment": "17000000", "operatingExpenses": "143000000", "investmentIncomeNet": "None", "netInterestIncome": "-26000000", "interestIncome": "1000000", "interestExpense": "27000000", "nonInterestIncome": "None", "otherNonOperatingIncome": "73000000", "depreciation": "None", "depreciationAndAmortization": "95000000", "incomeBeforeTax": "323000000", "incomeTaxExpense": "53000000", "interestAndDebtExpense": "None", "netIncomeFromContinuingOperations": "270000000", "comprehensiveIncomeNetOfTax": "None", "ebit": "350000000", "ebitda": "445000000", "netIncome": "263000000"}, {"fiscalDateEnding": "2019-06-30", "reportedCurrency": "USD", "grossProfit": "423000000", "totalRevenue": "1592000000", "costOfRevenue": "1169000000", "costofGoodsAndServicesSold": "1169000000", "operatingIncome": "186000000", "sellingGeneralAndAdministrative": "118000000", "researchAndDevelopment": "17000000", "operatingExpenses": "141000000", "investmentIncomeNet": "None", "netInterestIncome": "-31000000", "interestIncome": "2000000", "interestExpense": "33000000", "nonInterestIncome": "None", "otherNonOperatingIncome": "65000000", "depreciation": "None", "depreciationAndAmortization": "86000000", "incomeBeforeTax": "239000000", "incomeTaxExpense": "28000000", "interestAndDebtExpense": "None", "netIncomeFromContinuingOperations": "211000000", "comprehensiveIncomeNetOfTax": "None", "ebit": "268000000", "ebitda": "354000000", "netIncome": "209000000"}, {"fiscalDateEnding": "2019-03-31", "reportedCurrency": "USD", "grossProfit": "453000000", "totalRevenue": "1687000000", "costOfRevenue": "1234000000", "costofGoodsAndServicesSold": "1234000000", "operatingIncome": "320000000", "sellingGeneralAndAdministrative": "120000000", "researchAndDevelopment": "16000000", "operatingExpenses": "142000000", "investmentIncomeNet": "None", "netInterestIncome": "-30000000", "interestIncome": "1000000", "interestExpense": "31000000", "nonInterestIncome": "None", "otherNonOperatingIncome": "79000000", "depreciation": "None", "depreciationAndAmortization": "84000000", "incomeBeforeTax": "385000000", "incomeTaxExpense": "46000000", "interestAndDebtExpense": "None", "netIncomeFromContinuingOperations": "339000000", "comprehensiveIncomeNetOfTax": "None", "ebit": "416000000", "ebitda": "500000000", "netIncome": "337000000"}, {"fiscalDateEnding": "2018-12-31", "reportedCurrency": "USD", "grossProfit": "420000000", "totalRevenue": "1689000000", "costOfRevenue": "1269000000", "costofGoodsAndServicesSold": "1269000000", "operatingIncome": "259000000", "sellingGeneralAndAdministrative": "134000000", "researchAndDevelopment": "18000000", "operatingExpenses": "158000000", "investmentIncomeNet": "None", "netInterestIncome": "None", "interestIncome": "None", "interestExpense": "31000000", "nonInterestIncome": "None", "otherNonOperatingIncome": "84000000", "depreciation": "None", "depreciationAndAmortization": "6000000", "incomeBeforeTax": "174000000", "incomeTaxExpense": "76000000", "interestAndDebtExpense": "None", "netIncomeFromContinuingOperations": "98000000", "comprehensiveIncomeNetOfTax": "None", "ebit": "290000000", "ebitda": "296000000", "netIncome": "99000000"}, {"fiscalDateEnding": "2018-09-30", "reportedCurrency": "USD", "grossProfit": "516000000", "totalRevenue": "1771000000", "costOfRevenue": "1255000000", "costofGoodsAndServicesSold": "1255000000", "operatingIncome": "374000000", "sellingGeneralAndAdministrative": "129000000", "researchAndDevelopment": "18000000", "operatingExpenses": "152000000", "investmentIncomeNet": "None", "netInterestIncome": "None", "interestIncome": "None", "interestExpense": "30000000", "nonInterestIncome": "None", "otherNonOperatingIncome": "93000000", "depreciation": "None", "depreciationAndAmortization": "90000000", "incomeBeforeTax": "462000000", "incomeTaxExpense": "54000000", "interestAndDebtExpense": "None", "netIncomeFromContinuingOperations": "408000000", "comprehensiveIncomeNetOfTax": "None", "ebit": "492000000", "ebitda": "582000000", "netIncome": "401000000"}, {"fiscalDateEnding": "2018-06-30", "reportedCurrency": "USD", "grossProfit": "521000000", "totalRevenue": "1844000000", "costOfRevenue": "1323000000", "costofGoodsAndServicesSold": "1323000000", "operatingIncome": "358000000", "sellingGeneralAndAdministrative": "136000000", "researchAndDevelopment": "18000000", "operatingExpenses": "161000000", "investmentIncomeNet": "None", "netInterestIncome": "None", "interestIncome": "None", "interestExpense": "32000000", "nonInterestIncome": "None", "otherNonOperatingIncome": "90000000", "depreciation": "None", "depreciationAndAmortization": "7000000", "incomeBeforeTax": "442000000", "incomeTaxExpense": "97000000", "interestAndDebtExpense": "None", "netIncomeFromContinuingOperations": "345000000", "comprehensiveIncomeNetOfTax": "None", "ebit": "555000000", "ebitda": "562000000", "netIncome": "344000000"}, {"fiscalDateEnding": "2018-03-31", "reportedCurrency": "USD", "grossProfit": "515000000", "totalRevenue": "1851000000", "costOfRevenue": "1336000000", "costofGoodsAndServicesSold": "1336000000", "operatingIncome": "343000000", "sellingGeneralAndAdministrative": "147000000", "researchAndDevelopment": "18000000", "operatingExpenses": "171000000", "investmentIncomeNet": "None", "netInterestIncome": "None", "interestIncome": "None", "interestExpense": "33000000", "nonInterestIncome": "None", "otherNonOperatingIncome": "96000000", "depreciation": "None", "depreciationAndAmortization": "6000000", "incomeBeforeTax": "432000000", "incomeTaxExpense": "65000000", "interestAndDebtExpense": "None", "netIncomeFromContinuingOperations": "367000000", "comprehensiveIncomeNetOfTax": "None", "ebit": "539000000", "ebitda": "545000000", "netIncome": "363000000"}, {"fiscalDateEnding": "2017-12-31", "reportedCurrency": "USD", "grossProfit": "411000000", "totalRevenue": "1593000000", "costOfRevenue": "1182000000", "costofGoodsAndServicesSold": "1182000000", "operatingIncome": "217000000", "sellingGeneralAndAdministrative": "165000000", "researchAndDevelopment": "19000000", "operatingExpenses": "190000000", "investmentIncomeNet": "None", "netInterestIncome": "None", "interestIncome": "None", "interestExpense": "31000000", "nonInterestIncome": "None", "otherNonOperatingIncome": "79000000", "depreciation": "None", "depreciationAndAmortization": "6000000", "incomeBeforeTax": "265000000", "incomeTaxExpense": "60000000", "interestAndDebtExpense": "None", "netIncomeFromContinuingOperations": "205000000", "comprehensiveIncomeNetOfTax": "None", "ebit": "369000000", "ebitda": "375000000", "netIncome": "203000000"}, {"fiscalDateEnding": "2017-09-30", "reportedCurrency": "USD", "grossProfit": "385000000", "totalRevenue": "1566000000", "costOfRevenue": "1181000000", "costofGoodsAndServicesSold": "1181000000", "operatingIncome": "252000000", "sellingGeneralAndAdministrative": "112000000", "researchAndDevelopment": "19000000", "operatingExpenses": "136000000", "investmentIncomeNet": "None", "netInterestIncome": "None", "interestIncome": "None", "interestExpense": "32000000", "nonInterestIncome": "None", "otherNonOperatingIncome": "69000000", "depreciation": "None", "depreciationAndAmortization": "82000000", "incomeBeforeTax": "289000000", "incomeTaxExpense": "57000000", "interestAndDebtExpense": "None", "netIncomeFromContinuingOperations": "232000000", "comprehensiveIncomeNetOfTax": "None", "ebit": "321000000", "ebitda": "403000000", "netIncome": "226000000"}, {"fiscalDateEnding": "2017-06-30", "reportedCurrency": "USD", "grossProfit": "367000000", "totalRevenue": "1510000000", "costOfRevenue": "1143000000", "costofGoodsAndServicesSold": "1143000000", "operatingIncome": "240000000", "sellingGeneralAndAdministrative": "96000000", "researchAndDevelopment": "17000000", "operatingExpenses": "118000000", "investmentIncomeNet": "None", "netInterestIncome": "None", "interestIncome": "None", "interestExpense": "30000000", "nonInterestIncome": "None", "otherNonOperatingIncome": "71000000", "depreciation": "None", "depreciationAndAmortization": "77000000", "incomeBeforeTax": "281000000", "incomeTaxExpense": "40000000", "interestAndDebtExpense": "None", "netIncomeFromContinuingOperations": "241000000", "comprehensiveIncomeNetOfTax": "None", "ebit": "311000000", "ebitda": "388000000", "netIncome": "231000000"}, {"fiscalDateEnding": "2017-03-31", "reportedCurrency": "USD", "grossProfit": "352000000", "totalRevenue": "1471000000", "costOfRevenue": "1119000000", "costofGoodsAndServicesSold": "1119000000", "operatingIncome": "192000000", "sellingGeneralAndAdministrative": "83000000", "researchAndDevelopment": "17000000", "operatingExpenses": "104000000", "investmentIncomeNet": "None", "netInterestIncome": "None", "interestIncome": "None", "interestExpense": "29000000", "nonInterestIncome": "None", "otherNonOperatingIncome": "77000000", "depreciation": "None", "depreciationAndAmortization": "4000000", "incomeBeforeTax": "240000000", "incomeTaxExpense": "56000000", "interestAndDebtExpense": "None", "netIncomeFromContinuingOperations": "184000000", "comprehensiveIncomeNetOfTax": "None", "ebit": "337000000", "ebitda": "341000000", "netIncome": "183000000"}, {"fiscalDateEnding": "2016-12-31", "reportedCurrency": "USD", "grossProfit": "322000000", "totalRevenue": "1311000000", "costOfRevenue": "989000000", "costofGoodsAndServicesSold": "989000000", "operatingIncome": "117000000", "sellingGeneralAndAdministrative": "184000000", "researchAndDevelopment": "20000000", "operatingExpenses": "206000000", "investmentIncomeNet": "None", "netInterestIncome": "None", "interestIncome": "None", "interestExpense": "29000000", "nonInterestIncome": "None", "otherNonOperatingIncome": "68000000", "depreciation": "None", "depreciationAndAmortization": "72000000", "incomeBeforeTax": "156000000", "incomeTaxExpense": "-5000000", "interestAndDebtExpense": "None", "netIncomeFromContinuingOperations": "161000000", "comprehensiveIncomeNetOfTax": "None", "ebit": "185000000", "ebitda": "257000000", "netIncome": "160000000"}, {"fiscalDateEnding": "2016-09-30", "reportedCurrency": "USD", "grossProfit": "355000000", "totalRevenue": "1323000000", "costOfRevenue": "968000000", "costofGoodsAndServicesSold": "968000000", "operatingIncome": "246000000", "sellingGeneralAndAdministrative": "81000000", "researchAndDevelopment": "20000000", "operatingExpenses": "104000000", "investmentIncomeNet": "None", "netInterestIncome": "None", "interestIncome": "None", "interestExpense": "28000000", "nonInterestIncome": "None", "otherNonOperatingIncome": "63000000", "depreciation": "None", "depreciationAndAmortization": "3000000", "incomeBeforeTax": "281000000", "incomeTaxExpense": "15000000", "interestAndDebtExpense": "None", "netIncomeFromContinuingOperations": "266000000", "comprehensiveIncomeNetOfTax": "None", "ebit": "384000000", "ebitda": "387000000", "netIncome": "262000000"}, {"fiscalDateEnding": "2016-06-30", "reportedCurrency": "USD", "grossProfit": "338000000", "totalRevenue": "1351000000", "costOfRevenue": "1013000000", "costofGoodsAndServicesSold": "1013000000", "operatingIncome": "243000000", "sellingGeneralAndAdministrative": "71000000", "researchAndDevelopment": "19000000", "operatingExpenses": "92000000", "investmentIncomeNet": "None", "netInterestIncome": "None", "interestIncome": "None", "interestExpense": "30000000", "nonInterestIncome": "None", "otherNonOperatingIncome": "62000000", "depreciation": "None", "depreciationAndAmortization": "2000000", "incomeBeforeTax": "275000000", "incomeTaxExpense": "52000000", "interestAndDebtExpense": "None", "netIncomeFromContinuingOperations": "223000000", "comprehensiveIncomeNetOfTax": "None", "ebit": "275000000", "ebitda": "277000000", "netIncome": "221000000"}, {"fiscalDateEnding": "2016-03-31", "reportedCurrency": "USD", "grossProfit": "390000000", "totalRevenue": "1404000000", "costOfRevenue": "1014000000", "costofGoodsAndServicesSold": "1014000000", "operatingIncome": "287000000", "sellingGeneralAndAdministrative": "80000000", "researchAndDevelopment": "19000000", "operatingExpenses": "101000000", "investmentIncomeNet": "None", "netInterestIncome": "None", "interestIncome": "None", "interestExpense": "33000000", "nonInterestIncome": "None", "otherNonOperatingIncome": "64000000", "depreciation": "None", "depreciationAndAmortization": "2000000", "incomeBeforeTax": "318000000", "incomeTaxExpense": "60000000", "interestAndDebtExpense": "None", "netIncomeFromContinuingOperations": "258000000", "comprehensiveIncomeNetOfTax": "None", "ebit": "321000000", "ebitda": "323000000", "netIncome": "257000000"}, {"fiscalDateEnding": "2015-12-31", "reportedCurrency": "USD", "grossProfit": "259000000", "totalRevenue": "1334000000", "costOfRevenue": "1075000000", "costofGoodsAndServicesSold": "1075000000", "operatingIncome": "-305000000", "sellingGeneralAndAdministrative": "209000000", "researchAndDevelopment": "21000000", "operatingExpenses": "232000000", "investmentIncomeNet": "None", "netInterestIncome": "None", "interestIncome": "None", "interestExpense": "33000000", "nonInterestIncome": "None", "otherNonOperatingIncome": "68000000", "depreciation": "None", "depreciationAndAmortization": "106000000", "incomeBeforeTax": "-270000000", "incomeTaxExpense": "31000000", "interestAndDebtExpense": "None", "netIncomeFromContinuingOperations": "-301000000", "comprehensiveIncomeNetOfTax": "None", "ebit": "-237000000", "ebitda": "-131000000", "netIncome": "-298000000"}, {"fiscalDateEnding": "2015-09-30", "reportedCurrency": "USD", "grossProfit": "303000000", "totalRevenue": "1413000000", "costOfRevenue": "1110000000", "costofGoodsAndServicesSold": "1110000000", "operatingIncome": "186000000", "sellingGeneralAndAdministrative": "93000000", "researchAndDevelopment": "19000000", "operatingExpenses": "115000000", "investmentIncomeNet": "None", "netInterestIncome": "None", "interestIncome": "None", "interestExpense": "29000000", "nonInterestIncome": "None", "otherNonOperatingIncome": "68000000", "depreciation": "None", "depreciationAndAmortization": "82000000", "incomeBeforeTax": "225000000", "incomeTaxExpense": "74000000", "interestAndDebtExpense": "None", "netIncomeFromContinuingOperations": "151000000", "comprehensiveIncomeNetOfTax": "None", "ebit": "254000000", "ebitda": "336000000", "netIncome": "161000000"}, {"fiscalDateEnding": "2015-06-30", "reportedCurrency": "USD", "grossProfit": "375000000", "totalRevenue": "1477000000", "costOfRevenue": "1102000000", "costofGoodsAndServicesSold": "1102000000", "operatingIncome": "188000000", "sellingGeneralAndAdministrative": "106000000", "researchAndDevelopment": "59000000", "operatingExpenses": "168000000", "investmentIncomeNet": "None", "netInterestIncome": "None", "interestIncome": "None", "interestExpense": "30000000", "nonInterestIncome": "None", "otherNonOperatingIncome": "69000000", "depreciation": "None", "depreciationAndAmortization": "3000000", "incomeBeforeTax": "227000000", "incomeTaxExpense": "24000000", "interestAndDebtExpense": "None", "netIncomeFromContinuingOperations": "203000000", "comprehensiveIncomeNetOfTax": "None", "ebit": "240000000", "ebitda": "243000000", "netIncome": "205000000"}, {"fiscalDateEnding": "2015-03-31", "reportedCurrency": "USD", "grossProfit": "381000000", "totalRevenue": "1450000000", "costOfRevenue": "1069000000", "costofGoodsAndServicesSold": "1069000000", "operatingIncome": "257000000", "sellingGeneralAndAdministrative": "98000000", "researchAndDevelopment": "20000000", "operatingExpenses": "121000000", "investmentIncomeNet": "None", "netInterestIncome": "None", "interestIncome": "None", "interestExpense": "27000000", "nonInterestIncome": "None", "otherNonOperatingIncome": "76000000", "depreciation": "None", "depreciationAndAmortization": "3000000", "incomeBeforeTax": "306000000", "incomeTaxExpense": "72000000", "interestAndDebtExpense": "None", "netIncomeFromContinuingOperations": "234000000", "comprehensiveIncomeNetOfTax": "None", "ebit": "303000000", "ebitda": "306000000", "netIncome": "236000000"}, {"fiscalDateEnding": "2014-12-31", "reportedCurrency": "USD", "grossProfit": "394000000", "totalRevenue": "1559000000", "costOfRevenue": "1165000000", "costofGoodsAndServicesSold": "1165000000", "operatingIncome": "-54000000", "sellingGeneralAndAdministrative": "417000000", "researchAndDevelopment": "18000000", "operatingExpenses": "439000000", "investmentIncomeNet": "None", "netInterestIncome": "None", "interestIncome": "None", "interestExpense": "31000000", "nonInterestIncome": "None", "otherNonOperatingIncome": "50000000", "depreciation": "None", "depreciationAndAmortization": "4000000", "incomeBeforeTax": "-31000000", "incomeTaxExpense": "52000000", "interestAndDebtExpense": "None", "netIncomeFromContinuingOperations": "-83000000", "comprehensiveIncomeNetOfTax": "None", "ebit": "-26000000", "ebitda": "-22000000", "netIncome": "-84000000"}, {"fiscalDateEnding": "2014-09-30", "reportedCurrency": "USD", "grossProfit": "436000000", "totalRevenue": "1769000000", "costOfRevenue": "1333000000", "costofGoodsAndServicesSold": "1333000000", "operatingIncome": "310000000", "sellingGeneralAndAdministrative": "118000000", "researchAndDevelopment": "22000000", "operatingExpenses": "145000000", "investmentIncomeNet": "None", "netInterestIncome": "None", "interestIncome": "None", "interestExpense": "41000000", "nonInterestIncome": "None", "otherNonOperatingIncome": "78000000", "depreciation": "None", "depreciationAndAmortization": "75000000", "incomeBeforeTax": "347000000", "incomeTaxExpense": "90000000", "interestAndDebtExpense": "None", "netIncomeFromContinuingOperations": "257000000", "comprehensiveIncomeNetOfTax": "None", "ebit": "388000000", "ebitda": "463000000", "netIncome": "253000000"}, {"fiscalDateEnding": "2014-06-30", "reportedCurrency": "USD", "grossProfit": "408000000", "totalRevenue": "1769000000", "costOfRevenue": "1361000000", "costofGoodsAndServicesSold": "1361000000", "operatingIncome": "259000000", "sellingGeneralAndAdministrative": "119000000", "researchAndDevelopment": "24000000", "operatingExpenses": "148000000", "investmentIncomeNet": "None", "netInterestIncome": "None", "interestIncome": "None", "interestExpense": "40000000", "nonInterestIncome": "None", "otherNonOperatingIncome": "133000000", "depreciation": "None", "depreciationAndAmortization": "75000000", "incomeBeforeTax": "352000000", "incomeTaxExpense": "94000000", "interestAndDebtExpense": "None", "netIncomeFromContinuingOperations": "258000000", "comprehensiveIncomeNetOfTax": "None", "ebit": "392000000", "ebitda": "467000000", "netIncome": "259000000"}, {"fiscalDateEnding": "2014-03-31", "reportedCurrency": "USD", "grossProfit": "378000000", "totalRevenue": "1705000000", "costOfRevenue": "1327000000", "costofGoodsAndServicesSold": "1327000000", "operatingIncome": "243000000", "sellingGeneralAndAdministrative": "104000000", "researchAndDevelopment": "22000000", "operatingExpenses": "132000000", "investmentIncomeNet": "None", "netInterestIncome": "None", "interestIncome": "None", "interestExpense": "39000000", "nonInterestIncome": "None", "otherNonOperatingIncome": "69000000", "depreciation": "None", "depreciationAndAmortization": "6000000", "incomeBeforeTax": "273000000", "incomeTaxExpense": "78000000", "interestAndDebtExpense": "None", "netIncomeFromContinuingOperations": "195000000", "comprehensiveIncomeNetOfTax": "None", "ebit": "285000000", "ebitda": "291000000", "netIncome": "196000000"}, {"fiscalDateEnding": "2013-12-31", "reportedCurrency": "USD", "grossProfit": "367000000", "totalRevenue": "1616000000", "costOfRevenue": "1249000000", "costofGoodsAndServicesSold": "1249000000", "operatingIncome": "944000000", "sellingGeneralAndAdministrative": "5000000", "researchAndDevelopment": "12000000", "operatingExpenses": "13000000", "investmentIncomeNet": "None", "netInterestIncome": "None", "interestIncome": "None", "interestExpense": "42000000", "nonInterestIncome": "None", "otherNonOperatingIncome": "53000000", "depreciation": "None", "depreciationAndAmortization": "6000000", "incomeBeforeTax": "955000000", "incomeTaxExpense": "299000000", "interestAndDebtExpense": "None", "netIncomeFromContinuingOperations": "656000000", "comprehensiveIncomeNetOfTax": "None", "ebit": "1072000000", "ebitda": "1078000000", "netIncome": "654000000"}, {"fiscalDateEnding": "2013-09-30", "reportedCurrency": "USD", "grossProfit": "346000000", "totalRevenue": "1636000000", "costOfRevenue": "1290000000", "costofGoodsAndServicesSold": "1290000000", "operatingIncome": "211000000", "sellingGeneralAndAdministrative": "97000000", "researchAndDevelopment": "24000000", "operatingExpenses": "127000000", "investmentIncomeNet": "None", "netInterestIncome": "None", "interestIncome": "None", "interestExpense": "43000000", "nonInterestIncome": "None", "otherNonOperatingIncome": "60000000", "depreciation": "None", "depreciationAndAmortization": "80000000", "incomeBeforeTax": "228000000", "incomeTaxExpense": "57000000", "interestAndDebtExpense": "None", "netIncomeFromContinuingOperations": "171000000", "comprehensiveIncomeNetOfTax": "None", "ebit": "271000000", "ebitda": "351000000", "netIncome": "172000000"}, {"fiscalDateEnding": "2013-06-30", "reportedCurrency": "USD", "grossProfit": "319000000", "totalRevenue": "1653000000", "costOfRevenue": "1334000000", "costofGoodsAndServicesSold": "1334000000", "operatingIncome": "169000000", "sellingGeneralAndAdministrative": "113000000", "researchAndDevelopment": "23000000", "operatingExpenses": "145000000", "investmentIncomeNet": "None", "netInterestIncome": "None", "interestIncome": "None", "interestExpense": "44000000", "nonInterestIncome": "None", "otherNonOperatingIncome": "83000000", "depreciation": "None", "depreciationAndAmortization": "9000000", "incomeBeforeTax": "208000000", "incomeTaxExpense": "75000000", "interestAndDebtExpense": "None", "netIncomeFromContinuingOperations": "133000000", "comprehensiveIncomeNetOfTax": "None", "ebit": "243000000", "ebitda": "252000000", "netIncome": "133000000"}, {"fiscalDateEnding": "2013-03-31", "reportedCurrency": "USD", "grossProfit": "333000000", "totalRevenue": "1605000000", "costOfRevenue": "1272000000", "costofGoodsAndServicesSold": "1272000000", "operatingIncome": "184000000", "sellingGeneralAndAdministrative": "106000000", "researchAndDevelopment": "26000000", "operatingExpenses": "143000000", "investmentIncomeNet": "None", "netInterestIncome": "None", "interestIncome": "None", "interestExpense": "43000000", "nonInterestIncome": "None", "otherNonOperatingIncome": "77000000", "depreciation": "None", "depreciationAndAmortization": "11000000", "incomeBeforeTax": "218000000", "incomeTaxExpense": "77000000", "interestAndDebtExpense": "None", "netIncomeFromContinuingOperations": "141000000", "comprehensiveIncomeNetOfTax": "None", "ebit": "239000000", "ebitda": "250000000", "netIncome": "142000000"}, {"fiscalDateEnding": "2012-12-31", "reportedCurrency": "USD", "grossProfit": "267000000", "totalRevenue": "1501000000", "costOfRevenue": "1234000000", "costofGoodsAndServicesSold": "1234000000", "operatingIncome": "86000000", "sellingGeneralAndAdministrative": "128000000", "researchAndDevelopment": "26000000", "operatingExpenses": "167000000", "investmentIncomeNet": "None", "netInterestIncome": "None", "interestIncome": "None", "interestExpense": "51000000", "nonInterestIncome": "None", "otherNonOperatingIncome": "78000000", "depreciation": "None", "depreciationAndAmortization": "13000000", "incomeBeforeTax": "113000000", "incomeTaxExpense": "16000000", "interestAndDebtExpense": "None", "netIncomeFromContinuingOperations": "97000000", "comprehensiveIncomeNetOfTax": "None", "ebit": "235000000", "ebitda": "248000000", "netIncome": "95000000"}, {"fiscalDateEnding": "2012-09-30", "reportedCurrency": "USD", "grossProfit": "324000000", "totalRevenue": "1609000000", "costOfRevenue": "1285000000", "costofGoodsAndServicesSold": "1285000000", "operatingIncome": "163000000", "sellingGeneralAndAdministrative": "121000000", "researchAndDevelopment": "24000000", "operatingExpenses": "155000000", "investmentIncomeNet": "None", "netInterestIncome": "None", "interestIncome": "None", "interestExpense": "44000000", "nonInterestIncome": "None", "otherNonOperatingIncome": "54000000", "depreciation": "None", "depreciationAndAmortization": "12000000", "incomeBeforeTax": "173000000", "incomeTaxExpense": "54000000", "interestAndDebtExpense": "None", "netIncomeFromContinuingOperations": "119000000", "comprehensiveIncomeNetOfTax": "None", "ebit": "219000000", "ebitda": "231000000", "netIncome": "127000000"}, {"fiscalDateEnding": "2012-06-30", "reportedCurrency": "USD", "grossProfit": "331000000", "totalRevenue": "1675000000", "costOfRevenue": "1344000000", "costofGoodsAndServicesSold": "1344000000", "operatingIncome": "164000000", "sellingGeneralAndAdministrative": "124000000", "researchAndDevelopment": "26000000", "operatingExpenses": "166000000", "investmentIncomeNet": "None", "netInterestIncome": "None", "interestIncome": "None", "interestExpense": "45000000", "nonInterestIncome": "None", "otherNonOperatingIncome": "145000000", "depreciation": "None", "depreciationAndAmortization": "13000000", "incomeBeforeTax": "264000000", "incomeTaxExpense": "54000000", "interestAndDebtExpense": "None", "netIncomeFromContinuingOperations": "210000000", "comprehensiveIncomeNetOfTax": "None", "ebit": "227000000", "ebitda": "240000000", "netIncome": "221000000"}, {"fiscalDateEnding": "2012-03-31", "reportedCurrency": "USD", "grossProfit": "270000000", "totalRevenue": "1633000000", "costOfRevenue": "1363000000", "costofGoodsAndServicesSold": "1363000000", "operatingIncome": "98000000", "sellingGeneralAndAdministrative": "134000000", "researchAndDevelopment": "26000000", "operatingExpenses": "173000000", "investmentIncomeNet": "None", "netInterestIncome": "None", "interestIncome": "None", "interestExpense": "45000000", "nonInterestIncome": "None", "otherNonOperatingIncome": "54000000", "depreciation": "None", "depreciationAndAmortization": "77000000", "incomeBeforeTax": "107000000", "incomeTaxExpense": "-76000000", "interestAndDebtExpense": "None", "netIncomeFromContinuingOperations": "183000000", "comprehensiveIncomeNetOfTax": "None", "ebit": "165000000", "ebitda": "242000000", "netIncome": "193000000"}, {"fiscalDateEnding": "2011-12-31", "reportedCurrency": "USD", "grossProfit": "272000000", "totalRevenue": "1614000000", "costOfRevenue": "1342000000", "costofGoodsAndServicesSold": "1342000000", "operatingIncome": "97000000", "sellingGeneralAndAdministrative": "128000000", "researchAndDevelopment": "24000000", "operatingExpenses": "173000000", "investmentIncomeNet": "None", "netInterestIncome": "None", "interestIncome": "None", "interestExpense": "55000000", "nonInterestIncome": "None", "otherNonOperatingIncome": "52000000", "depreciation": "None", "depreciationAndAmortization": "80000000", "incomeBeforeTax": "94000000", "incomeTaxExpense": "-2000000", "interestAndDebtExpense": "None", "netIncomeFromContinuingOperations": "96000000", "comprehensiveIncomeNetOfTax": "None", "ebit": "149000000", "ebitda": "229000000", "netIncome": "95000000"}, {"fiscalDateEnding": "2011-09-30", "reportedCurrency": "USD", "grossProfit": "401000000", "totalRevenue": "1807000000", "costOfRevenue": "1406000000", "costofGoodsAndServicesSold": "1406000000", "operatingIncome": "196000000", "sellingGeneralAndAdministrative": "140000000", "researchAndDevelopment": "24000000", "operatingExpenses": "205000000", "investmentIncomeNet": "None", "netInterestIncome": "None", "interestIncome": "None", "interestExpense": "54000000", "nonInterestIncome": "None", "otherNonOperatingIncome": "59000000", "depreciation": "None", "depreciationAndAmortization": "17000000", "incomeBeforeTax": "201000000", "incomeTaxExpense": "34000000", "interestAndDebtExpense": "None", "netIncomeFromContinuingOperations": "167000000", "comprehensiveIncomeNetOfTax": "None", "ebit": "254000000", "ebitda": "271000000", "netIncome": "167000000"}, {"fiscalDateEnding": "2011-06-30", "reportedCurrency": "USD", "grossProfit": "410000000", "totalRevenue": "1753000000", "costOfRevenue": "1343000000", "costofGoodsAndServicesSold": "1343000000", "operatingIncome": "209000000", "sellingGeneralAndAdministrative": "140000000", "researchAndDevelopment": "25000000", "operatingExpenses": "201000000", "investmentIncomeNet": "None", "netInterestIncome": "None", "interestIncome": "None", "interestExpense": "57000000", "nonInterestIncome": "None", "otherNonOperatingIncome": "128000000", "depreciation": "None", "depreciationAndAmortization": "17000000", "incomeBeforeTax": "280000000", "incomeTaxExpense": "75000000", "interestAndDebtExpense": "None", "netIncomeFromContinuingOperations": "205000000", "comprehensiveIncomeNetOfTax": "None", "ebit": "255000000", "ebitda": "272000000", "netIncome": "203000000"}, {"fiscalDateEnding": "2011-03-31", "reportedCurrency": "USD", "grossProfit": "351000000", "totalRevenue": "1589000000", "costOfRevenue": "1238000000", "costofGoodsAndServicesSold": "1238000000", "operatingIncome": "188000000", "sellingGeneralAndAdministrative": "128000000", "researchAndDevelopment": "23000000", "operatingExpenses": "167000000", "investmentIncomeNet": "None", "netInterestIncome": "None", "interestIncome": "None", "interestExpense": "55000000", "nonInterestIncome": "None", "otherNonOperatingIncome": "47000000", "depreciation": "None", "depreciationAndAmortization": "75000000", "incomeBeforeTax": "180000000", "incomeTaxExpense": "42000000", "interestAndDebtExpense": "None", "netIncomeFromContinuingOperations": "138000000", "comprehensiveIncomeNetOfTax": "None", "ebit": "235000000", "ebitda": "310000000", "netIncome": "142000000"}, {"fiscalDateEnding": "2010-12-31", "reportedCurrency": "USD", "grossProfit": "313000000", "totalRevenue": "1507000000", "costOfRevenue": "1194000000", "costofGoodsAndServicesSold": "1194000000", "operatingIncome": "140000000", "sellingGeneralAndAdministrative": "136000000", "researchAndDevelopment": "14000000", "operatingExpenses": "207000000", "investmentIncomeNet": "None", "netInterestIncome": "None", "interestIncome": "None", "interestExpense": "58000000", "nonInterestIncome": "None", "otherNonOperatingIncome": "44000000", "depreciation": "None", "depreciationAndAmortization": "74000000", "incomeBeforeTax": "130000000", "incomeTaxExpense": "27000000", "interestAndDebtExpense": "None", "netIncomeFromContinuingOperations": "99000000", "comprehensiveIncomeNetOfTax": "None", "ebit": "188000000", "ebitda": "262000000", "netIncome": "58000000"}, {"fiscalDateEnding": "2010-09-30", "reportedCurrency": "USD", "grossProfit": "346000000", "totalRevenue": "1506000000", "costOfRevenue": "1160000000", "costofGoodsAndServicesSold": "1160000000", "operatingIncome": "221000000", "sellingGeneralAndAdministrative": "123000000", "researchAndDevelopment": "19000000", "operatingExpenses": "157000000", "investmentIncomeNet": "None", "netInterestIncome": "None", "interestIncome": "None", "interestExpense": "48000000", "nonInterestIncome": "None", "otherNonOperatingIncome": "34000000", "depreciation": "None", "depreciationAndAmortization": "67000000", "incomeBeforeTax": "191000000", "incomeTaxExpense": "44000000", "interestAndDebtExpense": "None", "netIncomeFromContinuingOperations": "147000000", "comprehensiveIncomeNetOfTax": "None", "ebit": "239000000", "ebitda": "306000000", "netIncome": "145000000"}, {"fiscalDateEnding": "2010-06-30", "reportedCurrency": "USD", "grossProfit": "303000000", "totalRevenue": "1517000000", "costOfRevenue": "1214000000", "costofGoodsAndServicesSold": "1214000000", "operatingIncome": "156000000", "sellingGeneralAndAdministrative": "123000000", "researchAndDevelopment": "18000000", "operatingExpenses": "147000000", "investmentIncomeNet": "None", "netInterestIncome": "None", "interestIncome": "None", "interestExpense": "49000000", "nonInterestIncome": "None", "otherNonOperatingIncome": "117000000", "depreciation": "None", "depreciationAndAmortization": "15000000", "incomeBeforeTax": "224000000", "incomeTaxExpense": "61000000", "interestAndDebtExpense": "None", "netIncomeFromContinuingOperations": "163000000", "comprehensiveIncomeNetOfTax": "None", "ebit": "202000000", "ebitda": "217000000", "netIncome": "160000000"}, {"fiscalDateEnding": "2010-03-31", "reportedCurrency": "USD", "grossProfit": "218000000", "totalRevenue": "1388000000", "costOfRevenue": "1170000000", "costofGoodsAndServicesSold": "1170000000", "operatingIncome": "-14000000", "sellingGeneralAndAdministrative": "123000000", "researchAndDevelopment": "19000000", "operatingExpenses": "157000000", "investmentIncomeNet": "None", "netInterestIncome": "None", "interestIncome": "None", "interestExpense": "49000000", "nonInterestIncome": "None", "otherNonOperatingIncome": "60000000", "depreciation": "None", "depreciationAndAmortization": "93000000", "incomeBeforeTax": "-3000000", "incomeTaxExpense": "-20000000", "interestAndDebtExpense": "None", "netIncomeFromContinuingOperations": "17000000", "comprehensiveIncomeNetOfTax": "None", "ebit": "42000000", "ebitda": "135000000", "netIncome": "18000000"}, {"fiscalDateEnding": "2009-12-31", "reportedCurrency": "USD", "grossProfit": "289000000", "totalRevenue": "1388000000", "costOfRevenue": "1099000000", "costofGoodsAndServicesSold": "1099000000", "operatingIncome": "109000000", "sellingGeneralAndAdministrative": "131000000", "researchAndDevelopment": "19000000", "operatingExpenses": "261000000", "investmentIncomeNet": "None", "netInterestIncome": "None", "interestIncome": "None", "interestExpense": "51000000", "nonInterestIncome": "None", "otherNonOperatingIncome": "None", "depreciation": "None", "depreciationAndAmortization": "77000000", "incomeBeforeTax": "86000000", "incomeTaxExpense": "85000000", "interestAndDebtExpense": "None", "netIncomeFromContinuingOperations": "0", "comprehensiveIncomeNetOfTax": "None", "ebit": "33000000", "ebitda": "110000000", "netIncome": "5000000"}, {"fiscalDateEnding": "2009-09-30", "reportedCurrency": "USD", "grossProfit": "266000000", "totalRevenue": "1304000000", "costOfRevenue": "1038000000", "costofGoodsAndServicesSold": "1038000000", "operatingIncome": "65000000", "sellingGeneralAndAdministrative": "110000000", "researchAndDevelopment": "18000000", "operatingExpenses": "148000000", "investmentIncomeNet": "None", "netInterestIncome": "None", "interestIncome": "None", "interestExpense": "51000000", "nonInterestIncome": "None", "otherNonOperatingIncome": "35000000", "depreciation": "None", "depreciationAndAmortization": "86000000", "incomeBeforeTax": "49000000", "incomeTaxExpense": "-350000000", "interestAndDebtExpense": "None", "netIncomeFromContinuingOperations": "399000000", "comprehensiveIncomeNetOfTax": "None", "ebit": "99000000", "ebitda": "185000000", "netIncome": "395000000"}, {"fiscalDateEnding": "2009-06-30", "reportedCurrency": "USD", "grossProfit": "248000000", "totalRevenue": "1244000000", "costOfRevenue": "996000000", "costofGoodsAndServicesSold": "996000000", "operatingIncome": "89000000", "sellingGeneralAndAdministrative": "114000000", "researchAndDevelopment": "18000000", "operatingExpenses": "153000000", "investmentIncomeNet": "None", "netInterestIncome": "None", "interestIncome": "None", "interestExpense": "54000000", "nonInterestIncome": "None", "otherNonOperatingIncome": "None", "depreciation": "None", "depreciationAndAmortization": "21000000", "incomeBeforeTax": "122000000", "incomeTaxExpense": "17000000", "interestAndDebtExpense": "None", "netIncomeFromContinuingOperations": "0", "comprehensiveIncomeNetOfTax": "None", "ebit": "124000000", "ebitda": "145000000", "netIncome": "107000000"}, {"fiscalDateEnding": "2009-03-31", "reportedCurrency": "USD", "grossProfit": "200000000", "totalRevenue": "1146000000", "costOfRevenue": "946000000", "costofGoodsAndServicesSold": "946000000", "operatingIncome": "27000000", "sellingGeneralAndAdministrative": "114000000", "researchAndDevelopment": "20000000", "operatingExpenses": "151000000", "investmentIncomeNet": "None", "netInterestIncome": "None", "interestIncome": "None", "interestExpense": "51000000", "nonInterestIncome": "None", "otherNonOperatingIncome": "None", "depreciation": "None", "depreciationAndAmortization": "74000000", "incomeBeforeTax": "-16000000", "incomeTaxExpense": "5000000", "interestAndDebtExpense": "None", "netIncomeFromContinuingOperations": "0", "comprehensiveIncomeNetOfTax": "None", "ebit": "35000000", "ebitda": "109000000", "netIncome": "-20000000"}, {"fiscalDateEnding": "2008-12-31", "reportedCurrency": "USD", "grossProfit": "109000000", "totalRevenue": "1286000000", "costOfRevenue": "1177000000", "costofGoodsAndServicesSold": "1177000000", "operatingIncome": "-152000000", "sellingGeneralAndAdministrative": "124000000", "researchAndDevelopment": "21000000", "operatingExpenses": "296000000", "investmentIncomeNet": "None", "netInterestIncome": "None", "interestIncome": "None", "interestExpense": "261000000", "nonInterestIncome": "None", "otherNonOperatingIncome": "None", "depreciation": "None", "depreciationAndAmortization": "88000000", "incomeBeforeTax": "-183000000", "incomeTaxExpense": "-43000000", "interestAndDebtExpense": "None", "netIncomeFromContinuingOperations": "0", "comprehensiveIncomeNetOfTax": "None", "ebit": "-187000000", "ebitda": "-99000000", "netIncome": "-155000000"}, {"fiscalDateEnding": "2008-09-30", "reportedCurrency": "USD", "grossProfit": "333000000", "totalRevenue": "1823000000", "costOfRevenue": "1490000000", "costofGoodsAndServicesSold": "1490000000", "operatingIncome": "151000000", "sellingGeneralAndAdministrative": "142000000", "researchAndDevelopment": "18000000", "operatingExpenses": "170000000", "investmentIncomeNet": "None", "netInterestIncome": "None", "interestIncome": "None", "interestExpense": "65000000", "nonInterestIncome": "None", "otherNonOperatingIncome": "None", "depreciation": "None", "depreciationAndAmortization": "94000000", "incomeBeforeTax": "152000000", "incomeTaxExpense": "-12000000", "interestAndDebtExpense": "None", "netIncomeFromContinuingOperations": "0", "comprehensiveIncomeNetOfTax": "None", "ebit": "163000000", "ebitda": "257000000", "netIncome": "155000000"}, {"fiscalDateEnding": "2008-06-30", "reportedCurrency": "USD", "grossProfit": "396000000", "totalRevenue": "1868000000", "costOfRevenue": "1472000000", "costofGoodsAndServicesSold": "1472000000", "operatingIncome": "207000000", "sellingGeneralAndAdministrative": "138000000", "researchAndDevelopment": "18000000", "operatingExpenses": "189000000", "investmentIncomeNet": "None", "netInterestIncome": "None", "interestIncome": "None", "interestExpense": "63000000", "nonInterestIncome": "None", "otherNonOperatingIncome": "None", "depreciation": "None", "depreciationAndAmortization": "92000000", "incomeBeforeTax": "247000000", "incomeTaxExpense": "45000000", "interestAndDebtExpense": "None", "netIncomeFromContinuingOperations": "0", "comprehensiveIncomeNetOfTax": "None", "ebit": "115000000", "ebitda": "207000000", "netIncome": "132000000"}, {"fiscalDateEnding": "2008-03-31", "reportedCurrency": "USD", "grossProfit": "418000000", "totalRevenue": "1846000000", "costOfRevenue": "1428000000", "costofGoodsAndServicesSold": "1428000000", "operatingIncome": "234000000", "sellingGeneralAndAdministrative": "136000000", "researchAndDevelopment": "23000000", "operatingExpenses": "168000000", "investmentIncomeNet": "None", "netInterestIncome": "None", "interestIncome": "None", "interestExpense": "67000000", "nonInterestIncome": "None", "otherNonOperatingIncome": "None", "depreciation": "None", "depreciationAndAmortization": "86000000", "incomeBeforeTax": "218000000", "incomeTaxExpense": "73000000", "interestAndDebtExpense": "None", "netIncomeFromContinuingOperations": "0", "comprehensiveIncomeNetOfTax": "None", "ebit": "285000000", "ebitda": "371000000", "netIncome": "142000000"}, {"fiscalDateEnding": "2007-12-31", "reportedCurrency": "USD", "grossProfit": "412000000", "totalRevenue": "1760000000", "costOfRevenue": "1348000000", "costofGoodsAndServicesSold": "1348000000", "operatingIncome": "324000000", "sellingGeneralAndAdministrative": "145000000", "researchAndDevelopment": "19000000", "operatingExpenses": "114000000", "investmentIncomeNet": "None", "netInterestIncome": "None", "interestIncome": "None", "interestExpense": "262000000", "nonInterestIncome": "None", "otherNonOperatingIncome": "None", "depreciation": "None", "depreciationAndAmortization": "73000000", "incomeBeforeTax": "313000000", "incomeTaxExpense": "104000000", "interestAndDebtExpense": "None", "netIncomeFromContinuingOperations": "0", "comprehensiveIncomeNetOfTax": "None", "ebit": "298000000", "ebitda": "371000000", "netIncome": "211000000"}, {"fiscalDateEnding": "2007-09-30", "reportedCurrency": "USD", "grossProfit": "337000000", "totalRevenue": "1573000000", "costOfRevenue": "1236000000", "costofGoodsAndServicesSold": "1236000000", "operatingIncome": "147000000", "sellingGeneralAndAdministrative": "133000000", "researchAndDevelopment": "18000000", "operatingExpenses": "184000000", "investmentIncomeNet": "None", "netInterestIncome": "None", "interestIncome": "None", "interestExpense": "63000000", "nonInterestIncome": "None", "otherNonOperatingIncome": "None", "depreciation": "None", "depreciationAndAmortization": "80000000", "incomeBeforeTax": "131000000", "incomeTaxExpense": "1000000", "interestAndDebtExpense": "None", "netIncomeFromContinuingOperations": "0", "comprehensiveIncomeNetOfTax": "None", "ebit": "153000000", "ebitda": "233000000", "netIncome": "126000000"}, {"fiscalDateEnding": "2007-06-30", "reportedCurrency": "USD", "grossProfit": "337000000", "totalRevenue": "1556000000", "costOfRevenue": "1219000000", "costofGoodsAndServicesSold": "1219000000", "operatingIncome": "71000000", "sellingGeneralAndAdministrative": "122000000", "researchAndDevelopment": "19000000", "operatingExpenses": "164000000", "investmentIncomeNet": "None", "netInterestIncome": "None", "interestIncome": "None", "interestExpense": "61000000", "nonInterestIncome": "None", "otherNonOperatingIncome": "None", "depreciation": "None", "depreciationAndAmortization": "77000000", "incomeBeforeTax": "168000000", "incomeTaxExpense": "-44000000", "interestAndDebtExpense": "None", "netIncomeFromContinuingOperations": "0", "comprehensiveIncomeNetOfTax": "None", "ebit": "173000000", "ebitda": "250000000", "netIncome": "-117000000"}, {"fiscalDateEnding": "2007-03-31", "reportedCurrency": "USD", "grossProfit": "391000000", "totalRevenue": "1631000000", "costOfRevenue": "1240000000", "costofGoodsAndServicesSold": "1240000000", "operatingIncome": "239000000", "sellingGeneralAndAdministrative": "116000000", "researchAndDevelopment": "17000000", "operatingExpenses": "152000000", "investmentIncomeNet": "None", "netInterestIncome": "None", "interestIncome": "None", "interestExpense": "72000000", "nonInterestIncome": "None", "otherNonOperatingIncome": "None", "depreciation": "None", "depreciationAndAmortization": "81000000", "incomeBeforeTax": "204000000", "incomeTaxExpense": "60000000", "interestAndDebtExpense": "None", "netIncomeFromContinuingOperations": "0", "comprehensiveIncomeNetOfTax": "None", "ebit": "206000000", "ebitda": "287000000", "netIncome": "199000000"}, {"fiscalDateEnding": "2006-12-31", "reportedCurrency": "USD", "grossProfit": "358000000", "totalRevenue": "1656000000", "costOfRevenue": "1298000000", "costofGoodsAndServicesSold": "1298000000", "operatingIncome": "185000000", "sellingGeneralAndAdministrative": "86000000", "researchAndDevelopment": "18000000", "operatingExpenses": "173000000", "investmentIncomeNet": "None", "netInterestIncome": "None", "interestIncome": "None", "interestExpense": "294000000", "nonInterestIncome": "None", "otherNonOperatingIncome": "None", "depreciation": "None", "depreciationAndAmortization": "75000000", "incomeBeforeTax": "174000000", "incomeTaxExpense": "94000000", "interestAndDebtExpense": "None", "netIncomeFromContinuingOperations": "0", "comprehensiveIncomeNetOfTax": "None", "ebit": "185000000", "ebitda": "260000000", "netIncome": "75000000"}, {"fiscalDateEnding": "2006-09-30", "reportedCurrency": "USD", "grossProfit": "367000000", "totalRevenue": "1685000000", "costOfRevenue": "1318000000", "costofGoodsAndServicesSold": "1318000000", "operatingIncome": "200000000", "sellingGeneralAndAdministrative": "147000000", "researchAndDevelopment": "16000000", "operatingExpenses": "167000000", "investmentIncomeNet": "None", "netInterestIncome": "None", "interestIncome": "None", "interestExpense": "74000000", "nonInterestIncome": "None", "otherNonOperatingIncome": "None", "depreciation": "None", "depreciationAndAmortization": "73000000", "incomeBeforeTax": "181000000", "incomeTaxExpense": "72000000", "interestAndDebtExpense": "None", "netIncomeFromContinuingOperations": "0", "comprehensiveIncomeNetOfTax": "None", "ebit": "181000000", "ebitda": "254000000", "netIncome": "106000000"}, {"fiscalDateEnding": "2006-06-30", "reportedCurrency": "USD", "grossProfit": "348000000", "totalRevenue": "1674000000", "costOfRevenue": "1326000000", "costofGoodsAndServicesSold": "1326000000", "operatingIncome": "163000000", "sellingGeneralAndAdministrative": "153000000", "researchAndDevelopment": "18000000", "operatingExpenses": "171000000", "investmentIncomeNet": "None", "netInterestIncome": "None", "interestIncome": "None", "interestExpense": "73000000", "nonInterestIncome": "None", "otherNonOperatingIncome": "None", "depreciation": "None", "depreciationAndAmortization": "75000000", "incomeBeforeTax": "146000000", "incomeTaxExpense": "42000000", "interestAndDebtExpense": "None", "netIncomeFromContinuingOperations": "0", "comprehensiveIncomeNetOfTax": "None", "ebit": "88000000", "ebitda": "163000000", "netIncome": "101000000"}, {"fiscalDateEnding": "2006-03-31", "reportedCurrency": "USD", "grossProfit": "367000000", "totalRevenue": "1652000000", "costOfRevenue": "1285000000", "costofGoodsAndServicesSold": "1285000000", "operatingIncome": "197000000", "sellingGeneralAndAdministrative": "152000000", "researchAndDevelopment": "18000000", "operatingExpenses": "169000000", "investmentIncomeNet": "None", "netInterestIncome": "None", "interestIncome": "None", "interestExpense": "71000000", "nonInterestIncome": "None", "otherNonOperatingIncome": "None", "depreciation": "None", "depreciationAndAmortization": "73000000", "incomeBeforeTax": "161000000", "incomeTaxExpense": "45000000", "interestAndDebtExpense": "None", "netIncomeFromContinuingOperations": "0", "comprehensiveIncomeNetOfTax": "None", "ebit": "169000000", "ebitda": "242000000", "netIncome": "114000000"}, {"fiscalDateEnding": "2005-12-31", "reportedCurrency": "USD", "grossProfit": "288000000", "totalRevenue": "1508000000", "costOfRevenue": "1220000000", "costofGoodsAndServicesSold": "1220000000", "operatingIncome": "151000000", "sellingGeneralAndAdministrative": "121000000", "researchAndDevelopment": "23000000", "operatingExpenses": "123000000", "investmentIncomeNet": "None", "netInterestIncome": "None", "interestIncome": "None", "interestExpense": "71000000", "nonInterestIncome": "None", "otherNonOperatingIncome": "None", "depreciation": "None", "depreciationAndAmortization": "89000000", "incomeBeforeTax": "142000000", "incomeTaxExpense": "-20000000", "interestAndDebtExpense": "None", "netIncomeFromContinuingOperations": "0", "comprehensiveIncomeNetOfTax": "None", "ebit": "165000000", "ebitda": "254000000", "netIncome": "172000000"}, {"fiscalDateEnding": "2005-09-30", "reportedCurrency": "USD", "grossProfit": "283000000", "totalRevenue": "1536000000", "costOfRevenue": "1253000000", "costofGoodsAndServicesSold": "1253000000", "operatingIncome": "92000000", "sellingGeneralAndAdministrative": "144000000", "researchAndDevelopment": "22000000", "operatingExpenses": "167000000", "investmentIncomeNet": "None", "netInterestIncome": "None", "interestIncome": "None", "interestExpense": "72000000", "nonInterestIncome": "None", "otherNonOperatingIncome": "None", "depreciation": "None", "depreciationAndAmortization": "73000000", "incomeBeforeTax": "74000000", "incomeTaxExpense": "26000000", "interestAndDebtExpense": "None", "netIncomeFromContinuingOperations": "0", "comprehensiveIncomeNetOfTax": "None", "ebit": "119000000", "ebitda": "192000000", "netIncome": "42000000"}]}