{"symbol": "ADXN", "annualReports": [{"fiscalDateEnding": "2024-12-31", "reportedCurrency": "CHF", "grossProfit": "404102", "totalRevenue": "404102", "costOfRevenue": "854305", "costofGoodsAndServicesSold": "854305", "operatingIncome": "-2755233", "sellingGeneralAndAdministrative": "1675176", "researchAndDevelopment": "435189", "operatingExpenses": "3159335", "investmentIncomeNet": "None", "netInterestIncome": "5618", "interestIncome": "9165", "interestExpense": "3547", "nonInterestIncome": "None", "otherNonOperatingIncome": "None", "depreciation": "None", "depreciationAndAmortization": "260120", "incomeBeforeTax": "-4909342", "incomeTaxExpense": "None", "interestAndDebtExpense": "None", "netIncomeFromContinuingOperations": "-4909342", "comprehensiveIncomeNetOfTax": "None", "ebit": "-4905795", "ebitda": "-4645675", "netIncome": "7055787"}, {"fiscalDateEnding": "2023-12-31", "reportedCurrency": "CHF", "grossProfit": "1612953", "totalRevenue": "1612953", "costOfRevenue": "6935486", "costofGoodsAndServicesSold": "6935486", "operatingIncome": "-2242967", "sellingGeneralAndAdministrative": "2030961", "researchAndDevelopment": "942714", "operatingExpenses": "3855920", "investmentIncomeNet": "None", "netInterestIncome": "42357", "interestIncome": "63964", "interestExpense": "21607", "nonInterestIncome": "None", "otherNonOperatingIncome": "None", "depreciation": "None", "depreciationAndAmortization": "305952", "incomeBeforeTax": "-2500153", "incomeTaxExpense": "21607", "interestAndDebtExpense": "None", "netIncomeFromContinuingOperations": "-10556227", "comprehensiveIncomeNetOfTax": "None", "ebit": "-2496288", "ebitda": "-2190336", "netIncome": "-10556227"}, {"fiscalDateEnding": "2022-12-31", "reportedCurrency": "CHF", "grossProfit": "1422438", "totalRevenue": "1422438", "costOfRevenue": "14623462", "costofGoodsAndServicesSold": "14623462", "operatingIncome": "-10540901", "sellingGeneralAndAdministrative": "3262024", "researchAndDevelopment": "7883522", "operatingExpenses": "11963339", "investmentIncomeNet": "None", "netInterestIncome": "-19646", "interestIncome": "29251", "interestExpense": "48897", "nonInterestIncome": "None", "otherNonOperatingIncome": "None", "depreciation": "None", "depreciationAndAmortization": "323144", "incomeBeforeTax": "-10803956", "incomeTaxExpense": "123910", "interestAndDebtExpense": "None", "netIncomeFromContinuingOperations": "-20804213", "comprehensiveIncomeNetOfTax": "None", "ebit": "-10776010", "ebitda": "-10452866", "netIncome": "-20804213"}, {"fiscalDateEnding": "2021-12-31", "reportedCurrency": "CHF", "grossProfit": "2916308", "totalRevenue": "2916308", "costOfRevenue": "12818540", "costofGoodsAndServicesSold": "12818540", "operatingIncome": "-15505917", "sellingGeneralAndAdministrative": "7746266", "researchAndDevelopment": "9014083", "operatingExpenses": "18422225", "investmentIncomeNet": "None", "netInterestIncome": "-57690", "interestIncome": "5322", "interestExpense": "63012", "nonInterestIncome": "None", "otherNonOperatingIncome": "None", "depreciation": "None", "depreciationAndAmortization": "347613", "incomeBeforeTax": "-15351914", "incomeTaxExpense": "116377", "interestAndDebtExpense": "None", "netIncomeFromContinuingOperations": "-15351914", "comprehensiveIncomeNetOfTax": "None", "ebit": "-15288902", "ebitda": "-14941289", "netIncome": "-15351914"}, {"fiscalDateEnding": "2020-12-31", "reportedCurrency": "CHF", "grossProfit": "3612819", "totalRevenue": "3612819", "costOfRevenue": "10373200", "costofGoodsAndServicesSold": "10373200", "operatingIncome": "-12243274", "sellingGeneralAndAdministrative": "5749217", "researchAndDevelopment": "10373200", "operatingExpenses": "15856093", "investmentIncomeNet": "None", "netInterestIncome": "-34197", "interestIncome": "35305", "interestExpense": "69502", "nonInterestIncome": "None", "otherNonOperatingIncome": "None", "depreciation": "None", "depreciationAndAmortization": "378754", "incomeBeforeTax": "-12858599", "incomeTaxExpense": "207762", "interestAndDebtExpense": "None", "netIncomeFromContinuingOperations": "-12858599", "comprehensiveIncomeNetOfTax": "None", "ebit": "-12789097", "ebitda": "-12410343", "netIncome": "-12858599"}, {"fiscalDateEnding": "2019-12-31", "reportedCurrency": "CHF", "grossProfit": "2532733", "totalRevenue": "2762830", "costOfRevenue": "230097", "costofGoodsAndServicesSold": "230097", "operatingIncome": "-14604157", "sellingGeneralAndAdministrative": "4309000", "researchAndDevelopment": "12453876", "operatingExpenses": "17136890", "investmentIncomeNet": "None", "netInterestIncome": "-91644", "interestIncome": "176450", "interestExpense": "128518", "nonInterestIncome": "None", "otherNonOperatingIncome": "None", "depreciation": "None", "depreciationAndAmortization": "333844", "incomeBeforeTax": "-14780604", "incomeTaxExpense": "429009", "interestAndDebtExpense": "None", "netIncomeFromContinuingOperations": "-14780604", "comprehensiveIncomeNetOfTax": "None", "ebit": "-14652086", "ebitda": "-14318242", "netIncome": "-14780604"}, {"fiscalDateEnding": "2018-12-31", "reportedCurrency": "CHF", "grossProfit": "5899686", "totalRevenue": "6043855", "costOfRevenue": "144169", "costofGoodsAndServicesSold": "144169", "operatingIncome": "-1424625", "sellingGeneralAndAdministrative": "4717030", "researchAndDevelopment": "2368457", "operatingExpenses": "7468480", "investmentIncomeNet": "None", "netInterestIncome": "-220173", "interestIncome": "220180", "interestExpense": "220173", "nonInterestIncome": "None", "otherNonOperatingIncome": "None", "depreciation": "None", "depreciationAndAmortization": "2937", "incomeBeforeTax": "-1644798", "incomeTaxExpense": "1", "interestAndDebtExpense": "None", "netIncomeFromContinuingOperations": "-1644798", "comprehensiveIncomeNetOfTax": "None", "ebit": "-1510491", "ebitda": "-1507554", "netIncome": "-1644798"}, {"fiscalDateEnding": "2017-12-31", "reportedCurrency": "CHF", "grossProfit": "470130", "totalRevenue": "499894", "costOfRevenue": "29764", "costofGoodsAndServicesSold": "29764", "operatingIncome": "-3235056", "sellingGeneralAndAdministrative": "2196079", "researchAndDevelopment": "841308", "operatingExpenses": "3235056", "investmentIncomeNet": "None", "netInterestIncome": "-45350", "interestIncome": "45350", "interestExpense": "45350", "nonInterestIncome": "None", "otherNonOperatingIncome": "None", "depreciation": "None", "depreciationAndAmortization": "15249", "incomeBeforeTax": "-3280406", "incomeTaxExpense": "None", "interestAndDebtExpense": "None", "netIncomeFromContinuingOperations": "-3280406", "comprehensiveIncomeNetOfTax": "None", "ebit": "-3235056", "ebitda": "-3219807", "netIncome": "-3280406"}, {"fiscalDateEnding": "2016-12-31", "reportedCurrency": "CHF", "grossProfit": "-407586", "totalRevenue": "17329", "costOfRevenue": "17329", "costofGoodsAndServicesSold": "17329", "operatingIncome": "-3129597", "sellingGeneralAndAdministrative": "1522346", "researchAndDevelopment": "819330", "operatingExpenses": "3141378", "investmentIncomeNet": "None", "netInterestIncome": "-6897", "interestIncome": "19790", "interestExpense": "6924", "nonInterestIncome": "None", "otherNonOperatingIncome": "None", "depreciation": "None", "depreciationAndAmortization": "25761", "incomeBeforeTax": "-3149386", "incomeTaxExpense": "6924", "interestAndDebtExpense": "None", "netIncomeFromContinuingOperations": "-3149386", "comprehensiveIncomeNetOfTax": "None", "ebit": "-3141351", "ebitda": "-3115590", "netIncome": "-3149386"}, {"fiscalDateEnding": "2015-12-31", "reportedCurrency": "CHF", "grossProfit": "30044.91", "totalRevenue": "40301", "costOfRevenue": "40301", "costofGoodsAndServicesSold": "40301", "operatingIncome": "-3867945", "sellingGeneralAndAdministrative": "1567774", "researchAndDevelopment": "761217", "operatingExpenses": "2640814", "investmentIncomeNet": "None", "netInterestIncome": "None", "interestIncome": "144200", "interestExpense": "152210", "nonInterestIncome": "None", "otherNonOperatingIncome": "0", "depreciation": "None", "depreciationAndAmortization": "25878", "incomeBeforeTax": "-4204213", "incomeTaxExpense": "152210", "interestAndDebtExpense": "None", "netIncomeFromContinuingOperations": "-4195402.65", "comprehensiveIncomeNetOfTax": "None", "ebit": "-2640814", "ebitda": "-2614936", "netIncome": "-4204213"}, {"fiscalDateEnding": "2014-12-31", "reportedCurrency": "CHF", "grossProfit": "0", "totalRevenue": "85404", "costOfRevenue": "85404", "costofGoodsAndServicesSold": "85404", "operatingIncome": "-1796636", "sellingGeneralAndAdministrative": "1547919", "researchAndDevelopment": "258058", "operatingExpenses": "1796536", "investmentIncomeNet": "None", "netInterestIncome": "None", "interestIncome": "None", "interestExpense": "0", "nonInterestIncome": "None", "otherNonOperatingIncome": "0", "depreciation": "None", "depreciationAndAmortization": "110135", "incomeBeforeTax": "-1774858", "incomeTaxExpense": "-21678", "interestAndDebtExpense": "None", "netIncomeFromContinuingOperations": "0", "comprehensiveIncomeNetOfTax": "None", "ebit": "-1816728", "ebitda": "-1706593", "netIncome": "-1774858"}, {"fiscalDateEnding": "2013-12-31", "reportedCurrency": "CHF", "grossProfit": "None", "totalRevenue": "91760", "costOfRevenue": "91760", "costofGoodsAndServicesSold": "91760", "operatingIncome": "-14458595", "sellingGeneralAndAdministrative": "6468723", "researchAndDevelopment": "2220131", "operatingExpenses": "14458595", "investmentIncomeNet": "None", "netInterestIncome": "None", "interestIncome": "None", "interestExpense": "0", "nonInterestIncome": "None", "otherNonOperatingIncome": "None", "depreciation": "None", "depreciationAndAmortization": "662549", "incomeBeforeTax": "-14461828", "incomeTaxExpense": "3233", "interestAndDebtExpense": "None", "netIncomeFromContinuingOperations": "None", "comprehensiveIncomeNetOfTax": "None", "ebit": "-14451228", "ebitda": "-13788679", "netIncome": "-14461828"}, {"fiscalDateEnding": "2012-12-31", "reportedCurrency": "CHF", "grossProfit": "-1148098", "totalRevenue": "121089", "costOfRevenue": "1269187", "costofGoodsAndServicesSold": "1269187", "operatingIncome": "-27010414", "sellingGeneralAndAdministrative": "12853583", "researchAndDevelopment": "4755956", "operatingExpenses": "27010414", "investmentIncomeNet": "None", "netInterestIncome": "None", "interestIncome": "None", "interestExpense": "0", "nonInterestIncome": "None", "otherNonOperatingIncome": "None", "depreciation": "None", "depreciationAndAmortization": "2104420", "incomeBeforeTax": "-26611480", "incomeTaxExpense": "-398934", "interestAndDebtExpense": "None", "netIncomeFromContinuingOperations": "None", "comprehensiveIncomeNetOfTax": "None", "ebit": "-26979339", "ebitda": "-24874919", "netIncome": "-26611480"}, {"fiscalDateEnding": "2011-12-31", "reportedCurrency": "CHF", "grossProfit": "-25162198", "totalRevenue": "2823447", "costOfRevenue": "27985645", "costofGoodsAndServicesSold": "27985645", "operatingIncome": "-30973899", "sellingGeneralAndAdministrative": "6731247", "researchAndDevelopment": "4759157", "operatingExpenses": "5811701", "investmentIncomeNet": "None", "netInterestIncome": "None", "interestIncome": "None", "interestExpense": "239368", "nonInterestIncome": "None", "otherNonOperatingIncome": "None", "depreciation": "None", "depreciationAndAmortization": "2927636", "incomeBeforeTax": "-31141068", "incomeTaxExpense": "72199", "interestAndDebtExpense": "None", "netIncomeFromContinuingOperations": "None", "comprehensiveIncomeNetOfTax": "None", "ebit": "-30973899", "ebitda": "-28046263", "netIncome": "-31141068"}, {"fiscalDateEnding": "2010-12-31", "reportedCurrency": "CHF", "grossProfit": "-29189524", "totalRevenue": "1975265", "costOfRevenue": "31164789", "costofGoodsAndServicesSold": "31164789", "operatingIncome": "-33597789", "sellingGeneralAndAdministrative": "6433176", "researchAndDevelopment": "31164789", "operatingExpenses": "35573054", "investmentIncomeNet": "None", "netInterestIncome": "None", "interestIncome": "None", "interestExpense": "144812", "nonInterestIncome": "None", "otherNonOperatingIncome": "None", "depreciation": "None", "depreciationAndAmortization": "2941151", "incomeBeforeTax": "-33645347", "incomeTaxExpense": "97254", "interestAndDebtExpense": "None", "netIncomeFromContinuingOperations": "None", "comprehensiveIncomeNetOfTax": "None", "ebit": "-33500535", "ebitda": "-30559384", "netIncome": "-33645347"}, {"fiscalDateEnding": "2009-12-31", "reportedCurrency": "CHF", "grossProfit": "4090770", "totalRevenue": "4090770", "costOfRevenue": "None", "costofGoodsAndServicesSold": "None", "operatingIncome": "-43054253", "sellingGeneralAndAdministrative": "7596102", "researchAndDevelopment": "39961124", "operatingExpenses": "47557226", "investmentIncomeNet": "None", "netInterestIncome": "None", "interestIncome": "None", "interestExpense": "0", "nonInterestIncome": "None", "otherNonOperatingIncome": "None", "depreciation": "None", "depreciationAndAmortization": "2835639", "incomeBeforeTax": "42692124", "incomeTaxExpense": "171130625", "interestAndDebtExpense": "None", "netIncomeFromContinuingOperations": "None", "comprehensiveIncomeNetOfTax": "None", "ebit": "-42692124", "ebitda": "-39856485", "netIncome": "-42692124"}, {"fiscalDateEnding": "2008-12-31", "reportedCurrency": "CHF", "grossProfit": "26806842", "totalRevenue": "26806842", "costOfRevenue": "None", "costofGoodsAndServicesSold": "None", "operatingIncome": "-24871737", "sellingGeneralAndAdministrative": "7554239", "researchAndDevelopment": "44191671", "operatingExpenses": "51678579", "investmentIncomeNet": "None", "netInterestIncome": "None", "interestIncome": "None", "interestExpense": "501878", "nonInterestIncome": "None", "otherNonOperatingIncome": "None", "depreciation": "None", "depreciationAndAmortization": "2016429", "incomeBeforeTax": "-22066277", "incomeTaxExpense": "3307338", "interestAndDebtExpense": "None", "netIncomeFromContinuingOperations": "None", "comprehensiveIncomeNetOfTax": "None", "ebit": "-21564399", "ebitda": "-19547970", "netIncome": "-22066277"}, {"fiscalDateEnding": "2007-12-31", "reportedCurrency": "CHF", "grossProfit": "642961", "totalRevenue": "486930", "costOfRevenue": "-156031", "costofGoodsAndServicesSold": "-156031", "operatingIncome": "-37621560", "sellingGeneralAndAdministrative": "10767980", "researchAndDevelopment": "12209020", "operatingExpenses": "38108490", "investmentIncomeNet": "None", "netInterestIncome": "None", "interestIncome": "None", "interestExpense": "8540", "nonInterestIncome": "None", "otherNonOperatingIncome": "None", "depreciation": "None", "depreciationAndAmortization": "1802090", "incomeBeforeTax": "-35085760", "incomeTaxExpense": "2544340", "interestAndDebtExpense": "None", "netIncomeFromContinuingOperations": "None", "comprehensiveIncomeNetOfTax": "None", "ebit": "-35062086", "ebitda": "-33259996", "netIncome": "-35085760"}, {"fiscalDateEnding": "2006-12-31", "reportedCurrency": "CHF", "grossProfit": "4738970", "totalRevenue": "4738970", "costOfRevenue": "None", "costofGoodsAndServicesSold": "None", "operatingIncome": "-20900130", "sellingGeneralAndAdministrative": "None", "researchAndDevelopment": "9771350", "operatingExpenses": "25756100", "investmentIncomeNet": "None", "netInterestIncome": "None", "interestIncome": "None", "interestExpense": "30450", "nonInterestIncome": "None", "otherNonOperatingIncome": "None", "depreciation": "None", "depreciationAndAmortization": "2522150", "incomeBeforeTax": "-20544810", "incomeTaxExpense": "346910", "interestAndDebtExpense": "None", "netIncomeFromContinuingOperations": "None", "comprehensiveIncomeNetOfTax": "None", "ebit": "-20514360", "ebitda": "-17992210", "netIncome": "-20544810"}], "quarterlyReports": [{"fiscalDateEnding": "2025-09-30", "reportedCurrency": "CHF", "grossProfit": "29724", "totalRevenue": "29724", "costOfRevenue": "None", "costofGoodsAndServicesSold": "None", "operatingIncome": "-696175", "sellingGeneralAndAdministrative": "459919", "researchAndDevelopment": "85256", "operatingExpenses": "725899", "investmentIncomeNet": "None", "netInterestIncome": "-472", "interestIncome": "0", "interestExpense": "472", "nonInterestIncome": "None", "otherNonOperatingIncome": "None", "depreciation": "None", "depreciationAndAmortization": "2118", "incomeBeforeTax": "-1577231", "incomeTaxExpense": "None", "interestAndDebtExpense": "None", "netIncomeFromContinuingOperations": "-1577231", "comprehensiveIncomeNetOfTax": "None", "ebit": "-1576759", "ebitda": "-1574641", "netIncome": "-1577231"}, {"fiscalDateEnding": "2025-06-30", "reportedCurrency": "CHF", "grossProfit": "-198079", "totalRevenue": "36375", "costOfRevenue": "234454", "costofGoodsAndServicesSold": "234454", "operatingIncome": "-732898", "sellingGeneralAndAdministrative": "411956", "researchAndDevelopment": "68492", "operatingExpenses": "534819", "investmentIncomeNet": "None", "netInterestIncome": "-826", "interestIncome": "3", "interestExpense": "829", "nonInterestIncome": "None", "otherNonOperatingIncome": "None", "depreciation": "None", "depreciationAndAmortization": "2118", "incomeBeforeTax": "-1958912", "incomeTaxExpense": "None", "interestAndDebtExpense": "None", "netIncomeFromContinuingOperations": "-1958912", "comprehensiveIncomeNetOfTax": "None", "ebit": "-1958083", "ebitda": "-1955965", "netIncome": "-1841165"}, {"fiscalDateEnding": "2025-03-31", "reportedCurrency": "CHF", "grossProfit": "1508", "totalRevenue": "1508", "costOfRevenue": "156066", "costofGoodsAndServicesSold": "156066", "operatingIncome": "-606262", "sellingGeneralAndAdministrative": "448074", "researchAndDevelopment": "32583", "operatingExpenses": "606262", "investmentIncomeNet": "None", "netInterestIncome": "-548", "interestIncome": "None", "interestExpense": "548", "nonInterestIncome": "None", "otherNonOperatingIncome": "None", "depreciation": "None", "depreciationAndAmortization": "2118", "incomeBeforeTax": "-1472863", "incomeTaxExpense": "None", "interestAndDebtExpense": "None", "netIncomeFromContinuingOperations": "-1472863", "comprehensiveIncomeNetOfTax": "None", "ebit": "-1472315", "ebitda": "-1470197", "netIncome": "-1472863"}, {"fiscalDateEnding": "2024-12-31", "reportedCurrency": "CHF", "grossProfit": "None", "totalRevenue": "1508", "costOfRevenue": "None", "costofGoodsAndServicesSold": "None", "operatingIncome": "-445626", "sellingGeneralAndAdministrative": "260566", "researchAndDevelopment": "-6229", "operatingExpenses": "447134", "investmentIncomeNet": "None", "netInterestIncome": "-1501", "interestIncome": "-15", "interestExpense": "1486", "nonInterestIncome": "None", "otherNonOperatingIncome": "None", "depreciation": "None", "depreciationAndAmortization": "None", "incomeBeforeTax": "-1189831", "incomeTaxExpense": "None", "interestAndDebtExpense": "None", "netIncomeFromContinuingOperations": "-1189831", "comprehensiveIncomeNetOfTax": "None", "ebit": "-445626", "ebitda": "None", "netIncome": "-1205736"}, {"fiscalDateEnding": "2024-09-30", "reportedCurrency": "CHF", "grossProfit": "53837", "totalRevenue": "53837", "costOfRevenue": "None", "costofGoodsAndServicesSold": "None", "operatingIncome": "-622199", "sellingGeneralAndAdministrative": "337248", "researchAndDevelopment": "77847", "operatingExpenses": "676036", "investmentIncomeNet": "None", "netInterestIncome": "-484", "interestIncome": "102", "interestExpense": "586", "nonInterestIncome": "None", "otherNonOperatingIncome": "None", "depreciation": "None", "depreciationAndAmortization": "53575", "incomeBeforeTax": "-1527572", "incomeTaxExpense": "None", "interestAndDebtExpense": "None", "netIncomeFromContinuingOperations": "-1527572", "comprehensiveIncomeNetOfTax": "None", "ebit": "-1526986", "ebitda": "-1473411", "netIncome": "-1529972"}, {"fiscalDateEnding": "2024-06-30", "reportedCurrency": "CHF", "grossProfit": "115277", "totalRevenue": "115277", "costOfRevenue": "338317", "costofGoodsAndServicesSold": "338317", "operatingIncome": "-899316", "sellingGeneralAndAdministrative": "507166", "researchAndDevelopment": "184461", "operatingExpenses": "1014593", "investmentIncomeNet": "None", "netInterestIncome": "643", "interestIncome": "1507", "interestExpense": "864", "nonInterestIncome": "None", "otherNonOperatingIncome": "None", "depreciation": "None", "depreciationAndAmortization": "112382", "incomeBeforeTax": "-1456761", "incomeTaxExpense": "-14865278", "interestAndDebtExpense": "None", "netIncomeFromContinuingOperations": "-1456761", "comprehensiveIncomeNetOfTax": "None", "ebit": "-1455897", "ebitda": "-1343515", "netIncome": "12878632"}, {"fiscalDateEnding": "2024-03-31", "reportedCurrency": "CHF", "grossProfit": "233480", "totalRevenue": "233480", "costOfRevenue": "-90", "costofGoodsAndServicesSold": "-90", "operatingIncome": "-788092", "sellingGeneralAndAdministrative": "571741", "researchAndDevelopment": "179110", "operatingExpenses": "1021572", "investmentIncomeNet": "None", "netInterestIncome": "6960", "interestIncome": "7571", "interestExpense": "611", "nonInterestIncome": "None", "otherNonOperatingIncome": "None", "depreciation": "None", "depreciationAndAmortization": "70360", "incomeBeforeTax": "-735178", "incomeTaxExpense": "3087000", "interestAndDebtExpense": "None", "netIncomeFromContinuingOperations": "-735178", "comprehensiveIncomeNetOfTax": "None", "ebit": "-734567", "ebitda": "-664207", "netIncome": "-3087139"}, {"fiscalDateEnding": "2023-12-31", "reportedCurrency": "CHF", "grossProfit": "-1392899", "totalRevenue": "153451", "costOfRevenue": "1546350", "costofGoodsAndServicesSold": "1546350", "operatingIncome": "-2682411", "sellingGeneralAndAdministrative": "1703603", "researchAndDevelopment": "454305", "operatingExpenses": "2835978", "investmentIncomeNet": "None", "netInterestIncome": "4775", "interestIncome": "13131", "interestExpense": "8356", "nonInterestIncome": "None", "otherNonOperatingIncome": "None", "depreciation": "None", "depreciationAndAmortization": "79385", "incomeBeforeTax": "-2856836", "incomeTaxExpense": "8356", "interestAndDebtExpense": "None", "netIncomeFromContinuingOperations": "-2856836", "comprehensiveIncomeNetOfTax": "None", "ebit": "-2848480", "ebitda": "-2769095", "netIncome": "-2856836"}, {"fiscalDateEnding": "2023-09-30", "reportedCurrency": "CHF", "grossProfit": "327733", "totalRevenue": "327733", "costOfRevenue": "1810073", "costofGoodsAndServicesSold": "1810073", "operatingIncome": "-749238", "sellingGeneralAndAdministrative": "473988", "researchAndDevelopment": "421153", "operatingExpenses": "1076971", "investmentIncomeNet": "None", "netInterestIncome": "10155", "interestIncome": "13658", "interestExpense": "3503", "nonInterestIncome": "None", "otherNonOperatingIncome": "None", "depreciation": "None", "depreciationAndAmortization": "75381", "incomeBeforeTax": "-710736", "incomeTaxExpense": "3503", "interestAndDebtExpense": "None", "netIncomeFromContinuingOperations": "-2617070", "comprehensiveIncomeNetOfTax": "None", "ebit": "-710198", "ebitda": "-634817", "netIncome": "-2617070"}, {"fiscalDateEnding": "2023-06-30", "reportedCurrency": "CHF", "grossProfit": "630877", "totalRevenue": "630877", "costOfRevenue": "1875088", "costofGoodsAndServicesSold": "1875088", "operatingIncome": "-396182", "sellingGeneralAndAdministrative": "593037", "researchAndDevelopment": "229164", "operatingExpenses": "1027059", "investmentIncomeNet": "None", "netInterestIncome": "9521", "interestIncome": "13349", "interestExpense": "3828", "nonInterestIncome": "None", "otherNonOperatingIncome": "None", "depreciation": "None", "depreciationAndAmortization": "75407", "incomeBeforeTax": "-521396", "incomeTaxExpense": "3828", "interestAndDebtExpense": "None", "netIncomeFromContinuingOperations": "-2675152", "comprehensiveIncomeNetOfTax": "None", "ebit": "-520730", "ebitda": "-445323", "netIncome": "-2675152"}, {"fiscalDateEnding": "2023-03-31", "reportedCurrency": "CHF", "grossProfit": "500892", "totalRevenue": "500892", "costOfRevenue": "1703975", "costofGoodsAndServicesSold": "1703975", "operatingIncome": "-367656", "sellingGeneralAndAdministrative": "504753", "researchAndDevelopment": "199902", "operatingExpenses": "868548", "investmentIncomeNet": "None", "netInterestIncome": "17906", "interestIncome": "23826", "interestExpense": "609", "nonInterestIncome": "None", "otherNonOperatingIncome": "None", "depreciation": "None", "depreciationAndAmortization": "75779", "incomeBeforeTax": "-370009", "incomeTaxExpense": "58021", "interestAndDebtExpense": "None", "netIncomeFromContinuingOperations": "-2407169", "comprehensiveIncomeNetOfTax": "None", "ebit": "-369400", "ebitda": "-293621", "netIncome": "-2407169"}, {"fiscalDateEnding": "2022-12-31", "reportedCurrency": "CHF", "grossProfit": "592430", "totalRevenue": "592430", "costOfRevenue": "14623462", "costofGoodsAndServicesSold": "14623462", "operatingIncome": "-3498440", "sellingGeneralAndAdministrative": "240676", "researchAndDevelopment": "5743258", "operatingExpenses": "4090870", "investmentIncomeNet": "None", "netInterestIncome": "17580", "interestIncome": "25347", "interestExpense": "7767", "nonInterestIncome": "None", "otherNonOperatingIncome": "None", "depreciation": "None", "depreciationAndAmortization": "75648", "incomeBeforeTax": "-3651596", "incomeTaxExpense": "46115", "interestAndDebtExpense": "None", "netIncomeFromContinuingOperations": "-3651596", "comprehensiveIncomeNetOfTax": "None", "ebit": "-3643829", "ebitda": "-3568181", "netIncome": "-3651596"}, {"fiscalDateEnding": "2022-09-30", "reportedCurrency": "CHF", "grossProfit": "409417", "totalRevenue": "409417", "costOfRevenue": "2764684", "costofGoodsAndServicesSold": "2764684", "operatingIncome": "-4166967", "sellingGeneralAndAdministrative": "2390230", "researchAndDevelopment": "1737712", "operatingExpenses": "4576384", "investmentIncomeNet": "None", "netInterestIncome": "-2779", "interestIncome": "3605", "interestExpense": "6384", "nonInterestIncome": "None", "otherNonOperatingIncome": "None", "depreciation": "None", "depreciationAndAmortization": "77318", "incomeBeforeTax": "-4107630", "incomeTaxExpense": "53842", "interestAndDebtExpense": "None", "netIncomeFromContinuingOperations": "-4107630", "comprehensiveIncomeNetOfTax": "None", "ebit": "-4101246", "ebitda": "-4023928", "netIncome": "-4107630"}, {"fiscalDateEnding": "2022-06-30", "reportedCurrency": "CHF", "grossProfit": "183354", "totalRevenue": "183354", "costOfRevenue": "5747026", "costofGoodsAndServicesSold": "5747026", "operatingIncome": "-7092215", "sellingGeneralAndAdministrative": "2101931", "researchAndDevelopment": "4677306", "operatingExpenses": "7275569", "investmentIncomeNet": "None", "netInterestIncome": "-129037", "interestIncome": "205", "interestExpense": "12332", "nonInterestIncome": "None", "otherNonOperatingIncome": "None", "depreciation": "None", "depreciationAndAmortization": "83346", "incomeBeforeTax": "-7221252", "incomeTaxExpense": "205", "interestAndDebtExpense": "None", "netIncomeFromContinuingOperations": "-7221252", "comprehensiveIncomeNetOfTax": "None", "ebit": "-7208920", "ebitda": "-7125574", "netIncome": "-7221252"}, {"fiscalDateEnding": "2022-03-31", "reportedCurrency": "CHF", "grossProfit": "237237", "totalRevenue": "237237", "costOfRevenue": "3765447", "costofGoodsAndServicesSold": "3765447", "operatingIncome": "-5762585", "sellingGeneralAndAdministrative": "3048219", "researchAndDevelopment": "2507186", "operatingExpenses": "5999822", "investmentIncomeNet": "None", "netInterestIncome": "-61150", "interestIncome": "95", "interestExpense": "22414", "nonInterestIncome": "None", "otherNonOperatingIncome": "None", "depreciation": "None", "depreciationAndAmortization": "86832", "incomeBeforeTax": "-5823735", "incomeTaxExpense": "95", "interestAndDebtExpense": "None", "netIncomeFromContinuingOperations": "-5823735", "comprehensiveIncomeNetOfTax": "None", "ebit": "-5801321", "ebitda": "-5714489", "netIncome": "-5823735"}, {"fiscalDateEnding": "2021-12-31", "reportedCurrency": "CHF", "grossProfit": "397488", "totalRevenue": "397488", "costOfRevenue": "12818540", "costofGoodsAndServicesSold": "12818540", "operatingIncome": "-4275421", "sellingGeneralAndAdministrative": "497581", "researchAndDevelopment": "3498382", "operatingExpenses": "4672909", "investmentIncomeNet": "None", "netInterestIncome": "-8590", "interestIncome": "754", "interestExpense": "9344", "nonInterestIncome": "None", "otherNonOperatingIncome": "None", "depreciation": "None", "depreciationAndAmortization": "82966", "incomeBeforeTax": "-4423959", "incomeTaxExpense": "9344", "interestAndDebtExpense": "None", "netIncomeFromContinuingOperations": "-4423959", "comprehensiveIncomeNetOfTax": "None", "ebit": "-4414615", "ebitda": "-4331649", "netIncome": "-4423959"}, {"fiscalDateEnding": "2021-09-30", "reportedCurrency": "CHF", "grossProfit": "682002", "totalRevenue": "682002", "costOfRevenue": "12818540", "costofGoodsAndServicesSold": "12818540", "operatingIncome": "-3575831", "sellingGeneralAndAdministrative": "2053897", "researchAndDevelopment": "1805413", "operatingExpenses": "4257833", "investmentIncomeNet": "None", "netInterestIncome": "-8750", "interestIncome": "1239", "interestExpense": "9989", "nonInterestIncome": "None", "otherNonOperatingIncome": "None", "depreciation": "None", "depreciationAndAmortization": "87738", "incomeBeforeTax": "-3598193", "incomeTaxExpense": "9989", "interestAndDebtExpense": "None", "netIncomeFromContinuingOperations": "-3598193", "comprehensiveIncomeNetOfTax": "None", "ebit": "-3588204", "ebitda": "-3500466", "netIncome": "-3598193"}, {"fiscalDateEnding": "2021-06-30", "reportedCurrency": "CHF", "grossProfit": "992595", "totalRevenue": "992595", "costOfRevenue": "3731839", "costofGoodsAndServicesSold": "3731839", "operatingIncome": "-4506637", "sellingGeneralAndAdministrative": "1846678", "researchAndDevelopment": "3731839", "operatingExpenses": "5499232", "investmentIncomeNet": "None", "netInterestIncome": "-21222", "interestIncome": "1717", "interestExpense": "22939", "nonInterestIncome": "None", "otherNonOperatingIncome": "None", "depreciation": "None", "depreciationAndAmortization": "88264", "incomeBeforeTax": "-4690149", "incomeTaxExpense": "22939", "interestAndDebtExpense": "None", "netIncomeFromContinuingOperations": "-4690149", "comprehensiveIncomeNetOfTax": "None", "ebit": "-4667210", "ebitda": "-4578946", "netIncome": "-4690149"}, {"fiscalDateEnding": "2021-03-31", "reportedCurrency": "CHF", "grossProfit": "844223", "totalRevenue": "844223", "costOfRevenue": "2748043", "costofGoodsAndServicesSold": "2748043", "operatingIncome": "-3148028", "sellingGeneralAndAdministrative": "1322406", "researchAndDevelopment": "2748043", "operatingExpenses": "3992251", "investmentIncomeNet": "None", "netInterestIncome": "508415", "interestIncome": "529155", "interestExpense": "20740", "nonInterestIncome": "None", "otherNonOperatingIncome": "None", "depreciation": "None", "depreciationAndAmortization": "88645", "incomeBeforeTax": "-2639613", "incomeTaxExpense": "529155", "interestAndDebtExpense": "None", "netIncomeFromContinuingOperations": "-2639613", "comprehensiveIncomeNetOfTax": "None", "ebit": "-2618873", "ebitda": "-2530228", "netIncome": "-2639613"}, {"fiscalDateEnding": "2020-12-31", "reportedCurrency": "CHF", "grossProfit": "1820702", "totalRevenue": "1820702", "costOfRevenue": "2522657", "costofGoodsAndServicesSold": "2522657", "operatingIncome": "-1883658", "sellingGeneralAndAdministrative": "637050", "researchAndDevelopment": "5062583", "operatingExpenses": "3704360", "investmentIncomeNet": "None", "netInterestIncome": "-9018", "interestIncome": "1256", "interestExpense": "10274", "nonInterestIncome": "None", "otherNonOperatingIncome": "None", "depreciation": "None", "depreciationAndAmortization": "87077", "incomeBeforeTax": "-2124906", "incomeTaxExpense": "10274", "interestAndDebtExpense": "None", "netIncomeFromContinuingOperations": "-2124906", "comprehensiveIncomeNetOfTax": "None", "ebit": "-2114632", "ebitda": "-2027555", "netIncome": "-2124906"}, {"fiscalDateEnding": "2020-09-30", "reportedCurrency": "CHF", "grossProfit": "27264", "totalRevenue": "27264", "costOfRevenue": "1978955", "costofGoodsAndServicesSold": "1978955", "operatingIncome": "-3113032", "sellingGeneralAndAdministrative": "1236729", "researchAndDevelopment": "1978955", "operatingExpenses": "3140296", "investmentIncomeNet": "None", "netInterestIncome": "-11253", "interestIncome": "1280", "interestExpense": "12533", "nonInterestIncome": "None", "otherNonOperatingIncome": "None", "depreciation": "None", "depreciationAndAmortization": "99007", "incomeBeforeTax": "-3313034", "incomeTaxExpense": "12533", "interestAndDebtExpense": "None", "netIncomeFromContinuingOperations": "-3313034", "comprehensiveIncomeNetOfTax": "None", "ebit": "-3300501", "ebitda": "-3201494", "netIncome": "-3313034"}, {"fiscalDateEnding": "2020-06-30", "reportedCurrency": "CHF", "grossProfit": "860793", "totalRevenue": "860793", "costOfRevenue": "2318977", "costofGoodsAndServicesSold": "2318977", "operatingIncome": "-2973906", "sellingGeneralAndAdministrative": "1587283", "researchAndDevelopment": "2318977", "operatingExpenses": "3834699", "investmentIncomeNet": "None", "netInterestIncome": "-7293", "interestIncome": "10843", "interestExpense": "18136", "nonInterestIncome": "None", "otherNonOperatingIncome": "None", "depreciation": "None", "depreciationAndAmortization": "96514", "incomeBeforeTax": "-3114738", "incomeTaxExpense": "18136", "interestAndDebtExpense": "None", "netIncomeFromContinuingOperations": "-3114738", "comprehensiveIncomeNetOfTax": "None", "ebit": "-3096602", "ebitda": "-3000088", "netIncome": "-3114738"}, {"fiscalDateEnding": "2020-03-31", "reportedCurrency": "CHF", "grossProfit": "846322", "totalRevenue": "904060", "costOfRevenue": "57738", "costofGoodsAndServicesSold": "57738", "operatingIncome": "-4272678", "sellingGeneralAndAdministrative": "1672523", "researchAndDevelopment": "3552611", "operatingExpenses": "5119000", "investmentIncomeNet": "None", "netInterestIncome": "-6633", "interestIncome": "33240", "interestExpense": "55169", "nonInterestIncome": "None", "otherNonOperatingIncome": "None", "depreciation": "None", "depreciationAndAmortization": "96156", "incomeBeforeTax": "-4305921", "incomeTaxExpense": "28559", "interestAndDebtExpense": "None", "netIncomeFromContinuingOperations": "-4305921", "comprehensiveIncomeNetOfTax": "None", "ebit": "-4250752", "ebitda": "-4154596", "netIncome": "-4305921"}, {"fiscalDateEnding": "2019-12-31", "reportedCurrency": "CHF", "grossProfit": "None", "totalRevenue": "1040170", "costOfRevenue": "None", "costofGoodsAndServicesSold": "None", "operatingIncome": "-3354916", "sellingGeneralAndAdministrative": "799336", "researchAndDevelopment": "5865566", "operatingExpenses": "4395086", "investmentIncomeNet": "None", "netInterestIncome": "-215123", "interestIncome": "123440", "interestExpense": "28866", "nonInterestIncome": "None", "otherNonOperatingIncome": "None", "depreciation": "None", "depreciationAndAmortization": "96655", "incomeBeforeTax": "-3654788", "incomeTaxExpense": "None", "interestAndDebtExpense": "None", "netIncomeFromContinuingOperations": "-3654788", "comprehensiveIncomeNetOfTax": "None", "ebit": "-3354916", "ebitda": "-3258261", "netIncome": "-3654788"}, {"fiscalDateEnding": "2019-09-30", "reportedCurrency": "CHF", "grossProfit": "-2412223", "totalRevenue": "502359", "costOfRevenue": "2914582", "costofGoodsAndServicesSold": "2914582", "operatingIncome": "-3761669", "sellingGeneralAndAdministrative": "1766438", "researchAndDevelopment": "2169015", "operatingExpenses": "4264028", "investmentIncomeNet": "None", "netInterestIncome": "176482", "interestIncome": "202179", "interestExpense": "25697", "nonInterestIncome": "None", "otherNonOperatingIncome": "None", "depreciation": "None", "depreciationAndAmortization": "80396", "incomeBeforeTax": "-3585187", "incomeTaxExpense": "202179", "interestAndDebtExpense": "None", "netIncomeFromContinuingOperations": "-3585187", "comprehensiveIncomeNetOfTax": "None", "ebit": "-3559490", "ebitda": "-3479094", "netIncome": "-3585187"}, {"fiscalDateEnding": "2019-06-30", "reportedCurrency": "CHF", "grossProfit": "456821", "totalRevenue": "519433", "costOfRevenue": "62612", "costofGoodsAndServicesSold": "62612", "operatingIncome": "-4364020", "sellingGeneralAndAdministrative": "1478701", "researchAndDevelopment": "3410972", "operatingExpenses": "4883453", "investmentIncomeNet": "None", "netInterestIncome": "None", "interestIncome": "53010", "interestExpense": "33289", "nonInterestIncome": "None", "otherNonOperatingIncome": "None", "depreciation": "None", "depreciationAndAmortization": "80362", "incomeBeforeTax": "-4499827", "incomeTaxExpense": "33289", "interestAndDebtExpense": "None", "netIncomeFromContinuingOperations": "-3770315", "comprehensiveIncomeNetOfTax": "None", "ebit": "-4466538", "ebitda": "-4386176", "netIncome": "-4499827"}, {"fiscalDateEnding": "2019-03-31", "reportedCurrency": "CHF", "grossProfit": "660014", "totalRevenue": "700868", "costOfRevenue": "40854", "costofGoodsAndServicesSold": "40854", "operatingIncome": "-3123606", "sellingGeneralAndAdministrative": "1499029", "researchAndDevelopment": "1800026", "operatingExpenses": "3824474", "investmentIncomeNet": "None", "netInterestIncome": "None", "interestIncome": "None", "interestExpense": "40666", "nonInterestIncome": "None", "otherNonOperatingIncome": "None", "depreciation": "None", "depreciationAndAmortization": "76431", "incomeBeforeTax": "-3040802", "incomeTaxExpense": "40666", "interestAndDebtExpense": "None", "netIncomeFromContinuingOperations": "-3770315", "comprehensiveIncomeNetOfTax": "None", "ebit": "-3000136", "ebitda": "-2923705", "netIncome": "-3040802"}, {"fiscalDateEnding": "2018-12-31", "reportedCurrency": "CHF", "grossProfit": "-615851", "totalRevenue": "667611", "costOfRevenue": "1283462", "costofGoodsAndServicesSold": "1283462", "operatingIncome": "-1941270", "sellingGeneralAndAdministrative": "1146420", "researchAndDevelopment": "1417462", "operatingExpenses": "1341521", "investmentIncomeNet": "None", "netInterestIncome": "None", "interestIncome": "116530", "interestExpense": "42166", "nonInterestIncome": "None", "otherNonOperatingIncome": "0", "depreciation": "None", "depreciationAndAmortization": "1095", "incomeBeforeTax": "-1999538", "incomeTaxExpense": "0", "interestAndDebtExpense": "None", "netIncomeFromContinuingOperations": "-2037020.17", "comprehensiveIncomeNetOfTax": "None", "ebit": "-1941270", "ebitda": "-1940175", "netIncome": "-1999538"}, {"fiscalDateEnding": "2018-09-30", "reportedCurrency": "CHF", "grossProfit": "-749851", "totalRevenue": "667612", "costOfRevenue": "1417463", "costofGoodsAndServicesSold": "1417463", "operatingIncome": "-1941272", "sellingGeneralAndAdministrative": "1191420", "researchAndDevelopment": "1417463", "operatingExpenses": "1207520", "investmentIncomeNet": "None", "netInterestIncome": "None", "interestIncome": "None", "interestExpense": "42167", "nonInterestIncome": "None", "otherNonOperatingIncome": "None", "depreciation": "None", "depreciationAndAmortization": "1096", "incomeBeforeTax": "-1999539", "incomeTaxExpense": "None", "interestAndDebtExpense": "None", "netIncomeFromContinuingOperations": "-1999539", "comprehensiveIncomeNetOfTax": "None", "ebit": "-1941272", "ebitda": "-1940176", "netIncome": "-1999539"}, {"fiscalDateEnding": "2018-06-30", "reportedCurrency": "CHF", "grossProfit": "1641792", "totalRevenue": "2683725", "costOfRevenue": "1041933", "costofGoodsAndServicesSold": "1041933", "operatingIncome": "1228958", "sellingGeneralAndAdministrative": "412832", "researchAndDevelopment": "1041933", "operatingExpenses": "439665", "investmentIncomeNet": "None", "netInterestIncome": "None", "interestIncome": "103630", "interestExpense": "24987", "nonInterestIncome": "None", "otherNonOperatingIncome": "0", "depreciation": "None", "depreciationAndAmortization": "373", "incomeBeforeTax": "1177139", "incomeTaxExpense": "0", "interestAndDebtExpense": "None", "netIncomeFromContinuingOperations": "0", "comprehensiveIncomeNetOfTax": "None", "ebit": "1228958", "ebitda": "1229331", "netIncome": "1177139"}, {"fiscalDateEnding": "2018-03-31", "reportedCurrency": "USD", "grossProfit": "1641792", "totalRevenue": "2683725", "costOfRevenue": "1041933", "costofGoodsAndServicesSold": "1041933", "operatingIncome": "1228959", "sellingGeneralAndAdministrative": "412833", "researchAndDevelopment": "1041933", "operatingExpenses": "439663", "investmentIncomeNet": "None", "netInterestIncome": "None", "interestIncome": "None", "interestExpense": "24987", "nonInterestIncome": "None", "otherNonOperatingIncome": "None", "depreciation": "None", "depreciationAndAmortization": "373", "incomeBeforeTax": "1177140", "incomeTaxExpense": "None", "interestAndDebtExpense": "None", "netIncomeFromContinuingOperations": "None", "comprehensiveIncomeNetOfTax": "None", "ebit": "1228959", "ebitda": "1229332", "netIncome": "1177140"}, {"fiscalDateEnding": "2017-12-31", "reportedCurrency": "CHF", "grossProfit": "-603958", "totalRevenue": "136565", "costOfRevenue": "740523", "costofGoodsAndServicesSold": "740523", "operatingIncome": "-741617", "sellingGeneralAndAdministrative": "137660", "researchAndDevelopment": "740523", "operatingExpenses": "142572", "investmentIncomeNet": "None", "netInterestIncome": "None", "interestIncome": "None", "interestExpense": "86", "nonInterestIncome": "None", "otherNonOperatingIncome": "0", "depreciation": "None", "depreciationAndAmortization": "1287", "incomeBeforeTax": "-746617", "incomeTaxExpense": "0", "interestAndDebtExpense": "None", "netIncomeFromContinuingOperations": "0", "comprehensiveIncomeNetOfTax": "None", "ebit": "-741617", "ebitda": "-740330", "netIncome": "-746617"}, {"fiscalDateEnding": "2017-09-30", "reportedCurrency": "USD", "grossProfit": "-603958", "totalRevenue": "136565", "costOfRevenue": "740523", "costofGoodsAndServicesSold": "740523", "operatingIncome": "-741617", "sellingGeneralAndAdministrative": "137660", "researchAndDevelopment": "740523", "operatingExpenses": "142572", "investmentIncomeNet": "None", "netInterestIncome": "None", "interestIncome": "None", "interestExpense": "86", "nonInterestIncome": "None", "otherNonOperatingIncome": "None", "depreciation": "None", "depreciationAndAmortization": "1287", "incomeBeforeTax": "-746617", "incomeTaxExpense": "None", "interestAndDebtExpense": "None", "netIncomeFromContinuingOperations": "None", "comprehensiveIncomeNetOfTax": "None", "ebit": "-741617", "ebitda": "-740330", "netIncome": "-746617"}, {"fiscalDateEnding": "2017-06-30", "reportedCurrency": "CHF", "grossProfit": "-460546", "totalRevenue": "113382", "costOfRevenue": "573928", "costofGoodsAndServicesSold": "573928", "operatingIncome": "-875911", "sellingGeneralAndAdministrative": "415365", "researchAndDevelopment": "573928", "operatingExpenses": "433038", "investmentIncomeNet": "None", "netInterestIncome": "None", "interestIncome": "None", "interestExpense": "0", "nonInterestIncome": "None", "otherNonOperatingIncome": "0", "depreciation": "None", "depreciationAndAmortization": "6338", "incomeBeforeTax": "-893585", "incomeTaxExpense": "0", "interestAndDebtExpense": "None", "netIncomeFromContinuingOperations": "0", "comprehensiveIncomeNetOfTax": "None", "ebit": "-875911", "ebitda": "-869573", "netIncome": "-893585"}, {"fiscalDateEnding": "2017-03-31", "reportedCurrency": "USD", "grossProfit": "-460546", "totalRevenue": "113382", "costOfRevenue": "573928", "costofGoodsAndServicesSold": "573928", "operatingIncome": "-875911", "sellingGeneralAndAdministrative": "415365", "researchAndDevelopment": "573928", "operatingExpenses": "433040", "investmentIncomeNet": "None", "netInterestIncome": "None", "interestIncome": "None", "interestExpense": "None", "nonInterestIncome": "None", "otherNonOperatingIncome": "None", "depreciation": "None", "depreciationAndAmortization": "6338", "incomeBeforeTax": "-893586", "incomeTaxExpense": "None", "interestAndDebtExpense": "None", "netIncomeFromContinuingOperations": "None", "comprehensiveIncomeNetOfTax": "None", "ebit": "-875911", "ebitda": "-869573", "netIncome": "-893586"}, {"fiscalDateEnding": "2016-12-31", "reportedCurrency": "USD", "grossProfit": "-636320", "totalRevenue": "64126", "costOfRevenue": "700446", "costofGoodsAndServicesSold": "700446", "operatingIncome": "-823583", "sellingGeneralAndAdministrative": "187263", "researchAndDevelopment": "700446", "operatingExpenses": "192451", "investmentIncomeNet": "None", "netInterestIncome": "None", "interestIncome": "None", "interestExpense": "3463", "nonInterestIncome": "None", "otherNonOperatingIncome": "None", "depreciation": "None", "depreciationAndAmortization": "6616", "incomeBeforeTax": "-832234", "incomeTaxExpense": "None", "interestAndDebtExpense": "None", "netIncomeFromContinuingOperations": "None", "comprehensiveIncomeNetOfTax": "None", "ebit": "-823583", "ebitda": "-816967", "netIncome": "-832234"}, {"fiscalDateEnding": "2016-09-30", "reportedCurrency": "USD", "grossProfit": "-636320", "totalRevenue": "64126", "costOfRevenue": "700446", "costofGoodsAndServicesSold": "700446", "operatingIncome": "-823583", "sellingGeneralAndAdministrative": "187263", "researchAndDevelopment": "700446", "operatingExpenses": "192451", "investmentIncomeNet": "None", "netInterestIncome": "None", "interestIncome": "None", "interestExpense": "3463", "nonInterestIncome": "None", "otherNonOperatingIncome": "None", "depreciation": "None", "depreciationAndAmortization": "6616", "incomeBeforeTax": "-832234", "incomeTaxExpense": "None", "interestAndDebtExpense": "None", "netIncomeFromContinuingOperations": "None", "comprehensiveIncomeNetOfTax": "None", "ebit": "-823583", "ebitda": "-816967", "netIncome": "-832234"}, {"fiscalDateEnding": "2016-06-30", "reportedCurrency": "USD", "grossProfit": "-388515", "totalRevenue": "141746", "costOfRevenue": "530261", "costofGoodsAndServicesSold": "530261", "operatingIncome": "-741216", "sellingGeneralAndAdministrative": "352701", "researchAndDevelopment": "530261", "operatingExpenses": "353956", "investmentIncomeNet": "None", "netInterestIncome": "None", "interestIncome": "None", "interestExpense": "None", "nonInterestIncome": "None", "otherNonOperatingIncome": "None", "depreciation": "None", "depreciationAndAmortization": "6265", "incomeBeforeTax": "-742458", "incomeTaxExpense": "None", "interestAndDebtExpense": "None", "netIncomeFromContinuingOperations": "None", "comprehensiveIncomeNetOfTax": "None", "ebit": "-741216", "ebitda": "-734951", "netIncome": "-742458"}, {"fiscalDateEnding": "2016-03-31", "reportedCurrency": "USD", "grossProfit": "-388515", "totalRevenue": "141746", "costOfRevenue": "530261", "costofGoodsAndServicesSold": "530261", "operatingIncome": "-741216", "sellingGeneralAndAdministrative": "352701", "researchAndDevelopment": "530261", "operatingExpenses": "353957", "investmentIncomeNet": "None", "netInterestIncome": "None", "interestIncome": "None", "interestExpense": "None", "nonInterestIncome": "None", "otherNonOperatingIncome": "None", "depreciation": "None", "depreciationAndAmortization": "6265", "incomeBeforeTax": "-742459", "incomeTaxExpense": "None", "interestAndDebtExpense": "None", "netIncomeFromContinuingOperations": "None", "comprehensiveIncomeNetOfTax": "None", "ebit": "-741216", "ebitda": "-734951", "netIncome": "-742459"}, {"fiscalDateEnding": "2015-12-31", "reportedCurrency": "USD", "grossProfit": "-64371", "totalRevenue": "350912", "costOfRevenue": "415283", "costofGoodsAndServicesSold": "415283", "operatingIncome": "-530245", "sellingGeneralAndAdministrative": "465875", "researchAndDevelopment": "415283", "operatingExpenses": "525027", "investmentIncomeNet": "None", "netInterestIncome": "None", "interestIncome": "None", "interestExpense": "96012", "nonInterestIncome": "None", "otherNonOperatingIncome": "None", "depreciation": "None", "depreciationAndAmortization": "3166", "incomeBeforeTax": "-685410", "incomeTaxExpense": "None", "interestAndDebtExpense": "None", "netIncomeFromContinuingOperations": "None", "comprehensiveIncomeNetOfTax": "None", "ebit": "-530245", "ebitda": "-527079", "netIncome": "-685410"}, {"fiscalDateEnding": "2015-09-30", "reportedCurrency": "USD", "grossProfit": "-64371", "totalRevenue": "350912", "costOfRevenue": "415283", "costofGoodsAndServicesSold": "415283", "operatingIncome": "-530245", "sellingGeneralAndAdministrative": "465875", "researchAndDevelopment": "415283", "operatingExpenses": "525027", "investmentIncomeNet": "None", "netInterestIncome": "None", "interestIncome": "None", "interestExpense": "96012", "nonInterestIncome": "None", "otherNonOperatingIncome": "None", "depreciation": "None", "depreciationAndAmortization": "8199", "incomeBeforeTax": "-685410", "incomeTaxExpense": "None", "interestAndDebtExpense": "None", "netIncomeFromContinuingOperations": "None", "comprehensiveIncomeNetOfTax": "None", "ebit": "-530245", "ebitda": "-522046", "netIncome": "-685410"}, {"fiscalDateEnding": "2015-06-30", "reportedCurrency": "USD", "grossProfit": "-429653", "totalRevenue": "44750", "costOfRevenue": "474403", "costofGoodsAndServicesSold": "474403", "operatingIncome": "-790161", "sellingGeneralAndAdministrative": "360509", "researchAndDevelopment": "474403", "operatingExpenses": "1006952", "investmentIncomeNet": "None", "netInterestIncome": "None", "interestIncome": "None", "interestExpense": "None", "nonInterestIncome": "None", "otherNonOperatingIncome": "None", "depreciation": "None", "depreciationAndAmortization": "18266", "incomeBeforeTax": "-1416697", "incomeTaxExpense": "None", "interestAndDebtExpense": "None", "netIncomeFromContinuingOperations": "None", "comprehensiveIncomeNetOfTax": "None", "ebit": "-790161", "ebitda": "-771895", "netIncome": "-1416697"}, {"fiscalDateEnding": "2015-03-31", "reportedCurrency": "USD", "grossProfit": "-429652", "totalRevenue": "44751", "costOfRevenue": "474403", "costofGoodsAndServicesSold": "474403", "operatingIncome": "-790162", "sellingGeneralAndAdministrative": "360509", "researchAndDevelopment": "474403", "operatingExpenses": "1006950", "investmentIncomeNet": "None", "netInterestIncome": "None", "interestIncome": "None", "interestExpense": "None", "nonInterestIncome": "None", "otherNonOperatingIncome": "None", "depreciation": "None", "depreciationAndAmortization": "18266", "incomeBeforeTax": "-1416697", "incomeTaxExpense": "None", "interestAndDebtExpense": "None", "netIncomeFromContinuingOperations": "None", "comprehensiveIncomeNetOfTax": "None", "ebit": "-790162", "ebitda": "-771896", "netIncome": "-1416697"}, {"fiscalDateEnding": "2014-12-31", "reportedCurrency": "USD", "grossProfit": "-158379", "totalRevenue": "153892", "costOfRevenue": "312271", "costofGoodsAndServicesSold": "312271", "operatingIncome": "-778109", "sellingGeneralAndAdministrative": "619730", "researchAndDevelopment": "312271", "operatingExpenses": "244522", "investmentIncomeNet": "None", "netInterestIncome": "None", "interestIncome": "None", "interestExpense": "None", "nonInterestIncome": "None", "otherNonOperatingIncome": "None", "depreciation": "None", "depreciationAndAmortization": "5226", "incomeBeforeTax": "-402275", "incomeTaxExpense": "None", "interestAndDebtExpense": "None", "netIncomeFromContinuingOperations": "None", "comprehensiveIncomeNetOfTax": "None", "ebit": "-778109", "ebitda": "-772883", "netIncome": "-402275"}, {"fiscalDateEnding": "2014-09-30", "reportedCurrency": "USD", "grossProfit": "-158379", "totalRevenue": "153892", "costOfRevenue": "312271", "costofGoodsAndServicesSold": "312271", "operatingIncome": "-778109", "sellingGeneralAndAdministrative": "619730", "researchAndDevelopment": "312271", "operatingExpenses": "244522", "investmentIncomeNet": "None", "netInterestIncome": "None", "interestIncome": "None", "interestExpense": "None", "nonInterestIncome": "None", "otherNonOperatingIncome": "None", "depreciation": "None", "depreciationAndAmortization": "5226", "incomeBeforeTax": "-402275", "incomeTaxExpense": "None", "interestAndDebtExpense": "None", "netIncomeFromContinuingOperations": "None", "comprehensiveIncomeNetOfTax": "None", "ebit": "-778109", "ebitda": "-772883", "netIncome": "-402275"}, {"fiscalDateEnding": "2014-06-30", "reportedCurrency": "USD", "grossProfit": "-152476", "totalRevenue": "None", "costOfRevenue": "152476", "costofGoodsAndServicesSold": "152476", "operatingIncome": "-483492", "sellingGeneralAndAdministrative": "331016", "researchAndDevelopment": "152476", "operatingExpenses": "332844", "investmentIncomeNet": "None", "netInterestIncome": "None", "interestIncome": "None", "interestExpense": "None", "nonInterestIncome": "None", "otherNonOperatingIncome": "None", "depreciation": "None", "depreciationAndAmortization": "30533", "incomeBeforeTax": "-485154", "incomeTaxExpense": "None", "interestAndDebtExpense": "None", "netIncomeFromContinuingOperations": "None", "comprehensiveIncomeNetOfTax": "None", "ebit": "-483492", "ebitda": "-452959", "netIncome": "-485154"}, {"fiscalDateEnding": "2014-03-31", "reportedCurrency": "USD", "grossProfit": "-152476", "totalRevenue": "None", "costOfRevenue": "152476", "costofGoodsAndServicesSold": "152476", "operatingIncome": "-483493", "sellingGeneralAndAdministrative": "331017", "researchAndDevelopment": "152476", "operatingExpenses": "332844", "investmentIncomeNet": "None", "netInterestIncome": "None", "interestIncome": "None", "interestExpense": "None", "nonInterestIncome": "None", "otherNonOperatingIncome": "None", "depreciation": "None", "depreciationAndAmortization": "30534", "incomeBeforeTax": "-485154", "incomeTaxExpense": "None", "interestAndDebtExpense": "None", "netIncomeFromContinuingOperations": "None", "comprehensiveIncomeNetOfTax": "None", "ebit": "-483493", "ebitda": "-452959", "netIncome": "-485154"}, {"fiscalDateEnding": "2013-12-31", "reportedCurrency": "USD", "grossProfit": "685643", "totalRevenue": "1371286", "costOfRevenue": "685643", "costofGoodsAndServicesSold": "685643", "operatingIncome": "-262638", "sellingGeneralAndAdministrative": "266801", "researchAndDevelopment": "4163", "operatingExpenses": "949272", "investmentIncomeNet": "None", "netInterestIncome": "None", "interestIncome": "None", "interestExpense": "None", "nonInterestIncome": "None", "otherNonOperatingIncome": "None", "depreciation": "None", "depreciationAndAmortization": "165637", "incomeBeforeTax": "-262445", "incomeTaxExpense": "None", "interestAndDebtExpense": "None", "netIncomeFromContinuingOperations": "None", "comprehensiveIncomeNetOfTax": "None", "ebit": "-262638", "ebitda": "-97001", "netIncome": "-262445"}, {"fiscalDateEnding": "2013-09-30", "reportedCurrency": "USD", "grossProfit": "685643", "totalRevenue": "1371286", "costOfRevenue": "685643", "costofGoodsAndServicesSold": "685643", "operatingIncome": "-262638", "sellingGeneralAndAdministrative": "266801", "researchAndDevelopment": "4163", "operatingExpenses": "949272", "investmentIncomeNet": "None", "netInterestIncome": "None", "interestIncome": "None", "interestExpense": "None", "nonInterestIncome": "None", "otherNonOperatingIncome": "None", "depreciation": "None", "depreciationAndAmortization": "367631", "incomeBeforeTax": "-262445", "incomeTaxExpense": "None", "interestAndDebtExpense": "None", "netIncomeFromContinuingOperations": "None", "comprehensiveIncomeNetOfTax": "None", "ebit": "-262638", "ebitda": "104993", "netIncome": "-262445"}, {"fiscalDateEnding": "2013-06-30", "reportedCurrency": "USD", "grossProfit": "-4586765", "totalRevenue": "71045", "costOfRevenue": "4657810", "costofGoodsAndServicesSold": "4657810", "operatingIncome": "-6966659", "sellingGeneralAndAdministrative": "2379894", "researchAndDevelopment": "4657810", "operatingExpenses": "2382584", "investmentIncomeNet": "None", "netInterestIncome": "None", "interestIncome": "None", "interestExpense": "None", "nonInterestIncome": "None", "otherNonOperatingIncome": "None", "depreciation": "None", "depreciationAndAmortization": "771620", "incomeBeforeTax": "-6968468", "incomeTaxExpense": "None", "interestAndDebtExpense": "None", "netIncomeFromContinuingOperations": "None", "comprehensiveIncomeNetOfTax": "None", "ebit": "-6966659", "ebitda": "-6195039", "netIncome": "-6968468"}, {"fiscalDateEnding": "2013-03-31", "reportedCurrency": "USD", "grossProfit": "-4586765", "totalRevenue": "71045", "costOfRevenue": "4657810", "costofGoodsAndServicesSold": "4657810", "operatingIncome": "-6966660", "sellingGeneralAndAdministrative": "2379895", "researchAndDevelopment": "4657810", "operatingExpenses": "2382587", "investmentIncomeNet": "None", "netInterestIncome": "None", "interestIncome": "None", "interestExpense": "None", "nonInterestIncome": "None", "otherNonOperatingIncome": "None", "depreciation": "None", "depreciationAndAmortization": "771620", "incomeBeforeTax": "-6968469", "incomeTaxExpense": "None", "interestAndDebtExpense": "None", "netIncomeFromContinuingOperations": "None", "comprehensiveIncomeNetOfTax": "None", "ebit": "-6966660", "ebitda": "-6195040", "netIncome": "-6968469"}, {"fiscalDateEnding": "2012-12-31", "reportedCurrency": "USD", "grossProfit": "-3430081", "totalRevenue": "None", "costOfRevenue": "3430081", "costofGoodsAndServicesSold": "3430081", "operatingIncome": "-5860583", "sellingGeneralAndAdministrative": "1525861", "researchAndDevelopment": "4334722", "operatingExpenses": "2433045", "investmentIncomeNet": "None", "netInterestIncome": "None", "interestIncome": "None", "interestExpense": "None", "nonInterestIncome": "None", "otherNonOperatingIncome": "None", "depreciation": "None", "depreciationAndAmortization": "311122", "incomeBeforeTax": "-5860137", "incomeTaxExpense": "None", "interestAndDebtExpense": "None", "netIncomeFromContinuingOperations": "None", "comprehensiveIncomeNetOfTax": "None", "ebit": "-5860583", "ebitda": "-5549461", "netIncome": "-5860137"}, {"fiscalDateEnding": "2012-09-30", "reportedCurrency": "USD", "grossProfit": "-3430081", "totalRevenue": "None", "costOfRevenue": "3430081", "costofGoodsAndServicesSold": "3430081", "operatingIncome": "-5860583", "sellingGeneralAndAdministrative": "1525861", "researchAndDevelopment": "4334722", "operatingExpenses": "2433045", "investmentIncomeNet": "None", "netInterestIncome": "None", "interestIncome": "None", "interestExpense": "None", "nonInterestIncome": "None", "otherNonOperatingIncome": "None", "depreciation": "None", "depreciationAndAmortization": "311122", "incomeBeforeTax": "-5860137", "incomeTaxExpense": "None", "interestAndDebtExpense": "None", "netIncomeFromContinuingOperations": "None", "comprehensiveIncomeNetOfTax": "None", "ebit": "-5860583", "ebitda": "-5549461", "netIncome": "-5860137"}]}