{"symbol": "AUID", "annualReports": [{"fiscalDateEnding": "2024-12-31", "reportedCurrency": "USD", "grossProfit": "886485", "totalRevenue": "886485", "costOfRevenue": "179075", "costofGoodsAndServicesSold": "179075", "operatingIncome": "-14684291", "sellingGeneralAndAdministrative": "9149166", "researchAndDevelopment": "6242535", "operatingExpenses": "15570776", "investmentIncomeNet": "None", "netInterestIncome": "406297", "interestIncome": "455227", "interestExpense": "48930", "nonInterestIncome": "None", "otherNonOperatingIncome": "None", "depreciation": "None", "depreciationAndAmortization": "179075", "incomeBeforeTax": "-14277994", "incomeTaxExpense": "None", "interestAndDebtExpense": "None", "netIncomeFromContinuingOperations": "-14277994", "comprehensiveIncomeNetOfTax": "None", "ebit": "-14229064", "ebitda": "-14049989", "netIncome": "-14277994"}, {"fiscalDateEnding": "2023-12-31", "reportedCurrency": "USD", "grossProfit": "190289", "totalRevenue": "190289", "costOfRevenue": "255857", "costofGoodsAndServicesSold": "255857", "operatingIncome": "-10748136", "sellingGeneralAndAdministrative": "8094352", "researchAndDevelopment": "2588215", "operatingExpenses": "10938425", "investmentIncomeNet": "None", "netInterestIncome": "-1524069", "interestIncome": "98230", "interestExpense": "1108000", "nonInterestIncome": "None", "otherNonOperatingIncome": "None", "depreciation": "None", "depreciationAndAmortization": "255858", "incomeBeforeTax": "-19615105", "incomeTaxExpense": "2864", "interestAndDebtExpense": "None", "netIncomeFromContinuingOperations": "-22416087", "comprehensiveIncomeNetOfTax": "None", "ebit": "-18506647", "ebitda": "-18250789", "netIncome": "-19400376"}, {"fiscalDateEnding": "2022-12-31", "reportedCurrency": "USD", "grossProfit": "527415", "totalRevenue": "527415", "costOfRevenue": "665269", "costofGoodsAndServicesSold": "665269", "operatingIncome": "-22270465", "sellingGeneralAndAdministrative": "14651938", "researchAndDevelopment": "6269175", "operatingExpenses": "22797880", "investmentIncomeNet": "None", "netInterestIncome": "-1359954", "interestIncome": "None", "interestExpense": "1359954", "nonInterestIncome": "None", "otherNonOperatingIncome": "None", "depreciation": "None", "depreciationAndAmortization": "54480", "incomeBeforeTax": "-23667640", "incomeTaxExpense": "7670", "interestAndDebtExpense": "None", "netIncomeFromContinuingOperations": "-23675310", "comprehensiveIncomeNetOfTax": "None", "ebit": "-21168598", "ebitda": "-21114118", "netIncome": "-24230220"}, {"fiscalDateEnding": "2021-12-31", "reportedCurrency": "USD", "grossProfit": "613516", "totalRevenue": "613516", "costOfRevenue": "660793", "costofGoodsAndServicesSold": "660793", "operatingIncome": "-17086070", "sellingGeneralAndAdministrative": "12784786", "researchAndDevelopment": "2878952", "operatingExpenses": "17699586", "investmentIncomeNet": "None", "netInterestIncome": "-585636", "interestIncome": "None", "interestExpense": "586850", "nonInterestIncome": "None", "otherNonOperatingIncome": "None", "depreciation": "None", "depreciationAndAmortization": "225261", "incomeBeforeTax": "-16700747", "incomeTaxExpense": "10746", "interestAndDebtExpense": "None", "netIncomeFromContinuingOperations": "-17665788", "comprehensiveIncomeNetOfTax": "None", "ebit": "-16254995", "ebitda": "-16029734", "netIncome": "-17665788"}, {"fiscalDateEnding": "2020-12-31", "reportedCurrency": "USD", "grossProfit": "1479017", "totalRevenue": "2140644", "costOfRevenue": "661627", "costofGoodsAndServicesSold": "661627", "operatingIncome": "-9009765", "sellingGeneralAndAdministrative": "6743258", "researchAndDevelopment": "1161416", "operatingExpenses": "10488782", "investmentIncomeNet": "None", "netInterestIncome": "-969396", "interestIncome": "None", "interestExpense": "969396", "nonInterestIncome": "None", "otherNonOperatingIncome": "-1283074", "depreciation": "None", "depreciationAndAmortization": "1250542", "incomeBeforeTax": "-11262235", "incomeTaxExpense": "36323", "interestAndDebtExpense": "None", "netIncomeFromContinuingOperations": "-11298558", "comprehensiveIncomeNetOfTax": "None", "ebit": "-10292839", "ebitda": "-9042297", "netIncome": "-11298558"}, {"fiscalDateEnding": "2019-12-31", "reportedCurrency": "USD", "grossProfit": "1883000", "totalRevenue": "2552000", "costOfRevenue": "669523", "costofGoodsAndServicesSold": "669523", "operatingIncome": "-10086000", "sellingGeneralAndAdministrative": "7892000", "researchAndDevelopment": "1614000", "operatingExpenses": "11968000", "investmentIncomeNet": "None", "netInterestIncome": "-375598", "interestIncome": "None", "interestExpense": "375598", "nonInterestIncome": "None", "otherNonOperatingIncome": "None", "depreciation": "None", "depreciationAndAmortization": "790367", "incomeBeforeTax": "-10437000", "incomeTaxExpense": "62931", "interestAndDebtExpense": "None", "netIncomeFromContinuingOperations": "-10500358", "comprehensiveIncomeNetOfTax": "None", "ebit": "-10061367", "ebitda": "-9271000", "netIncome": "-10500000"}, {"fiscalDateEnding": "2018-12-31", "reportedCurrency": "USD", "grossProfit": "2572000", "totalRevenue": "3829000", "costOfRevenue": "1257000", "costofGoodsAndServicesSold": "1257000", "operatingIncome": "-9323000", "sellingGeneralAndAdministrative": "11193000", "researchAndDevelopment": "208311", "operatingExpenses": "11895000", "investmentIncomeNet": "None", "netInterestIncome": "-757801", "interestIncome": "None", "interestExpense": "757801", "nonInterestIncome": "None", "otherNonOperatingIncome": "None", "depreciation": "None", "depreciationAndAmortization": "493697", "incomeBeforeTax": "-9997000", "incomeTaxExpense": "30242", "interestAndDebtExpense": "None", "netIncomeFromContinuingOperations": "-10027613", "comprehensiveIncomeNetOfTax": "None", "ebit": "-9239697", "ebitda": "-8746000", "netIncome": "-10028000"}, {"fiscalDateEnding": "2017-12-31", "reportedCurrency": "USD", "grossProfit": "1714000", "totalRevenue": "2304000", "costOfRevenue": "589254", "costofGoodsAndServicesSold": "589254", "operatingIncome": "-12009000", "sellingGeneralAndAdministrative": "13026000", "researchAndDevelopment": "222068", "operatingExpenses": "13723000", "investmentIncomeNet": "None", "netInterestIncome": "-1337081", "interestIncome": "None", "interestExpense": "1337000", "nonInterestIncome": "None", "otherNonOperatingIncome": "None", "depreciation": "None", "depreciationAndAmortization": "475211", "incomeBeforeTax": "-17453000", "incomeTaxExpense": "28781", "interestAndDebtExpense": "None", "netIncomeFromContinuingOperations": "-17481629", "comprehensiveIncomeNetOfTax": "None", "ebit": "-16116211", "ebitda": "-15641000", "netIncome": "-17482000"}, {"fiscalDateEnding": "2016-12-31", "reportedCurrency": "USD", "grossProfit": "735364", "totalRevenue": "735364", "costOfRevenue": "None", "costofGoodsAndServicesSold": "None", "operatingIncome": "-8896000", "sellingGeneralAndAdministrative": "9003000", "researchAndDevelopment": "480789", "operatingExpenses": "9631000", "investmentIncomeNet": "None", "netInterestIncome": "None", "interestIncome": "None", "interestExpense": "1137000", "nonInterestIncome": "None", "otherNonOperatingIncome": "None", "depreciation": "None", "depreciationAndAmortization": "147052", "incomeBeforeTax": "-36679000", "incomeTaxExpense": "26647000", "interestAndDebtExpense": "None", "netIncomeFromContinuingOperations": "None", "comprehensiveIncomeNetOfTax": "None", "ebit": "-35543052", "ebitda": "-35396000", "netIncome": "-36679000"}, {"fiscalDateEnding": "2014-12-31", "reportedCurrency": "USD", "grossProfit": "None", "totalRevenue": "None", "costOfRevenue": "None", "costofGoodsAndServicesSold": "None", "operatingIncome": "-768000", "sellingGeneralAndAdministrative": "717505", "researchAndDevelopment": "1500", "operatingExpenses": "767846", "investmentIncomeNet": "None", "netInterestIncome": "None", "interestIncome": "None", "interestExpense": "65225", "nonInterestIncome": "None", "otherNonOperatingIncome": "None", "depreciation": "None", "depreciationAndAmortization": "48841", "incomeBeforeTax": "-905000", "incomeTaxExpense": "71616", "interestAndDebtExpense": "None", "netIncomeFromContinuingOperations": "None", "comprehensiveIncomeNetOfTax": "None", "ebit": "-767841", "ebitda": "-719000", "netIncome": "-905000"}, {"fiscalDateEnding": "2013-12-31", "reportedCurrency": "USD", "grossProfit": "None", "totalRevenue": "None", "costOfRevenue": "None", "costofGoodsAndServicesSold": "None", "operatingIncome": "-971455", "sellingGeneralAndAdministrative": "882925", "researchAndDevelopment": "44000", "operatingExpenses": "971455", "investmentIncomeNet": "None", "netInterestIncome": "None", "interestIncome": "None", "interestExpense": "4803", "nonInterestIncome": "None", "otherNonOperatingIncome": "None", "depreciation": "None", "depreciationAndAmortization": "44530", "incomeBeforeTax": "-976238", "incomeTaxExpense": "4783", "interestAndDebtExpense": "None", "netIncomeFromContinuingOperations": "None", "comprehensiveIncomeNetOfTax": "None", "ebit": "-971435", "ebitda": "-926905", "netIncome": "-976238"}, {"fiscalDateEnding": "2012-12-31", "reportedCurrency": "USD", "grossProfit": "1194872", "totalRevenue": "7695067", "costOfRevenue": "6500195", "costofGoodsAndServicesSold": "6500195", "operatingIncome": "-1850", "sellingGeneralAndAdministrative": "960545", "researchAndDevelopment": "None", "operatingExpenses": "1850", "investmentIncomeNet": "None", "netInterestIncome": "None", "interestIncome": "None", "interestExpense": "None", "nonInterestIncome": "None", "otherNonOperatingIncome": "None", "depreciation": "None", "depreciationAndAmortization": "42014", "incomeBeforeTax": "-1850", "incomeTaxExpense": "-42014", "interestAndDebtExpense": "None", "netIncomeFromContinuingOperations": "None", "comprehensiveIncomeNetOfTax": "None", "ebit": "-1850", "ebitda": "-1850", "netIncome": "-1850"}, {"fiscalDateEnding": "2011-12-31", "reportedCurrency": "USD", "grossProfit": "None", "totalRevenue": "None", "costOfRevenue": "None", "costofGoodsAndServicesSold": "None", "operatingIncome": "-1343", "sellingGeneralAndAdministrative": "None", "researchAndDevelopment": "None", "operatingExpenses": "1343", "investmentIncomeNet": "None", "netInterestIncome": "None", "interestIncome": "None", "interestExpense": "None", "nonInterestIncome": "None", "otherNonOperatingIncome": "None", "depreciation": "None", "depreciationAndAmortization": "None", "incomeBeforeTax": "-1343", "incomeTaxExpense": "None", "interestAndDebtExpense": "None", "netIncomeFromContinuingOperations": "None", "comprehensiveIncomeNetOfTax": "None", "ebit": "-1343", "ebitda": "-1343", "netIncome": "-1343"}], "quarterlyReports": [{"fiscalDateEnding": "2025-09-30", "reportedCurrency": "USD", "grossProfit": "-122180", "totalRevenue": "-106146", "costOfRevenue": "16034", "costofGoodsAndServicesSold": "16034", "operatingIncome": "-5233019", "sellingGeneralAndAdministrative": "3325452", "researchAndDevelopment": "1785387", "operatingExpenses": "5110839", "investmentIncomeNet": "None", "netInterestIncome": "59698", "interestIncome": "61657", "interestExpense": "1959", "nonInterestIncome": "None", "otherNonOperatingIncome": "None", "depreciation": "None", "depreciationAndAmortization": "16034", "incomeBeforeTax": "-5173321", "incomeTaxExpense": "None", "interestAndDebtExpense": "None", "netIncomeFromContinuingOperations": "-5173321", "comprehensiveIncomeNetOfTax": "None", "ebit": "-5171362", "ebitda": "-5155328", "netIncome": "-5173321"}, {"fiscalDateEnding": "2025-06-30", "reportedCurrency": "USD", "grossProfit": "1444599", "totalRevenue": "1444599", "costOfRevenue": "None", "costofGoodsAndServicesSold": "None", "operatingIncome": "-4471454", "sellingGeneralAndAdministrative": "3906933", "researchAndDevelopment": "1978871", "operatingExpenses": "5916053", "investmentIncomeNet": "None", "netInterestIncome": "86675", "interestIncome": "86846", "interestExpense": "171", "nonInterestIncome": "None", "otherNonOperatingIncome": "None", "depreciation": "None", "depreciationAndAmortization": "30249", "incomeBeforeTax": "-4384779", "incomeTaxExpense": "None", "interestAndDebtExpense": "None", "netIncomeFromContinuingOperations": "-4384779", "comprehensiveIncomeNetOfTax": "None", "ebit": "-4384608", "ebitda": "-4354359", "netIncome": "-4384779"}, {"fiscalDateEnding": "2025-03-31", "reportedCurrency": "USD", "grossProfit": "296256", "totalRevenue": "296256", "costOfRevenue": "None", "costofGoodsAndServicesSold": "None", "operatingIncome": "-4378299", "sellingGeneralAndAdministrative": "2645700", "researchAndDevelopment": "1998663", "operatingExpenses": "4674555", "investmentIncomeNet": "None", "netInterestIncome": "38832", "interestIncome": "51544", "interestExpense": "12712", "nonInterestIncome": "None", "otherNonOperatingIncome": "None", "depreciation": "None", "depreciationAndAmortization": "30192", "incomeBeforeTax": "-4339467", "incomeTaxExpense": "None", "interestAndDebtExpense": "None", "netIncomeFromContinuingOperations": "-4339467", "comprehensiveIncomeNetOfTax": "None", "ebit": "-4326755", "ebitda": "-4296563", "netIncome": "-4339467"}, {"fiscalDateEnding": "2024-12-31", "reportedCurrency": "USD", "grossProfit": "151884", "totalRevenue": "199749", "costOfRevenue": "47865", "costofGoodsAndServicesSold": "47865", "operatingIncome": "-4692706", "sellingGeneralAndAdministrative": "2815000", "researchAndDevelopment": "2029494", "operatingExpenses": "4844590", "investmentIncomeNet": "None", "netInterestIncome": "98331", "interestIncome": "111042", "interestExpense": "12711", "nonInterestIncome": "None", "otherNonOperatingIncome": "None", "depreciation": "None", "depreciationAndAmortization": "47865", "incomeBeforeTax": "-4594375", "incomeTaxExpense": "2", "interestAndDebtExpense": "None", "netIncomeFromContinuingOperations": "-4594375", "comprehensiveIncomeNetOfTax": "None", "ebit": "-4581664", "ebitda": "-4533799", "netIncome": "-4594375"}, {"fiscalDateEnding": "2024-09-30", "reportedCurrency": "USD", "grossProfit": "248920", "totalRevenue": "248920", "costOfRevenue": "43798", "costofGoodsAndServicesSold": "43798", "operatingIncome": "-3513397", "sellingGeneralAndAdministrative": "2102549", "researchAndDevelopment": "1615970", "operatingExpenses": "3762317", "investmentIncomeNet": "None", "netInterestIncome": "148596", "interestIncome": "161308", "interestExpense": "12712", "nonInterestIncome": "None", "otherNonOperatingIncome": "None", "depreciation": "None", "depreciationAndAmortization": "43798", "incomeBeforeTax": "-3364801", "incomeTaxExpense": "None", "interestAndDebtExpense": "None", "netIncomeFromContinuingOperations": "-3364801", "comprehensiveIncomeNetOfTax": "None", "ebit": "-3352089", "ebitda": "-3308291", "netIncome": "-3364801"}, {"fiscalDateEnding": "2024-06-30", "reportedCurrency": "USD", "grossProfit": "236434", "totalRevenue": "280438", "costOfRevenue": "44004", "costofGoodsAndServicesSold": "44004", "operatingIncome": "-3324829", "sellingGeneralAndAdministrative": "2169160", "researchAndDevelopment": "1392103", "operatingExpenses": "3561263", "investmentIncomeNet": "None", "netInterestIncome": "63588", "interestIncome": "73957", "interestExpense": "10369", "nonInterestIncome": "None", "otherNonOperatingIncome": "None", "depreciation": "None", "depreciationAndAmortization": "44004", "incomeBeforeTax": "-3261241", "incomeTaxExpense": "-4", "interestAndDebtExpense": "None", "netIncomeFromContinuingOperations": "-3261241", "comprehensiveIncomeNetOfTax": "None", "ebit": "-3250872", "ebitda": "-3206868", "netIncome": "-3261241"}, {"fiscalDateEnding": "2024-03-31", "reportedCurrency": "USD", "grossProfit": "157378", "totalRevenue": "157378", "costOfRevenue": "43408", "costofGoodsAndServicesSold": "43408", "operatingIncome": "-3153359", "sellingGeneralAndAdministrative": "2062361", "researchAndDevelopment": "1204968", "operatingExpenses": "3310737", "investmentIncomeNet": "None", "netInterestIncome": "95782", "interestIncome": "108920", "interestExpense": "13138", "nonInterestIncome": "None", "otherNonOperatingIncome": "None", "depreciation": "None", "depreciationAndAmortization": "43408", "incomeBeforeTax": "-3057577", "incomeTaxExpense": "2", "interestAndDebtExpense": "None", "netIncomeFromContinuingOperations": "-3057577", "comprehensiveIncomeNetOfTax": "None", "ebit": "-3044439", "ebitda": "-3001031", "netIncome": "-3057577"}, {"fiscalDateEnding": "2023-12-31", "reportedCurrency": "USD", "grossProfit": "71902", "totalRevenue": "71902", "costOfRevenue": "43408", "costofGoodsAndServicesSold": "43408", "operatingIncome": "-3275132", "sellingGeneralAndAdministrative": "2231134", "researchAndDevelopment": "1062492", "operatingExpenses": "3347034", "investmentIncomeNet": "None", "netInterestIncome": "-13138", "interestIncome": "None", "interestExpense": "13138", "nonInterestIncome": "None", "otherNonOperatingIncome": "None", "depreciation": "None", "depreciationAndAmortization": "4111", "incomeBeforeTax": "-3220711", "incomeTaxExpense": "-391", "interestAndDebtExpense": "None", "netIncomeFromContinuingOperations": "-3220320", "comprehensiveIncomeNetOfTax": "None", "ebit": "-3275132", "ebitda": "-3271021", "netIncome": "-3220320"}, {"fiscalDateEnding": "2023-09-30", "reportedCurrency": "USD", "grossProfit": "43389", "totalRevenue": "43389", "costOfRevenue": "60416", "costofGoodsAndServicesSold": "60416", "operatingIncome": "-3732076", "sellingGeneralAndAdministrative": "3013554", "researchAndDevelopment": "701495", "operatingExpenses": "3775465", "investmentIncomeNet": "None", "netInterestIncome": "-13138", "interestIncome": "29511", "interestExpense": "13138", "nonInterestIncome": "None", "otherNonOperatingIncome": "None", "depreciation": "None", "depreciationAndAmortization": "60414", "incomeBeforeTax": "-3715703", "incomeTaxExpense": "1915", "interestAndDebtExpense": "None", "netIncomeFromContinuingOperations": "-3715703", "comprehensiveIncomeNetOfTax": "None", "ebit": "-3702563", "ebitda": "-3642149", "netIncome": "-3717618"}, {"fiscalDateEnding": "2023-06-30", "reportedCurrency": "USD", "grossProfit": "37142", "totalRevenue": "37142", "costOfRevenue": "76019", "costofGoodsAndServicesSold": "76019", "operatingIncome": "-2759375", "sellingGeneralAndAdministrative": "2016908", "researchAndDevelopment": "703590", "operatingExpenses": "2796517", "investmentIncomeNet": "None", "netInterestIncome": "-282109", "interestIncome": "1160", "interestExpense": "282109", "nonInterestIncome": "None", "otherNonOperatingIncome": "None", "depreciation": "None", "depreciationAndAmortization": "76019", "incomeBeforeTax": "-10897065", "incomeTaxExpense": "3255", "interestAndDebtExpense": "None", "netIncomeFromContinuingOperations": "-10900320", "comprehensiveIncomeNetOfTax": "None", "ebit": "-10614956", "ebitda": "-10538937", "netIncome": "-10678557"}, {"fiscalDateEnding": "2023-03-31", "reportedCurrency": "USD", "grossProfit": "37856", "totalRevenue": "37856", "costOfRevenue": "76017", "costofGoodsAndServicesSold": "76017", "operatingIncome": "-3405537", "sellingGeneralAndAdministrative": "3322755", "researchAndDevelopment": "120638", "operatingExpenses": "3443393", "investmentIncomeNet": "None", "netInterestIncome": "-800073", "interestIncome": "0", "interestExpense": "800073", "nonInterestIncome": "None", "otherNonOperatingIncome": "None", "depreciation": "None", "depreciationAndAmortization": "76017", "incomeBeforeTax": "-1781626", "incomeTaxExpense": "2255", "interestAndDebtExpense": "None", "netIncomeFromContinuingOperations": "-5220239", "comprehensiveIncomeNetOfTax": "None", "ebit": "-3580146", "ebitda": "-3504129", "netIncome": "-1783881"}, {"fiscalDateEnding": "2022-12-31", "reportedCurrency": "USD", "grossProfit": "265931", "totalRevenue": "265931", "costOfRevenue": "76018", "costofGoodsAndServicesSold": "76018", "operatingIncome": "-5584754", "sellingGeneralAndAdministrative": "3081140", "researchAndDevelopment": "1579660", "operatingExpenses": "5850685", "investmentIncomeNet": "None", "netInterestIncome": "-428749", "interestIncome": "None", "interestExpense": "428749", "nonInterestIncome": "None", "otherNonOperatingIncome": "None", "depreciation": "None", "depreciationAndAmortization": "9155", "incomeBeforeTax": "-6011816", "incomeTaxExpense": "6622", "interestAndDebtExpense": "None", "netIncomeFromContinuingOperations": "-6018438", "comprehensiveIncomeNetOfTax": "None", "ebit": "-4482887", "ebitda": "-4473732", "netIncome": "-6021716"}, {"fiscalDateEnding": "2022-09-30", "reportedCurrency": "USD", "grossProfit": "30023", "totalRevenue": "30023", "costOfRevenue": "213049", "costofGoodsAndServicesSold": "213049", "operatingIncome": "-5717950", "sellingGeneralAndAdministrative": "3914432", "researchAndDevelopment": "1620492", "operatingExpenses": "5747973", "investmentIncomeNet": "None", "netInterestIncome": "-437301", "interestIncome": "None", "interestExpense": "437301", "nonInterestIncome": "None", "otherNonOperatingIncome": "None", "depreciation": "None", "depreciationAndAmortization": "214003", "incomeBeforeTax": "-6197399", "incomeTaxExpense": "-7052", "interestAndDebtExpense": "None", "netIncomeFromContinuingOperations": "-6190347", "comprehensiveIncomeNetOfTax": "None", "ebit": "-5717950", "ebitda": "-5503947", "netIncome": "-6334949"}, {"fiscalDateEnding": "2022-06-30", "reportedCurrency": "USD", "grossProfit": "66409", "totalRevenue": "66409", "costOfRevenue": "244448", "costofGoodsAndServicesSold": "244448", "operatingIncome": "-5899942", "sellingGeneralAndAdministrative": "4026382", "researchAndDevelopment": "1695521", "operatingExpenses": "5966351", "investmentIncomeNet": "None", "netInterestIncome": "-459262", "interestIncome": "None", "interestExpense": "459262", "nonInterestIncome": "None", "otherNonOperatingIncome": "None", "depreciation": "None", "depreciationAndAmortization": "245357", "incomeBeforeTax": "-6359204", "incomeTaxExpense": "7316", "interestAndDebtExpense": "None", "netIncomeFromContinuingOperations": "-6366520", "comprehensiveIncomeNetOfTax": "None", "ebit": "-5899942", "ebitda": "-5654585", "netIncome": "-6572827"}, {"fiscalDateEnding": "2022-03-31", "reportedCurrency": "USD", "grossProfit": "165052", "totalRevenue": "165052", "costOfRevenue": "184086", "costofGoodsAndServicesSold": "184086", "operatingIncome": "-4852359", "sellingGeneralAndAdministrative": "3622909", "researchAndDevelopment": "1373502", "operatingExpenses": "5017411", "investmentIncomeNet": "None", "netInterestIncome": "-33221", "interestIncome": "None", "interestExpense": "32857", "nonInterestIncome": "None", "otherNonOperatingIncome": "None", "depreciation": "None", "depreciationAndAmortization": "215476", "incomeBeforeTax": "-5099236", "incomeTaxExpense": "4972", "interestAndDebtExpense": "None", "netIncomeFromContinuingOperations": "-5300728", "comprehensiveIncomeNetOfTax": "None", "ebit": "-5067835", "ebitda": "-4852359", "netIncome": "-5300728"}, {"fiscalDateEnding": "2021-12-31", "reportedCurrency": "USD", "grossProfit": "149336", "totalRevenue": "149336", "costOfRevenue": "166235", "costofGoodsAndServicesSold": "166235", "operatingIncome": "-6390315", "sellingGeneralAndAdministrative": "4258115", "researchAndDevelopment": "1113854", "operatingExpenses": "6539651", "investmentIncomeNet": "None", "netInterestIncome": "-5868", "interestIncome": "None", "interestExpense": "5868", "nonInterestIncome": "None", "otherNonOperatingIncome": "None", "depreciation": "None", "depreciationAndAmortization": "83780", "incomeBeforeTax": "-6395863", "incomeTaxExpense": "6192", "interestAndDebtExpense": "None", "netIncomeFromContinuingOperations": "-6919274", "comprehensiveIncomeNetOfTax": "None", "ebit": "-5559240", "ebitda": "-5475460", "netIncome": "-6919274"}, {"fiscalDateEnding": "2021-09-30", "reportedCurrency": "USD", "grossProfit": "169349", "totalRevenue": "169349", "costOfRevenue": "121509", "costofGoodsAndServicesSold": "121509", "operatingIncome": "-5398146", "sellingGeneralAndAdministrative": "4467040", "researchAndDevelopment": "811724", "operatingExpenses": "5567495", "investmentIncomeNet": "None", "netInterestIncome": "-25780", "interestIncome": "None", "interestExpense": "29577", "nonInterestIncome": "None", "otherNonOperatingIncome": "None", "depreciation": "None", "depreciationAndAmortization": "280896", "incomeBeforeTax": "-4936080", "incomeTaxExpense": "-2393", "interestAndDebtExpense": "None", "netIncomeFromContinuingOperations": "-5198905", "comprehensiveIncomeNetOfTax": "None", "ebit": "-5398146", "ebitda": "-5117250", "netIncome": "-5198905"}, {"fiscalDateEnding": "2021-06-30", "reportedCurrency": "USD", "grossProfit": "146771", "totalRevenue": "146771", "costOfRevenue": "156905", "costofGoodsAndServicesSold": "156905", "operatingIncome": "-3233427", "sellingGeneralAndAdministrative": "2733786", "researchAndDevelopment": "347173", "operatingExpenses": "3380198", "investmentIncomeNet": "None", "netInterestIncome": "-256550", "interestIncome": "None", "interestExpense": "253919", "nonInterestIncome": "None", "otherNonOperatingIncome": "None", "depreciation": "None", "depreciationAndAmortization": "269588", "incomeBeforeTax": "-3007190", "incomeTaxExpense": "1028", "interestAndDebtExpense": "None", "netIncomeFromContinuingOperations": "3057610", "comprehensiveIncomeNetOfTax": "None", "ebit": "-3233427", "ebitda": "-2963839", "netIncome": "-3057610"}, {"fiscalDateEnding": "2021-03-31", "reportedCurrency": "USD", "grossProfit": "372855", "totalRevenue": "588999", "costOfRevenue": "216144", "costofGoodsAndServicesSold": "216144", "operatingIncome": "-2186910", "sellingGeneralAndAdministrative": "1927926", "researchAndDevelopment": "322010", "operatingExpenses": "2559765", "investmentIncomeNet": "None", "netInterestIncome": "-297438", "interestIncome": "None", "interestExpense": "297438", "nonInterestIncome": "None", "otherNonOperatingIncome": "1537", "depreciation": "None", "depreciationAndAmortization": "309829", "incomeBeforeTax": "-2482811", "incomeTaxExpense": "7188", "interestAndDebtExpense": "None", "netIncomeFromContinuingOperations": "-2489999", "comprehensiveIncomeNetOfTax": "None", "ebit": "-2185373", "ebitda": "-1875544", "netIncome": "-2489999"}, {"fiscalDateEnding": "2020-12-31", "reportedCurrency": "USD", "grossProfit": "380923", "totalRevenue": "510044", "costOfRevenue": "129121", "costofGoodsAndServicesSold": "129121", "operatingIncome": "-1819250", "sellingGeneralAndAdministrative": "1058619", "researchAndDevelopment": "232638", "operatingExpenses": "2200173", "investmentIncomeNet": "None", "netInterestIncome": "-267535", "interestIncome": "None", "interestExpense": "267535", "nonInterestIncome": "None", "otherNonOperatingIncome": "None", "depreciation": "None", "depreciationAndAmortization": "94736", "incomeBeforeTax": "-2068667", "incomeTaxExpense": "12783", "interestAndDebtExpense": "None", "netIncomeFromContinuingOperations": "-2081450", "comprehensiveIncomeNetOfTax": "None", "ebit": "-1521313", "ebitda": "-1426577", "netIncome": "-2081449"}, {"fiscalDateEnding": "2020-09-30", "reportedCurrency": "USD", "grossProfit": "400707", "totalRevenue": "515692", "costOfRevenue": "114985", "costofGoodsAndServicesSold": "114985", "operatingIncome": "-1711286", "sellingGeneralAndAdministrative": "1527723", "researchAndDevelopment": "308038", "operatingExpenses": "2111993", "investmentIncomeNet": "None", "netInterestIncome": "-212658", "interestIncome": "None", "interestExpense": "212658", "nonInterestIncome": "None", "otherNonOperatingIncome": "None", "depreciation": "None", "depreciationAndAmortization": "322585", "incomeBeforeTax": "-1907165", "incomeTaxExpense": "11074", "interestAndDebtExpense": "None", "netIncomeFromContinuingOperations": "-1918239", "comprehensiveIncomeNetOfTax": "None", "ebit": "-1694507", "ebitda": "-1371922", "netIncome": "-1918239"}, {"fiscalDateEnding": "2020-06-30", "reportedCurrency": "USD", "grossProfit": "259321", "totalRevenue": "321119", "costOfRevenue": "61798", "costofGoodsAndServicesSold": "61798", "operatingIncome": "-2806621", "sellingGeneralAndAdministrative": "2389794", "researchAndDevelopment": "190339", "operatingExpenses": "3065942", "investmentIncomeNet": "None", "netInterestIncome": "-310153", "interestIncome": "None", "interestExpense": "310153", "nonInterestIncome": "None", "otherNonOperatingIncome": "None", "depreciation": "None", "depreciationAndAmortization": "296767", "incomeBeforeTax": "-3458856", "incomeTaxExpense": "3592", "interestAndDebtExpense": "None", "netIncomeFromContinuingOperations": "-3462448", "comprehensiveIncomeNetOfTax": "None", "ebit": "-2642799", "ebitda": "-2346032", "netIncome": "-3462448"}, {"fiscalDateEnding": "2020-03-31", "reportedCurrency": "USD", "grossProfit": "438066", "totalRevenue": "793789", "costOfRevenue": "355723", "costofGoodsAndServicesSold": "355723", "operatingIncome": "-2672608", "sellingGeneralAndAdministrative": "1504255", "researchAndDevelopment": "430401", "operatingExpenses": "3110674", "investmentIncomeNet": "None", "netInterestIncome": "None", "interestIncome": "None", "interestExpense": "179050", "nonInterestIncome": "None", "otherNonOperatingIncome": "None", "depreciation": "None", "depreciationAndAmortization": "304211", "incomeBeforeTax": "-3827547", "incomeTaxExpense": "8874", "interestAndDebtExpense": "None", "netIncomeFromContinuingOperations": "None", "comprehensiveIncomeNetOfTax": "None", "ebit": "-3648497", "ebitda": "-3344286", "netIncome": "-3836421"}, {"fiscalDateEnding": "2019-12-31", "reportedCurrency": "USD", "grossProfit": "453138", "totalRevenue": "613945", "costOfRevenue": "160807", "costofGoodsAndServicesSold": "160807", "operatingIncome": "-3585089", "sellingGeneralAndAdministrative": "1452004", "researchAndDevelopment": "653983", "operatingExpenses": "4038227", "investmentIncomeNet": "None", "netInterestIncome": "None", "interestIncome": "None", "interestExpense": "84794", "nonInterestIncome": "None", "otherNonOperatingIncome": "None", "depreciation": "None", "depreciationAndAmortization": "104451", "incomeBeforeTax": "-3669528", "incomeTaxExpense": "34064", "interestAndDebtExpense": "None", "netIncomeFromContinuingOperations": "None", "comprehensiveIncomeNetOfTax": "None", "ebit": "-1913285", "ebitda": "-1808834", "netIncome": "-3703592"}, {"fiscalDateEnding": "2019-09-30", "reportedCurrency": "USD", "grossProfit": "409769", "totalRevenue": "552761", "costOfRevenue": "142992", "costofGoodsAndServicesSold": "142992", "operatingIncome": "-2248000", "sellingGeneralAndAdministrative": "2098000", "researchAndDevelopment": "357289", "operatingExpenses": "2658000", "investmentIncomeNet": "None", "netInterestIncome": "None", "interestIncome": "None", "interestExpense": "110654", "nonInterestIncome": "None", "otherNonOperatingIncome": "None", "depreciation": "None", "depreciationAndAmortization": "202235", "incomeBeforeTax": "-2347000", "incomeTaxExpense": "10902", "interestAndDebtExpense": "None", "netIncomeFromContinuingOperations": "None", "comprehensiveIncomeNetOfTax": "None", "ebit": "-2236235", "ebitda": "-2034000", "netIncome": "-2358000"}, {"fiscalDateEnding": "2019-06-30", "reportedCurrency": "USD", "grossProfit": "455700", "totalRevenue": "644961", "costOfRevenue": "189261", "costofGoodsAndServicesSold": "189261", "operatingIncome": "-2085000", "sellingGeneralAndAdministrative": "2367000", "researchAndDevelopment": "6032", "operatingExpenses": "2540000", "investmentIncomeNet": "None", "netInterestIncome": "None", "interestIncome": "None", "interestExpense": "93260", "nonInterestIncome": "None", "otherNonOperatingIncome": "None", "depreciation": "None", "depreciationAndAmortization": "166908", "incomeBeforeTax": "-2172000", "incomeTaxExpense": "4264", "interestAndDebtExpense": "None", "netIncomeFromContinuingOperations": "None", "comprehensiveIncomeNetOfTax": "None", "ebit": "-2077908", "ebitda": "-1911000", "netIncome": "-2176000"}, {"fiscalDateEnding": "2019-03-31", "reportedCurrency": "USD", "grossProfit": "563915", "totalRevenue": "740378", "costOfRevenue": "176463", "costofGoodsAndServicesSold": "176463", "operatingIncome": "-2168000", "sellingGeneralAndAdministrative": "2567000", "researchAndDevelopment": "4366", "operatingExpenses": "2732000", "investmentIncomeNet": "None", "netInterestIncome": "None", "interestIncome": "None", "interestExpense": "86890", "nonInterestIncome": "None", "otherNonOperatingIncome": "None", "depreciation": "None", "depreciationAndAmortization": "160788", "incomeBeforeTax": "-2249000", "incomeTaxExpense": "13701", "interestAndDebtExpense": "None", "netIncomeFromContinuingOperations": "None", "comprehensiveIncomeNetOfTax": "None", "ebit": "-2161788", "ebitda": "-2001000", "netIncome": "-2263000"}, {"fiscalDateEnding": "2018-12-31", "reportedCurrency": "USD", "grossProfit": "610080", "totalRevenue": "762068", "costOfRevenue": "151988", "costofGoodsAndServicesSold": "151988", "operatingIncome": "-2594000", "sellingGeneralAndAdministrative": "2891000", "researchAndDevelopment": "169466", "operatingExpenses": "3204000", "investmentIncomeNet": "None", "netInterestIncome": "None", "interestIncome": "None", "interestExpense": "54259", "nonInterestIncome": "None", "otherNonOperatingIncome": "None", "depreciation": "None", "depreciationAndAmortization": "143776", "incomeBeforeTax": "-2644000", "incomeTaxExpense": "12938", "interestAndDebtExpense": "None", "netIncomeFromContinuingOperations": "None", "comprehensiveIncomeNetOfTax": "None", "ebit": "-2589776", "ebitda": "-2446000", "netIncome": "-2657000"}, {"fiscalDateEnding": "2018-09-30", "reportedCurrency": "USD", "grossProfit": "460901", "totalRevenue": "701809", "costOfRevenue": "240908", "costofGoodsAndServicesSold": "240908", "operatingIncome": "-1925000", "sellingGeneralAndAdministrative": "2247000", "researchAndDevelopment": "13154", "operatingExpenses": "2386000", "investmentIncomeNet": "None", "netInterestIncome": "None", "interestIncome": "None", "interestExpense": "218075", "nonInterestIncome": "None", "otherNonOperatingIncome": "None", "depreciation": "None", "depreciationAndAmortization": "125781", "incomeBeforeTax": "-2142000", "incomeTaxExpense": "2887", "interestAndDebtExpense": "None", "netIncomeFromContinuingOperations": "None", "comprehensiveIncomeNetOfTax": "None", "ebit": "-1923781", "ebitda": "-1798000", "netIncome": "-2145000"}, {"fiscalDateEnding": "2018-06-30", "reportedCurrency": "USD", "grossProfit": "1096000", "totalRevenue": "1839000", "costOfRevenue": "743709", "costofGoodsAndServicesSold": "743709", "operatingIncome": "-2295000", "sellingGeneralAndAdministrative": "3256000", "researchAndDevelopment": "20330", "operatingExpenses": "3390000", "investmentIncomeNet": "None", "netInterestIncome": "None", "interestIncome": "None", "interestExpense": "246298", "nonInterestIncome": "None", "otherNonOperatingIncome": "None", "depreciation": "None", "depreciationAndAmortization": "113464", "incomeBeforeTax": "-2463000", "incomeTaxExpense": "9856", "interestAndDebtExpense": "None", "netIncomeFromContinuingOperations": "None", "comprehensiveIncomeNetOfTax": "None", "ebit": "-2216464", "ebitda": "-2103000", "netIncome": "-2473000"}, {"fiscalDateEnding": "2018-03-31", "reportedCurrency": "USD", "grossProfit": "405541", "totalRevenue": "525789", "costOfRevenue": "120248", "costofGoodsAndServicesSold": "120248", "operatingIncome": "-2509000", "sellingGeneralAndAdministrative": "2799000", "researchAndDevelopment": "5361", "operatingExpenses": "2915000", "investmentIncomeNet": "None", "netInterestIncome": "None", "interestIncome": "None", "interestExpense": "239169", "nonInterestIncome": "None", "otherNonOperatingIncome": "None", "depreciation": "None", "depreciationAndAmortization": "110676", "incomeBeforeTax": "-2748000", "incomeTaxExpense": "4561", "interestAndDebtExpense": "None", "netIncomeFromContinuingOperations": "None", "comprehensiveIncomeNetOfTax": "None", "ebit": "-2509676", "ebitda": "-2399000", "netIncome": "-2753000"}, {"fiscalDateEnding": "2017-12-31", "reportedCurrency": "USD", "grossProfit": "411202", "totalRevenue": "551819", "costOfRevenue": "140617", "costofGoodsAndServicesSold": "140617", "operatingIncome": "-2667000", "sellingGeneralAndAdministrative": "2783000", "researchAndDevelopment": "158952", "operatingExpenses": "3071000", "investmentIncomeNet": "None", "netInterestIncome": "None", "interestIncome": "None", "interestExpense": "211201", "nonInterestIncome": "None", "otherNonOperatingIncome": "None", "depreciation": "None", "depreciationAndAmortization": "128898", "incomeBeforeTax": "-2871000", "incomeTaxExpense": "28781", "interestAndDebtExpense": "None", "netIncomeFromContinuingOperations": "None", "comprehensiveIncomeNetOfTax": "None", "ebit": "-2659898", "ebitda": "-2531000", "netIncome": "-2900000"}, {"fiscalDateEnding": "2017-09-30", "reportedCurrency": "USD", "grossProfit": "463279", "totalRevenue": "607646", "costOfRevenue": "144367", "costofGoodsAndServicesSold": "144367", "operatingIncome": "-1879000", "sellingGeneralAndAdministrative": "2237000", "researchAndDevelopment": "6278", "operatingExpenses": "2343000", "investmentIncomeNet": "None", "netInterestIncome": "None", "interestIncome": "None", "interestExpense": "230698", "nonInterestIncome": "None", "otherNonOperatingIncome": "None", "depreciation": "None", "depreciationAndAmortization": "99779", "incomeBeforeTax": "-2110000", "incomeTaxExpense": "1187", "interestAndDebtExpense": "None", "netIncomeFromContinuingOperations": "None", "comprehensiveIncomeNetOfTax": "None", "ebit": "-1879779", "ebitda": "-1780000", "netIncome": "-2110000"}, {"fiscalDateEnding": "2017-06-30", "reportedCurrency": "USD", "grossProfit": "404311", "totalRevenue": "559452", "costOfRevenue": "155141", "costofGoodsAndServicesSold": "155141", "operatingIncome": "-2511000", "sellingGeneralAndAdministrative": "2751000", "researchAndDevelopment": "27766", "operatingExpenses": "2916000", "investmentIncomeNet": "None", "netInterestIncome": "None", "interestIncome": "None", "interestExpense": "291168", "nonInterestIncome": "None", "otherNonOperatingIncome": "None", "depreciation": "None", "depreciationAndAmortization": "137000", "incomeBeforeTax": "-2803000", "incomeTaxExpense": "1600", "interestAndDebtExpense": "None", "netIncomeFromContinuingOperations": "None", "comprehensiveIncomeNetOfTax": "None", "ebit": "-2511000", "ebitda": "-2374000", "netIncome": "-2803000"}, {"fiscalDateEnding": "2017-03-31", "reportedCurrency": "USD", "grossProfit": "479825", "totalRevenue": "596201", "costOfRevenue": "116376", "costofGoodsAndServicesSold": "116376", "operatingIncome": "-1885000", "sellingGeneralAndAdministrative": "2172000", "researchAndDevelopment": "65582", "operatingExpenses": "2365000", "investmentIncomeNet": "None", "netInterestIncome": "None", "interestIncome": "None", "interestExpense": "853543", "nonInterestIncome": "None", "otherNonOperatingIncome": "None", "depreciation": "None", "depreciationAndAmortization": "127472", "incomeBeforeTax": "-4333000", "incomeTaxExpense": "1595000", "interestAndDebtExpense": "None", "netIncomeFromContinuingOperations": "None", "comprehensiveIncomeNetOfTax": "None", "ebit": "-3479472", "ebitda": "-3352000", "netIncome": "-4333000"}, {"fiscalDateEnding": "2016-12-31", "reportedCurrency": "USD", "grossProfit": "202636", "totalRevenue": "320746", "costOfRevenue": "118110", "costofGoodsAndServicesSold": "118110", "operatingIncome": "-4322000", "sellingGeneralAndAdministrative": "4393000", "researchAndDevelopment": "29072", "operatingExpenses": "4525000", "investmentIncomeNet": "None", "netInterestIncome": "None", "interestIncome": "None", "interestExpense": "926752", "nonInterestIncome": "None", "otherNonOperatingIncome": "None", "depreciation": "None", "depreciationAndAmortization": "103079", "incomeBeforeTax": "7693000", "incomeTaxExpense": "-12942000", "interestAndDebtExpense": "None", "netIncomeFromContinuingOperations": "None", "comprehensiveIncomeNetOfTax": "None", "ebit": "-4322079", "ebitda": "-4219000", "netIncome": "7693000"}, {"fiscalDateEnding": "2016-09-30", "reportedCurrency": "USD", "grossProfit": "649006", "totalRevenue": "649006", "costOfRevenue": "None", "costofGoodsAndServicesSold": "None", "operatingIncome": "-7105000", "sellingGeneralAndAdministrative": "2335000", "researchAndDevelopment": "255936", "operatingExpenses": "4642000", "investmentIncomeNet": "None", "netInterestIncome": "None", "interestIncome": "None", "interestExpense": "602700", "nonInterestIncome": "None", "otherNonOperatingIncome": "None", "depreciation": "None", "depreciationAndAmortization": "112644", "incomeBeforeTax": "-4169000", "incomeTaxExpense": "5668000", "interestAndDebtExpense": "None", "netIncomeFromContinuingOperations": "None", "comprehensiveIncomeNetOfTax": "None", "ebit": "-3394644", "ebitda": "-3282000", "netIncome": "-4169000"}, {"fiscalDateEnding": "2015-09-30", "reportedCurrency": "USD", "grossProfit": "75312", "totalRevenue": "75312", "costOfRevenue": "None", "costofGoodsAndServicesSold": "None", "operatingIncome": "-3700000", "sellingGeneralAndAdministrative": "5690000", "researchAndDevelopment": "None", "operatingExpenses": "3776000", "investmentIncomeNet": "None", "netInterestIncome": "None", "interestIncome": "None", "interestExpense": "468790", "nonInterestIncome": "None", "otherNonOperatingIncome": "None", "depreciation": "None", "depreciationAndAmortization": "441496", "incomeBeforeTax": "-28406000", "incomeTaxExpense": "20479000", "interestAndDebtExpense": "None", "netIncomeFromContinuingOperations": "None", "comprehensiveIncomeNetOfTax": "None", "ebit": "-27937496", "ebitda": "-27496000", "netIncome": "-28406000"}, {"fiscalDateEnding": "2015-06-30", "reportedCurrency": "USD", "grossProfit": "11046", "totalRevenue": "11046", "costOfRevenue": "None", "costofGoodsAndServicesSold": "None", "operatingIncome": "-490185", "sellingGeneralAndAdministrative": "456360", "researchAndDevelopment": "853", "operatingExpenses": "4263318", "investmentIncomeNet": "None", "netInterestIncome": "None", "interestIncome": "None", "interestExpense": "33974", "nonInterestIncome": "None", "otherNonOperatingIncome": "None", "depreciation": "None", "depreciationAndAmortization": "11469", "incomeBeforeTax": "-3415771", "incomeTaxExpense": "26259", "interestAndDebtExpense": "None", "netIncomeFromContinuingOperations": "None", "comprehensiveIncomeNetOfTax": "None", "ebit": "-3349248", "ebitda": "-3337779", "netIncome": "-3415771"}, {"fiscalDateEnding": "2015-03-31", "reportedCurrency": "USD", "grossProfit": "None", "totalRevenue": "None", "costOfRevenue": "None", "costofGoodsAndServicesSold": "None", "operatingIncome": "-708107", "sellingGeneralAndAdministrative": "472836", "researchAndDevelopment": "24000", "operatingExpenses": "508107", "investmentIncomeNet": "None", "netInterestIncome": "None", "interestIncome": "None", "interestExpense": "1755", "nonInterestIncome": "None", "otherNonOperatingIncome": "None", "depreciation": "None", "depreciationAndAmortization": "11271", "incomeBeforeTax": "-709862", "incomeTaxExpense": "1755", "interestAndDebtExpense": "None", "netIncomeFromContinuingOperations": "None", "comprehensiveIncomeNetOfTax": "None", "ebit": "-708107", "ebitda": "-696836", "netIncome": "-709862"}, {"fiscalDateEnding": "2014-12-31", "reportedCurrency": "USD", "grossProfit": "None", "totalRevenue": "None", "costOfRevenue": "None", "costofGoodsAndServicesSold": "None", "operatingIncome": "-382000", "sellingGeneralAndAdministrative": "367174", "researchAndDevelopment": "1500", "operatingExpenses": "381930", "investmentIncomeNet": "None", "netInterestIncome": "None", "interestIncome": "None", "interestExpense": "9550", "nonInterestIncome": "None", "otherNonOperatingIncome": "None", "depreciation": "None", "depreciationAndAmortization": "113436", "incomeBeforeTax": "-454000", "incomeTaxExpense": "71616", "interestAndDebtExpense": "None", "netIncomeFromContinuingOperations": "None", "comprehensiveIncomeNetOfTax": "None", "ebit": "-453436", "ebitda": "-340000", "netIncome": "-454000"}, {"fiscalDateEnding": "2014-09-30", "reportedCurrency": "USD", "grossProfit": "None", "totalRevenue": "None", "costOfRevenue": "None", "costofGoodsAndServicesSold": "None", "operatingIncome": "-111149", "sellingGeneralAndAdministrative": "98996", "researchAndDevelopment": "None", "operatingExpenses": "111149", "investmentIncomeNet": "None", "netInterestIncome": "None", "interestIncome": "None", "interestExpense": "33175", "nonInterestIncome": "None", "otherNonOperatingIncome": "None", "depreciation": "None", "depreciationAndAmortization": "11890", "incomeBeforeTax": "-144324", "incomeTaxExpense": "1", "interestAndDebtExpense": "None", "netIncomeFromContinuingOperations": "None", "comprehensiveIncomeNetOfTax": "None", "ebit": "-111149", "ebitda": "-99259", "netIncome": "-144324"}, {"fiscalDateEnding": "2014-06-30", "reportedCurrency": "USD", "grossProfit": "None", "totalRevenue": "None", "costOfRevenue": "None", "costofGoodsAndServicesSold": "None", "operatingIncome": "-161000", "sellingGeneralAndAdministrative": "146100", "researchAndDevelopment": "None", "operatingExpenses": "161386", "investmentIncomeNet": "None", "netInterestIncome": "None", "interestIncome": "None", "interestExpense": "22500", "nonInterestIncome": "None", "otherNonOperatingIncome": "None", "depreciation": "None", "depreciationAndAmortization": "11891", "incomeBeforeTax": "-184000", "incomeTaxExpense": "22500", "interestAndDebtExpense": "None", "netIncomeFromContinuingOperations": "None", "comprehensiveIncomeNetOfTax": "None", "ebit": "-160891", "ebitda": "-149000", "netIncome": "-184000"}, {"fiscalDateEnding": "2014-03-31", "reportedCurrency": "USD", "grossProfit": "None", "totalRevenue": "None", "costOfRevenue": "None", "costofGoodsAndServicesSold": "None", "operatingIncome": "-112274", "sellingGeneralAndAdministrative": "98176", "researchAndDevelopment": "2474", "operatingExpenses": "112274", "investmentIncomeNet": "None", "netInterestIncome": "None", "interestIncome": "None", "interestExpense": "9550", "nonInterestIncome": "None", "otherNonOperatingIncome": "None", "depreciation": "None", "depreciationAndAmortization": "11625", "incomeBeforeTax": "-121824", "incomeTaxExpense": "9550", "interestAndDebtExpense": "None", "netIncomeFromContinuingOperations": "None", "comprehensiveIncomeNetOfTax": "None", "ebit": "-112275", "ebitda": "-100650", "netIncome": "-121824"}, {"fiscalDateEnding": "2013-09-30", "reportedCurrency": "USD", "grossProfit": "82242", "totalRevenue": "82942", "costOfRevenue": "700", "costofGoodsAndServicesSold": "700", "operatingIncome": "-294719", "sellingGeneralAndAdministrative": "240533", "researchAndDevelopment": "43000", "operatingExpenses": "294719", "investmentIncomeNet": "None", "netInterestIncome": "None", "interestIncome": "None", "interestExpense": "None", "nonInterestIncome": "None", "otherNonOperatingIncome": "None", "depreciation": "None", "depreciationAndAmortization": "11186", "incomeBeforeTax": "-294719", "incomeTaxExpense": "None", "interestAndDebtExpense": "None", "netIncomeFromContinuingOperations": "None", "comprehensiveIncomeNetOfTax": "None", "ebit": "-294719", "ebitda": "-283533", "netIncome": "-294719"}, {"fiscalDateEnding": "2013-06-30", "reportedCurrency": "USD", "grossProfit": "None", "totalRevenue": "None", "costOfRevenue": "None", "costofGoodsAndServicesSold": "None", "operatingIncome": "-8801", "sellingGeneralAndAdministrative": "8801", "researchAndDevelopment": "None", "operatingExpenses": "8801", "investmentIncomeNet": "None", "netInterestIncome": "None", "interestIncome": "None", "interestExpense": "None", "nonInterestIncome": "None", "otherNonOperatingIncome": "None", "depreciation": "None", "depreciationAndAmortization": "10859", "incomeBeforeTax": "-8801", "incomeTaxExpense": "-10859", "interestAndDebtExpense": "None", "netIncomeFromContinuingOperations": "None", "comprehensiveIncomeNetOfTax": "None", "ebit": "-8801", "ebitda": "2058", "netIncome": "-8801"}, {"fiscalDateEnding": "2013-03-31", "reportedCurrency": "USD", "grossProfit": "-349686", "totalRevenue": "-9250", "costOfRevenue": "340436", "costofGoodsAndServicesSold": "340436", "operatingIncome": "-299000", "sellingGeneralAndAdministrative": "288149", "researchAndDevelopment": "7511", "operatingExpenses": "299009", "investmentIncomeNet": "None", "netInterestIncome": "None", "interestIncome": "None", "interestExpense": "None", "nonInterestIncome": "None", "otherNonOperatingIncome": "None", "depreciation": "None", "depreciationAndAmortization": "10859", "incomeBeforeTax": "-299000", "incomeTaxExpense": "-10503", "interestAndDebtExpense": "None", "netIncomeFromContinuingOperations": "None", "comprehensiveIncomeNetOfTax": "None", "ebit": "-298859", "ebitda": "-288000", "netIncome": "-299000"}, {"fiscalDateEnding": "2012-09-30", "reportedCurrency": "USD", "grossProfit": "82242", "totalRevenue": "82942", "costOfRevenue": "700", "costofGoodsAndServicesSold": "700", "operatingIncome": "-183290", "sellingGeneralAndAdministrative": "255029", "researchAndDevelopment": "None", "operatingExpenses": "265532", "investmentIncomeNet": "None", "netInterestIncome": "None", "interestIncome": "None", "interestExpense": "None", "nonInterestIncome": "None", "otherNonOperatingIncome": "None", "depreciation": "None", "depreciationAndAmortization": "10504", "incomeBeforeTax": "-183290", "incomeTaxExpense": "None", "interestAndDebtExpense": "None", "netIncomeFromContinuingOperations": "None", "comprehensiveIncomeNetOfTax": "None", "ebit": "-183291", "ebitda": "-172787", "netIncome": "-183290"}, {"fiscalDateEnding": "2012-06-30", "reportedCurrency": "USD", "grossProfit": "None", "totalRevenue": "None", "costOfRevenue": "None", "costofGoodsAndServicesSold": "None", "operatingIncome": "-750", "sellingGeneralAndAdministrative": "None", "researchAndDevelopment": "None", "operatingExpenses": "750", "investmentIncomeNet": "None", "netInterestIncome": "None", "interestIncome": "None", "interestExpense": "None", "nonInterestIncome": "None", "otherNonOperatingIncome": "None", "depreciation": "None", "depreciationAndAmortization": "None", "incomeBeforeTax": "-750", "incomeTaxExpense": "None", "interestAndDebtExpense": "None", "netIncomeFromContinuingOperations": "None", "comprehensiveIncomeNetOfTax": "None", "ebit": "None", "ebitda": "-750", "netIncome": "-750"}, {"fiscalDateEnding": "2012-03-31", "reportedCurrency": "USD", "grossProfit": "None", "totalRevenue": "None", "costOfRevenue": "None", "costofGoodsAndServicesSold": "None", "operatingIncome": "-750", "sellingGeneralAndAdministrative": "None", "researchAndDevelopment": "None", "operatingExpenses": "750", "investmentIncomeNet": "None", "netInterestIncome": "None", "interestIncome": "None", "interestExpense": "None", "nonInterestIncome": "None", "otherNonOperatingIncome": "None", "depreciation": "None", "depreciationAndAmortization": "None", "incomeBeforeTax": "-750", "incomeTaxExpense": "None", "interestAndDebtExpense": "None", "netIncomeFromContinuingOperations": "None", "comprehensiveIncomeNetOfTax": "None", "ebit": "None", "ebitda": "-750", "netIncome": "-750"}]}