{"symbol": "SLG", "annualReports": [{"fiscalDateEnding": "2025-12-31", "reportedCurrency": "USD", "grossProfit": "341788000", "totalRevenue": "1003046000", "costOfRevenue": "661258000", "costofGoodsAndServicesSold": "661258000", "operatingIncome": "154006000", "sellingGeneralAndAdministrative": "103252000", "researchAndDevelopment": "None", "operatingExpenses": "187782000", "investmentIncomeNet": "None", "netInterestIncome": "None", "interestIncome": "252925000", "interestExpense": "None", "nonInterestIncome": "None", "otherNonOperatingIncome": "None", "depreciation": "None", "depreciationAndAmortization": "255713000", "incomeBeforeTax": "-96921000", "incomeTaxExpense": "None", "interestAndDebtExpense": "None", "netIncomeFromContinuingOperations": "None", "comprehensiveIncomeNetOfTax": "None", "ebit": "154006000", "ebitda": "409719000", "netIncome": "-88277000"}, {"fiscalDateEnding": "2024-12-31", "reportedCurrency": "USD", "grossProfit": "252630000", "totalRevenue": "706577000", "costOfRevenue": "453947000", "costofGoodsAndServicesSold": "453947000", "operatingIncome": "167443000", "sellingGeneralAndAdministrative": "85187000", "researchAndDevelopment": "None", "operatingExpenses": "85187000", "investmentIncomeNet": "None", "netInterestIncome": "-168473000", "interestIncome": "3962000", "interestExpense": "165322000", "nonInterestIncome": "None", "otherNonOperatingIncome": "None", "depreciation": "None", "depreciationAndAmortization": "210021000", "incomeBeforeTax": "30222000", "incomeTaxExpense": "None", "interestAndDebtExpense": "None", "netIncomeFromContinuingOperations": "30222000", "comprehensiveIncomeNetOfTax": "None", "ebit": "-40730000", "ebitda": "169291000", "netIncome": "30653000"}, {"fiscalDateEnding": "2023-12-31", "reportedCurrency": "USD", "grossProfit": "375135000", "totalRevenue": "837201000", "costOfRevenue": "462066000", "costofGoodsAndServicesSold": "462066000", "operatingIncome": "263746000", "sellingGeneralAndAdministrative": "93356000", "researchAndDevelopment": "0.62", "operatingExpenses": "111389000", "investmentIncomeNet": "None", "netInterestIncome": "-155569000", "interestIncome": "2367000", "interestExpense": "144951000", "nonInterestIncome": "None", "otherNonOperatingIncome": "None", "depreciation": "None", "depreciationAndAmortization": "233585000", "incomeBeforeTax": "-585557000", "incomeTaxExpense": "-42033000", "interestAndDebtExpense": "None", "netIncomeFromContinuingOperations": "-503329000", "comprehensiveIncomeNetOfTax": "None", "ebit": "6735000", "ebitda": "240320000", "netIncome": "-543524000"}, {"fiscalDateEnding": "2022-12-31", "reportedCurrency": "USD", "grossProfit": "433055000", "totalRevenue": "861496000", "costOfRevenue": "428441000", "costofGoodsAndServicesSold": "428441000", "operatingIncome": "339257000", "sellingGeneralAndAdministrative": "93798000", "researchAndDevelopment": "0.08", "operatingExpenses": "93798000", "investmentIncomeNet": "None", "netInterestIncome": "-97290000", "interestIncome": "163497000", "interestExpense": "89473000", "nonInterestIncome": "None", "otherNonOperatingIncome": "-150391000", "depreciation": "None", "depreciationAndAmortization": "210450000", "incomeBeforeTax": "-76303000", "incomeTaxExpense": "89473000", "interestAndDebtExpense": "None", "netIncomeFromContinuingOperations": "-76303000", "comprehensiveIncomeNetOfTax": "None", "ebit": "120443000", "ebitda": "330893000", "netIncome": "-71631000"}, {"fiscalDateEnding": "2021-12-31", "reportedCurrency": "USD", "grossProfit": "440216000", "totalRevenue": "805908000", "costOfRevenue": "365692000", "costofGoodsAndServicesSold": "365692000", "operatingIncome": "345304000", "sellingGeneralAndAdministrative": "94912000", "researchAndDevelopment": "0.58", "operatingExpenses": "94912000", "investmentIncomeNet": "None", "netInterestIncome": "-82315000", "interestIncome": "39596000", "interestExpense": "72280000", "nonInterestIncome": "None", "otherNonOperatingIncome": "186283000", "depreciation": "None", "depreciationAndAmortization": "212809000", "incomeBeforeTax": "480632000", "incomeTaxExpense": "39062000", "interestAndDebtExpense": "None", "netIncomeFromContinuingOperations": "480632000", "comprehensiveIncomeNetOfTax": "None", "ebit": "127335000", "ebitda": "340144000", "netIncome": "457059000"}, {"fiscalDateEnding": "2020-12-31", "reportedCurrency": "USD", "grossProfit": "603693000", "totalRevenue": "1027549000", "costOfRevenue": "423856000", "costofGoodsAndServicesSold": "423856000", "operatingIncome": "511867000", "sellingGeneralAndAdministrative": "91826000", "researchAndDevelopment": "0.39", "operatingExpenses": "91826000", "investmentIncomeNet": "None", "netInterestIncome": "-128473000", "interestIncome": "36815000", "interestExpense": "118858000", "nonInterestIncome": "None", "otherNonOperatingIncome": "181478000", "depreciation": "None", "depreciationAndAmortization": "313668000", "incomeBeforeTax": "414758000", "incomeTaxExpense": "126440000", "interestAndDebtExpense": "None", "netIncomeFromContinuingOperations": "316733000", "comprehensiveIncomeNetOfTax": "None", "ebit": "198199000", "ebitda": "511867000", "netIncome": "379802000"}, {"fiscalDateEnding": "2019-12-31", "reportedCurrency": "USD", "grossProfit": "745849000", "totalRevenue": "1204477000", "costOfRevenue": "458628000", "costofGoodsAndServicesSold": "458628000", "operatingIncome": "644974000", "sellingGeneralAndAdministrative": "101604000", "researchAndDevelopment": "0.24", "operatingExpenses": "100875000", "investmentIncomeNet": "None", "netInterestIncome": "-202174000", "interestIncome": "4124000", "interestExpense": "194645000", "nonInterestIncome": "None", "otherNonOperatingIncome": "13261000", "depreciation": "None", "depreciationAndAmortization": "272358000", "incomeBeforeTax": "291487000", "incomeTaxExpense": "166145000", "interestAndDebtExpense": "None", "netIncomeFromContinuingOperations": "262333000", "comprehensiveIncomeNetOfTax": "None", "ebit": "372616000", "ebitda": "644974000", "netIncome": "281345000"}, {"fiscalDateEnding": "2018-12-31", "reportedCurrency": "USD", "grossProfit": "779201000", "totalRevenue": "1234703000", "costOfRevenue": "455502000", "costofGoodsAndServicesSold": "455502000", "operatingIncome": "686570000", "sellingGeneralAndAdministrative": "93730000", "researchAndDevelopment": "0.22", "operatingExpenses": "92631000", "investmentIncomeNet": "None", "netInterestIncome": "-221077000", "interestIncome": "1957000", "interestExpense": "210626000", "nonInterestIncome": "None", "otherNonOperatingIncome": "12408000", "depreciation": "None", "depreciationAndAmortization": "277491000", "incomeBeforeTax": "270856000", "incomeTaxExpense": "-186906000", "interestAndDebtExpense": "None", "netIncomeFromContinuingOperations": "2277208000", "comprehensiveIncomeNetOfTax": "None", "ebit": "407063000", "ebitda": "684554000", "netIncome": "258646000"}, {"fiscalDateEnding": "2017-12-31", "reportedCurrency": "USD", "grossProfit": "962447000", "totalRevenue": "1533365000", "costOfRevenue": "570918000", "costofGoodsAndServicesSold": "570918000", "operatingIncome": "861949000", "sellingGeneralAndAdministrative": "98664000", "researchAndDevelopment": "0.07", "operatingExpenses": "100498000", "investmentIncomeNet": "None", "netInterestIncome": "-273543000", "interestIncome": "1584000", "interestExpense": "258629000", "nonInterestIncome": "None", "otherNonOperatingIncome": "94801000", "depreciation": "None", "depreciationAndAmortization": "381200000", "incomeBeforeTax": "101069000", "incomeTaxExpense": "345854000", "interestAndDebtExpense": "None", "netIncomeFromContinuingOperations": "101069000", "comprehensiveIncomeNetOfTax": "None", "ebit": "458629000", "ebitda": "839829000", "netIncome": "112775000"}, {"fiscalDateEnding": "2016-12-31", "reportedCurrency": "USD", "grossProfit": "1187347000", "totalRevenue": "1781855000", "costOfRevenue": "594508000", "costofGoodsAndServicesSold": "594508000", "operatingIncome": "1087588000", "sellingGeneralAndAdministrative": "99800000", "researchAndDevelopment": "0.15", "operatingExpenses": "99759000", "investmentIncomeNet": "None", "netInterestIncome": "-345763000", "interestIncome": "2796000", "interestExpense": "323995000", "nonInterestIncome": "None", "otherNonOperatingIncome": "269352000", "depreciation": "None", "depreciationAndAmortization": "622041000", "incomeBeforeTax": "278911000", "incomeTaxExpense": "350853000", "interestAndDebtExpense": "None", "netIncomeFromContinuingOperations": "278911000", "comprehensiveIncomeNetOfTax": "None", "ebit": "360547000", "ebitda": "982588000", "netIncome": "261130999"}, {"fiscalDateEnding": "2015-12-31", "reportedCurrency": "USD", "grossProfit": "1108697000", "totalRevenue": "1675857000", "costOfRevenue": "567160000", "costofGoodsAndServicesSold": "567160000", "operatingIncome": "1013824000", "sellingGeneralAndAdministrative": "94900000", "researchAndDevelopment": "0", "operatingExpenses": "94873000", "investmentIncomeNet": "None", "netInterestIncome": "None", "interestIncome": "282268000", "interestExpense": "326818000", "nonInterestIncome": "None", "otherNonOperatingIncome": "177449000", "depreciation": "None", "depreciationAndAmortization": "373287000", "incomeBeforeTax": "302910000", "incomeTaxExpense": "158504000", "interestAndDebtExpense": "None", "netIncomeFromContinuingOperations": "302910000", "comprehensiveIncomeNetOfTax": "None", "ebit": "599537000", "ebitda": "972824000", "netIncome": "291051000"}, {"fiscalDateEnding": "2014-12-31", "reportedCurrency": "USD", "grossProfit": "975761000", "totalRevenue": "1508194000", "costOfRevenue": "532433000", "costofGoodsAndServicesSold": "532433000", "operatingIncome": "883273000", "sellingGeneralAndAdministrative": "92488000", "researchAndDevelopment": "0", "operatingExpenses": "92488000", "investmentIncomeNet": "None", "netInterestIncome": "None", "interestIncome": "None", "interestExpense": "319898000", "nonInterestIncome": "None", "otherNonOperatingIncome": "98943000", "depreciation": "None", "depreciationAndAmortization": "339910000", "incomeBeforeTax": "363729000", "incomeTaxExpense": "152431000", "interestAndDebtExpense": "None", "netIncomeFromContinuingOperations": "363729000", "comprehensiveIncomeNetOfTax": "None", "ebit": "547684000", "ebitda": "887594000", "netIncome": "520806000"}, {"fiscalDateEnding": "2013-12-31", "reportedCurrency": "USD", "grossProfit": "865170000", "totalRevenue": "1376786000", "costOfRevenue": "511616000", "costofGoodsAndServicesSold": "511616000", "operatingIncome": "778978000", "sellingGeneralAndAdministrative": "86192000", "researchAndDevelopment": "0", "operatingExpenses": "86192000", "investmentIncomeNet": "None", "netInterestIncome": "None", "interestIncome": "None", "interestExpense": "330215000", "nonInterestIncome": "None", "otherNonOperatingIncome": "-21756000", "depreciation": "None", "depreciationAndAmortization": "295961000", "incomeBeforeTax": "110696000", "incomeTaxExpense": "366662000", "interestAndDebtExpense": "None", "netIncomeFromContinuingOperations": "134658000", "comprehensiveIncomeNetOfTax": "None", "ebit": "463417000", "ebitda": "759378000", "netIncome": "137631000"}, {"fiscalDateEnding": "2012-12-31", "reportedCurrency": "USD", "grossProfit": "860459000", "totalRevenue": "1362770000", "costOfRevenue": "502311000", "costofGoodsAndServicesSold": "502311000", "operatingIncome": "467359000", "sellingGeneralAndAdministrative": "82840000", "researchAndDevelopment": "0", "operatingExpenses": "361386999", "investmentIncomeNet": "None", "netInterestIncome": "None", "interestIncome": "None", "interestExpense": "332188000", "nonInterestIncome": "None", "otherNonOperatingIncome": "91983000", "depreciation": "None", "depreciationAndAmortization": "293939000", "incomeBeforeTax": "170833000", "incomeTaxExpense": "353691000", "interestAndDebtExpense": "None", "netIncomeFromContinuingOperations": "193957000", "comprehensiveIncomeNetOfTax": "None", "ebit": "467359000", "ebitda": "761298000", "netIncome": "117117000"}, {"fiscalDateEnding": "2011-12-31", "reportedCurrency": "USD", "grossProfit": "799417000", "totalRevenue": "1263428000", "costOfRevenue": "464011000", "costofGoodsAndServicesSold": "464011000", "operatingIncome": "702447000", "sellingGeneralAndAdministrative": "118583000", "researchAndDevelopment": "0", "operatingExpenses": "122818000", "investmentIncomeNet": "None", "netInterestIncome": "None", "interestIncome": "None", "interestExpense": "287252000", "nonInterestIncome": "None", "otherNonOperatingIncome": "None", "depreciation": "None", "depreciationAndAmortization": "292311000", "incomeBeforeTax": "622477000", "incomeTaxExpense": "-237274000", "interestAndDebtExpense": "None", "netIncomeFromContinuingOperations": "None", "comprehensiveIncomeNetOfTax": "None", "ebit": "922805000", "ebitda": "1215116000", "netIncome": "601325000"}, {"fiscalDateEnding": "2010-12-31", "reportedCurrency": "USD", "grossProfit": "682672000", "totalRevenue": "1084386000", "costOfRevenue": "401714000", "costofGoodsAndServicesSold": "401714000", "operatingIncome": "111132000", "sellingGeneralAndAdministrative": "119012000", "researchAndDevelopment": "0", "operatingExpenses": "571540000", "investmentIncomeNet": "None", "netInterestIncome": "None", "interestIncome": "None", "interestExpense": "233647000", "nonInterestIncome": "None", "otherNonOperatingIncome": "28269000", "depreciation": "None", "depreciationAndAmortization": "240445000", "incomeBeforeTax": "276607000", "incomeTaxExpense": "120384000", "interestAndDebtExpense": "None", "netIncomeFromContinuingOperations": "278251000", "comprehensiveIncomeNetOfTax": "None", "ebit": "478594000", "ebitda": "719039000", "netIncome": "300575000"}, {"fiscalDateEnding": "2009-12-31", "reportedCurrency": "USD", "grossProfit": "514241000", "totalRevenue": "1010659000", "costOfRevenue": "496418000", "costofGoodsAndServicesSold": "496418000", "operatingIncome": "-75743000", "sellingGeneralAndAdministrative": "105818000", "researchAndDevelopment": "None", "operatingExpenses": "565934000", "investmentIncomeNet": "None", "netInterestIncome": "None", "interestIncome": "None", "interestExpense": "236961000", "nonInterestIncome": "None", "otherNonOperatingIncome": "None", "depreciation": "None", "depreciationAndAmortization": "235200000", "incomeBeforeTax": "71188000", "incomeTaxExpense": "-377646000", "interestAndDebtExpense": "None", "netIncomeFromContinuingOperations": "None", "comprehensiveIncomeNetOfTax": "None", "ebit": "-470090000", "ebitda": "-234890000", "netIncome": "57544000"}, {"fiscalDateEnding": "2008-12-31", "reportedCurrency": "USD", "grossProfit": "638031000", "totalRevenue": "1116861000", "costOfRevenue": "478830000", "costofGoodsAndServicesSold": "478830000", "operatingIncome": "491757000", "sellingGeneralAndAdministrative": "136077000", "researchAndDevelopment": "None", "operatingExpenses": "648247000", "investmentIncomeNet": "None", "netInterestIncome": "None", "interestIncome": "None", "interestExpense": "299705000", "nonInterestIncome": "None", "otherNonOperatingIncome": "None", "depreciation": "None", "depreciationAndAmortization": "229510000", "incomeBeforeTax": "44966000", "incomeTaxExpense": "70143000", "interestAndDebtExpense": "None", "netIncomeFromContinuingOperations": "None", "comprehensiveIncomeNetOfTax": "None", "ebit": "344671000", "ebitda": "574181000", "netIncome": "380810000"}, {"fiscalDateEnding": "2007-12-31", "reportedCurrency": "USD", "grossProfit": "1022134000", "totalRevenue": "1054523000", "costOfRevenue": "32389000", "costofGoodsAndServicesSold": "32389000", "operatingIncome": "377239000", "sellingGeneralAndAdministrative": "137433000", "researchAndDevelopment": "None", "operatingExpenses": "644895000", "investmentIncomeNet": "None", "netInterestIncome": "None", "interestIncome": "None", "interestExpense": "251537000", "nonInterestIncome": "None", "otherNonOperatingIncome": "None", "depreciation": "None", "depreciationAndAmortization": "204831000", "incomeBeforeTax": "158931000", "incomeTaxExpense": "-2271000", "interestAndDebtExpense": "None", "netIncomeFromContinuingOperations": "None", "comprehensiveIncomeNetOfTax": "None", "ebit": "393894000", "ebitda": "598725000", "netIncome": "660410000"}, {"fiscalDateEnding": "2006-12-31", "reportedCurrency": "USD", "grossProfit": "532127000", "totalRevenue": "552277000", "costOfRevenue": "20150000", "costofGoodsAndServicesSold": "20150000", "operatingIncome": "164535000", "sellingGeneralAndAdministrative": "65741000", "researchAndDevelopment": "None", "operatingExpenses": "309142000", "investmentIncomeNet": "None", "netInterestIncome": "None", "interestIncome": "None", "interestExpense": "0", "nonInterestIncome": "None", "otherNonOperatingIncome": "None", "depreciation": "None", "depreciationAndAmortization": "80230000", "incomeBeforeTax": "130191000", "incomeTaxExpense": "63234000", "interestAndDebtExpense": "None", "netIncomeFromContinuingOperations": "None", "comprehensiveIncomeNetOfTax": "None", "ebit": "164535000", "ebitda": "244765000", "netIncome": "220719000"}], "quarterlyReports": [{"fiscalDateEnding": "2025-12-31", "reportedCurrency": "None", "grossProfit": "98834000", "totalRevenue": "276467000", "costOfRevenue": "177633000", "costofGoodsAndServicesSold": "177633000", "operatingIncome": "13772000", "sellingGeneralAndAdministrative": "None", "researchAndDevelopment": "None", "operatingExpenses": "85062000", "investmentIncomeNet": "None", "netInterestIncome": "None", "interestIncome": "None", "interestExpense": "None", "nonInterestIncome": "None", "otherNonOperatingIncome": "None", "depreciation": "None", "depreciationAndAmortization": "67839000", "incomeBeforeTax": "-103720000", "incomeTaxExpense": "None", "interestAndDebtExpense": "None", "netIncomeFromContinuingOperations": "None", "comprehensiveIncomeNetOfTax": "None", "ebit": "13772000", "ebitda": "81611000", "netIncome": "-98658000"}, {"fiscalDateEnding": "2025-09-30", "reportedCurrency": "USD", "grossProfit": "207190000", "totalRevenue": "244817000", "costOfRevenue": "37627000", "costofGoodsAndServicesSold": "37627000", "operatingIncome": "183489000", "sellingGeneralAndAdministrative": "23701000", "researchAndDevelopment": "None", "operatingExpenses": "23701000", "investmentIncomeNet": "None", "netInterestIncome": "-48959000", "interestIncome": "12335000", "interestExpense": "47235000", "nonInterestIncome": "None", "otherNonOperatingIncome": "None", "depreciation": "None", "depreciationAndAmortization": "63216000", "incomeBeforeTax": "24874000", "incomeTaxExpense": "-10287000", "interestAndDebtExpense": "None", "netIncomeFromContinuingOperations": "35161000", "comprehensiveIncomeNetOfTax": "None", "ebit": "72109000", "ebitda": "135325000", "netIncome": "30766000"}, {"fiscalDateEnding": "2025-06-30", "reportedCurrency": "USD", "grossProfit": "145621000", "totalRevenue": "219141000", "costOfRevenue": "73520000", "costofGoodsAndServicesSold": "73520000", "operatingIncome": "124042000", "sellingGeneralAndAdministrative": "21579000", "researchAndDevelopment": "None", "operatingExpenses": "21579000", "investmentIncomeNet": "None", "netInterestIncome": "-47028000", "interestIncome": "22988000", "interestExpense": "68110000", "nonInterestIncome": "None", "otherNonOperatingIncome": "None", "depreciation": "None", "depreciationAndAmortization": "61664000", "incomeBeforeTax": "-6817000", "incomeTaxExpense": "None", "interestAndDebtExpense": "None", "netIncomeFromContinuingOperations": "-6817000", "comprehensiveIncomeNetOfTax": "None", "ebit": "62335000", "ebitda": "123999000", "netIncome": "-5202000"}, {"fiscalDateEnding": "2025-03-31", "reportedCurrency": "USD", "grossProfit": "119867000", "totalRevenue": "241016000", "costOfRevenue": "121149000", "costofGoodsAndServicesSold": "121149000", "operatingIncome": "98143000", "sellingGeneralAndAdministrative": "21724000", "researchAndDevelopment": "None", "operatingExpenses": "21724000", "investmentIncomeNet": "None", "netInterestIncome": "-61340000", "interestIncome": "1191000", "interestExpense": "45681000", "nonInterestIncome": "None", "otherNonOperatingIncome": "None", "depreciation": "None", "depreciationAndAmortization": "66107000", "incomeBeforeTax": "-21545000", "incomeTaxExpense": "None", "interestAndDebtExpense": "None", "netIncomeFromContinuingOperations": "-21545000", "comprehensiveIncomeNetOfTax": "None", "ebit": "33690000", "ebitda": "99797000", "netIncome": "-15183000"}, {"fiscalDateEnding": "2024-12-31", "reportedCurrency": "USD", "grossProfit": "-151794000", "totalRevenue": "-33873000", "costOfRevenue": "117921000", "costofGoodsAndServicesSold": "117921000", "operatingIncome": "-174621000", "sellingGeneralAndAdministrative": "22827000", "researchAndDevelopment": "None", "operatingExpenses": "22827000", "investmentIncomeNet": "None", "netInterestIncome": "-51191000", "interestIncome": "840000", "interestExpense": "50134000", "nonInterestIncome": "None", "otherNonOperatingIncome": "None", "depreciation": "None", "depreciationAndAmortization": "54266000", "incomeBeforeTax": "19138000", "incomeTaxExpense": "None", "interestAndDebtExpense": "None", "netIncomeFromContinuingOperations": "19138000", "comprehensiveIncomeNetOfTax": "None", "ebit": "-230006000", "ebitda": "-175740000", "netIncome": "15253000"}, {"fiscalDateEnding": "2024-09-30", "reportedCurrency": "USD", "grossProfit": "89661000", "totalRevenue": "214263000", "costOfRevenue": "124602000", "costofGoodsAndServicesSold": "124602000", "operatingIncome": "68646000", "sellingGeneralAndAdministrative": "21015000", "researchAndDevelopment": "None", "operatingExpenses": "21015000", "investmentIncomeNet": "None", "netInterestIncome": "-47090000", "interestIncome": "1053000", "interestExpense": "46307000", "nonInterestIncome": "None", "otherNonOperatingIncome": "None", "depreciation": "None", "depreciationAndAmortization": "54010000", "incomeBeforeTax": "-9264000", "incomeTaxExpense": "-7345000", "interestAndDebtExpense": "None", "netIncomeFromContinuingOperations": "-9264000", "comprehensiveIncomeNetOfTax": "None", "ebit": "17249000", "ebitda": "71259000", "netIncome": "-7365000"}, {"fiscalDateEnding": "2024-06-30", "reportedCurrency": "USD", "grossProfit": "119198000", "totalRevenue": "227145000", "costOfRevenue": "107947000", "costofGoodsAndServicesSold": "107947000", "operatingIncome": "99166000", "sellingGeneralAndAdministrative": "20032000", "researchAndDevelopment": "None", "operatingExpenses": "20032000", "investmentIncomeNet": "None", "netInterestIncome": "-37480000", "interestIncome": "1202000", "interestExpense": "36841000", "nonInterestIncome": "None", "otherNonOperatingIncome": "None", "depreciation": "None", "depreciationAndAmortization": "53112000", "incomeBeforeTax": "1959000", "incomeTaxExpense": "-2024000", "interestAndDebtExpense": "None", "netIncomeFromContinuingOperations": "1959000", "comprehensiveIncomeNetOfTax": "None", "ebit": "45064000", "ebitda": "98176000", "netIncome": "3983000"}, {"fiscalDateEnding": "2024-03-31", "reportedCurrency": "USD", "grossProfit": "195565000", "totalRevenue": "299042000", "costOfRevenue": "103477000", "costofGoodsAndServicesSold": "103477000", "operatingIncome": "174252000", "sellingGeneralAndAdministrative": "21313000", "researchAndDevelopment": "None", "operatingExpenses": "21313000", "investmentIncomeNet": "None", "netInterestIncome": "-32712000", "interestIncome": "867000", "interestExpense": "32040000", "nonInterestIncome": "None", "otherNonOperatingIncome": "None", "depreciation": "None", "depreciationAndAmortization": "48633000", "incomeBeforeTax": "18389000", "incomeTaxExpense": "-393000", "interestAndDebtExpense": "None", "netIncomeFromContinuingOperations": "18389000", "comprehensiveIncomeNetOfTax": "None", "ebit": "126963000", "ebitda": "175596000", "netIncome": "18782000"}, {"fiscalDateEnding": "2023-12-31", "reportedCurrency": "USD", "grossProfit": "82111000", "totalRevenue": "179685000", "costOfRevenue": "97574000", "costofGoodsAndServicesSold": "97574000", "operatingIncome": "39854000", "sellingGeneralAndAdministrative": "42257000", "researchAndDevelopment": "None", "operatingExpenses": "42257000", "investmentIncomeNet": "None", "netInterestIncome": "-28910000", "interestIncome": "841000", "interestExpense": "28241000", "nonInterestIncome": "None", "otherNonOperatingIncome": "None", "depreciation": "None", "depreciationAndAmortization": "49139000", "incomeBeforeTax": "-146278000", "incomeTaxExpense": "-221736000", "interestAndDebtExpense": "None", "netIncomeFromContinuingOperations": "-160058000", "comprehensiveIncomeNetOfTax": "None", "ebit": "-11516000", "ebitda": "37623000", "netIncome": "-136197000"}, {"fiscalDateEnding": "2023-09-30", "reportedCurrency": "USD", "grossProfit": "74226000", "totalRevenue": "195060000", "costOfRevenue": "120834000", "costofGoodsAndServicesSold": "120834000", "operatingIncome": "51353000", "sellingGeneralAndAdministrative": "22873000", "researchAndDevelopment": "None", "operatingExpenses": "22873000", "investmentIncomeNet": "None", "netInterestIncome": "-29592000", "interestIncome": "34535000", "interestExpense": "28507000", "nonInterestIncome": "None", "otherNonOperatingIncome": "None", "depreciation": "None", "depreciationAndAmortization": "50782000", "incomeBeforeTax": "-21694000", "incomeTaxExpense": "15691000", "interestAndDebtExpense": "None", "netIncomeFromContinuingOperations": "-21694000", "comprehensiveIncomeNetOfTax": "None", "ebit": "-3024000", "ebitda": "47758000", "netIncome": "-18326000"}, {"fiscalDateEnding": "2023-06-30", "reportedCurrency": "USD", "grossProfit": "107771000", "totalRevenue": "224104000", "costOfRevenue": "116333000", "costofGoodsAndServicesSold": "116333000", "operatingIncome": "84797000", "sellingGeneralAndAdministrative": "22974000", "researchAndDevelopment": "None", "operatingExpenses": "22974000", "investmentIncomeNet": "None", "netInterestIncome": "-42775000", "interestIncome": "82116000", "interestExpense": "40621000", "nonInterestIncome": "None", "otherNonOperatingIncome": "-50764000", "depreciation": "None", "depreciationAndAmortization": "63121000", "incomeBeforeTax": "-379228000", "incomeTaxExpense": "207632000", "interestAndDebtExpense": "None", "netIncomeFromContinuingOperations": "-379228000", "comprehensiveIncomeNetOfTax": "None", "ebit": "13583000", "ebitda": "76704000", "netIncome": "-354606000"}, {"fiscalDateEnding": "2023-03-31", "reportedCurrency": "USD", "grossProfit": "111026000", "totalRevenue": "238352000", "costOfRevenue": "127326000", "costofGoodsAndServicesSold": "127326000", "operatingIncome": "87741000", "sellingGeneralAndAdministrative": "23285000", "researchAndDevelopment": "None", "operatingExpenses": "23285000", "investmentIncomeNet": "None", "netInterestIncome": "-43674000", "interestIncome": "50926000", "interestExpense": "41653000", "nonInterestIncome": "None", "otherNonOperatingIncome": "-11163000", "depreciation": "None", "depreciationAndAmortization": "70543000", "incomeBeforeTax": "-38357000", "incomeTaxExpense": "-1587000", "interestAndDebtExpense": "None", "netIncomeFromContinuingOperations": "-38357000", "comprehensiveIncomeNetOfTax": "None", "ebit": "7692000", "ebitda": "78235000", "netIncome": "-34395000"}, {"fiscalDateEnding": "2022-12-31", "reportedCurrency": "USD", "grossProfit": "106709000", "totalRevenue": "290893000", "costOfRevenue": "184184000", "costofGoodsAndServicesSold": "184184000", "operatingIncome": "82485000", "sellingGeneralAndAdministrative": "24224000", "researchAndDevelopment": "None", "operatingExpenses": "24224000", "investmentIncomeNet": "None", "netInterestIncome": "-39528000", "interestIncome": "66994000", "interestExpense": "36975000", "nonInterestIncome": "None", "otherNonOperatingIncome": "-51986000", "depreciation": "None", "depreciationAndAmortization": "79424000", "incomeBeforeTax": "-64050000", "incomeTaxExpense": "36975000", "interestAndDebtExpense": "None", "netIncomeFromContinuingOperations": "-64050000", "comprehensiveIncomeNetOfTax": "None", "ebit": "6030000", "ebitda": "85454000", "netIncome": "-58940000"}, {"fiscalDateEnding": "2022-09-30", "reportedCurrency": "USD", "grossProfit": "102949000", "totalRevenue": "190459000", "costOfRevenue": "87510000", "costofGoodsAndServicesSold": "87510000", "operatingIncome": "81673000", "sellingGeneralAndAdministrative": "21276000", "researchAndDevelopment": "None", "operatingExpenses": "21276000", "investmentIncomeNet": "None", "netInterestIncome": "-23867000", "interestIncome": "46981000", "interestExpense": "21993000", "nonInterestIncome": "None", "otherNonOperatingIncome": "-19764000", "depreciation": "None", "depreciationAndAmortization": "48278000", "incomeBeforeTax": "12211000", "incomeTaxExpense": "21824000", "interestAndDebtExpense": "None", "netIncomeFromContinuingOperations": "12211000", "comprehensiveIncomeNetOfTax": "None", "ebit": "33211000", "ebitda": "81489000", "netIncome": "12713000"}, {"fiscalDateEnding": "2022-06-30", "reportedCurrency": "USD", "grossProfit": "120042000", "totalRevenue": "196895000", "costOfRevenue": "76853000", "costofGoodsAndServicesSold": "76853000", "operatingIncome": "96520000", "sellingGeneralAndAdministrative": "23522000", "researchAndDevelopment": "None", "operatingExpenses": "23522000", "investmentIncomeNet": "None", "netInterestIncome": "-16877000", "interestIncome": "366000", "interestExpense": "15326000", "nonInterestIncome": "None", "otherNonOperatingIncome": "-70976000", "depreciation": "None", "depreciationAndAmortization": "47094000", "incomeBeforeTax": "-37949000", "incomeTaxExpense": "17200000", "interestAndDebtExpense": "None", "netIncomeFromContinuingOperations": "-37949000", "comprehensiveIncomeNetOfTax": "None", "ebit": "49606000", "ebitda": "96700000", "netIncome": "-38540000"}, {"fiscalDateEnding": "2022-03-31", "reportedCurrency": "USD", "grossProfit": "103355000", "totalRevenue": "183249000", "costOfRevenue": "79894000", "costofGoodsAndServicesSold": "79894000", "operatingIncome": "78579000", "sellingGeneralAndAdministrative": "24776000", "researchAndDevelopment": "None", "operatingExpenses": "24776000", "investmentIncomeNet": "None", "netInterestIncome": "-17018000", "interestIncome": "278000", "interestExpense": "15348000", "nonInterestIncome": "None", "otherNonOperatingIncome": "-7665000", "depreciation": "None", "depreciationAndAmortization": "47088000", "incomeBeforeTax": "13485000", "incomeTaxExpense": "15348000", "interestAndDebtExpense": "None", "netIncomeFromContinuingOperations": "13485000", "comprehensiveIncomeNetOfTax": "None", "ebit": "31596000", "ebitda": "78684000", "netIncome": "13136000"}, {"fiscalDateEnding": "2021-12-31", "reportedCurrency": "USD", "grossProfit": "66599000", "totalRevenue": "147900000", "costOfRevenue": "81301000", "costofGoodsAndServicesSold": "81301000", "operatingIncome": "40113000", "sellingGeneralAndAdministrative": "26486000", "researchAndDevelopment": "None", "operatingExpenses": "26486000", "investmentIncomeNet": "None", "netInterestIncome": "-15655000", "interestIncome": "66512000", "interestExpense": "14037000", "nonInterestIncome": "None", "otherNonOperatingIncome": "None", "depreciation": "None", "depreciationAndAmortization": "39138000", "incomeBeforeTax": "-48181000", "incomeTaxExpense": "14037000", "interestAndDebtExpense": "None", "netIncomeFromContinuingOperations": "-48181000", "comprehensiveIncomeNetOfTax": "None", "ebit": "-7222000", "ebitda": "31916000", "netIncome": "-45719000"}, {"fiscalDateEnding": "2021-09-30", "reportedCurrency": "USD", "grossProfit": "110334000", "totalRevenue": "189714000", "costOfRevenue": "79380000", "costofGoodsAndServicesSold": "79380000", "operatingIncome": "86857000", "sellingGeneralAndAdministrative": "23477000", "researchAndDevelopment": "None", "operatingExpenses": "23477000", "investmentIncomeNet": "None", "netInterestIncome": "-17152000", "interestIncome": "174891000", "interestExpense": "15142000", "nonInterestIncome": "None", "otherNonOperatingIncome": "168654000", "depreciation": "None", "depreciationAndAmortization": "49553000", "incomeBeforeTax": "415534000", "incomeTaxExpense": "21088000", "interestAndDebtExpense": "None", "netIncomeFromContinuingOperations": "415534000", "comprehensiveIncomeNetOfTax": "None", "ebit": "37580000", "ebitda": "87133000", "netIncome": "393766000"}, {"fiscalDateEnding": "2021-06-30", "reportedCurrency": "USD", "grossProfit": "110779000", "totalRevenue": "205137000", "costOfRevenue": "94358000", "costofGoodsAndServicesSold": "94358000", "operatingIncome": "88715000", "sellingGeneralAndAdministrative": "22064000", "researchAndDevelopment": "None", "operatingExpenses": "22064000", "investmentIncomeNet": "None", "netInterestIncome": "-22346000", "interestIncome": "28792000", "interestExpense": "19324000", "nonInterestIncome": "None", "otherNonOperatingIncome": "91075000", "depreciation": "None", "depreciationAndAmortization": "59153000", "incomeBeforeTax": "117134000", "incomeTaxExpense": "12232000", "interestAndDebtExpense": "None", "netIncomeFromContinuingOperations": "117134000", "comprehensiveIncomeNetOfTax": "None", "ebit": "31454000", "ebitda": "90607000", "netIncome": "110892000"}, {"fiscalDateEnding": "2021-03-31", "reportedCurrency": "USD", "grossProfit": "128804000", "totalRevenue": "223238000", "costOfRevenue": "94434000", "costofGoodsAndServicesSold": "94434000", "operatingIncome": "105919000", "sellingGeneralAndAdministrative": "22885000", "researchAndDevelopment": "None", "operatingExpenses": "22885000", "investmentIncomeNet": "None", "netInterestIncome": "-27162000", "interestIncome": "39991000", "interestExpense": "23777000", "nonInterestIncome": "None", "otherNonOperatingIncome": "-20655000", "depreciation": "None", "depreciationAndAmortization": "64865000", "incomeBeforeTax": "-3855000", "incomeTaxExpense": "18549000", "interestAndDebtExpense": "None", "netIncomeFromContinuingOperations": "8483000", "comprehensiveIncomeNetOfTax": "None", "ebit": "42923000", "ebitda": "107788000", "netIncome": "-1880000"}, {"fiscalDateEnding": "2020-12-31", "reportedCurrency": "USD", "grossProfit": "124159000", "totalRevenue": "226348000", "costOfRevenue": "102189000", "costofGoodsAndServicesSold": "102189000", "operatingIncome": "99015000", "sellingGeneralAndAdministrative": "44714000", "researchAndDevelopment": "None", "operatingExpenses": "25144000", "investmentIncomeNet": "None", "netInterestIncome": "-29061000", "interestIncome": "151672000", "interestExpense": "26031000", "nonInterestIncome": "None", "otherNonOperatingIncome": "41611000", "depreciation": "None", "depreciationAndAmortization": "55570000", "incomeBeforeTax": "200340000", "incomeTaxExpense": "-11218000", "interestAndDebtExpense": "None", "netIncomeFromContinuingOperations": "73034000", "comprehensiveIncomeNetOfTax": "None", "ebit": "40983000", "ebitda": "96553000", "netIncome": "176602000"}, {"fiscalDateEnding": "2020-09-30", "reportedCurrency": "USD", "grossProfit": "123850000", "totalRevenue": "229212000", "costOfRevenue": "105362000", "costofGoodsAndServicesSold": "105362000", "operatingIncome": "100248000", "sellingGeneralAndAdministrative": "23602000", "researchAndDevelopment": "None", "operatingExpenses": "23602000", "investmentIncomeNet": "None", "netInterestIncome": "-26687000", "interestIncome": "27119000", "interestExpense": "24116000", "nonInterestIncome": "None", "otherNonOperatingIncome": "22521000", "depreciation": "None", "depreciationAndAmortization": "90846000", "incomeBeforeTax": "20677000", "incomeTaxExpense": "24320000", "interestAndDebtExpense": "None", "netIncomeFromContinuingOperations": "34322000", "comprehensiveIncomeNetOfTax": "None", "ebit": "42232000", "ebitda": "133078000", "netIncome": "19461000"}, {"fiscalDateEnding": "2020-06-30", "reportedCurrency": "USD", "grossProfit": "161598000", "totalRevenue": "258800000", "costOfRevenue": "97202000", "costofGoodsAndServicesSold": "97202000", "operatingIncome": "138088000", "sellingGeneralAndAdministrative": "23510000", "researchAndDevelopment": "None", "operatingExpenses": "23510000", "investmentIncomeNet": "None", "netInterestIncome": "-32731000", "interestIncome": "648000", "interestExpense": "30718000", "nonInterestIncome": "None", "otherNonOperatingIncome": "60024000", "depreciation": "None", "depreciationAndAmortization": "94311000", "incomeBeforeTax": "66626999", "incomeTaxExpense": "1", "interestAndDebtExpense": "None", "netIncomeFromContinuingOperations": "74831000", "comprehensiveIncomeNetOfTax": "None", "ebit": "69047000", "ebitda": "163358000", "netIncome": "62534000"}, {"fiscalDateEnding": "2020-03-31", "reportedCurrency": "USD", "grossProfit": "125686000", "totalRevenue": "244789000", "costOfRevenue": "119103000", "costofGoodsAndServicesSold": "119103000", "operatingIncome": "106116000", "sellingGeneralAndAdministrative": "19570000", "researchAndDevelopment": "None", "operatingExpenses": "19570000", "investmentIncomeNet": "None", "netInterestIncome": "-39994000", "interestIncome": "499000", "interestExpense": "37993000", "nonInterestIncome": "None", "otherNonOperatingIncome": "57322000", "depreciation": "None", "depreciationAndAmortization": "67040000", "incomeBeforeTax": "127114000", "incomeTaxExpense": "30589000", "interestAndDebtExpense": "None", "netIncomeFromContinuingOperations": "134546000", "comprehensiveIncomeNetOfTax": "None", "ebit": "96037000", "ebitda": "163077000", "netIncome": "121205000"}, {"fiscalDateEnding": "2019-12-31", "reportedCurrency": "USD", "grossProfit": "181341000", "totalRevenue": "296208000", "costOfRevenue": "114867000", "costofGoodsAndServicesSold": "114867000", "operatingIncome": "155766000", "sellingGeneralAndAdministrative": "26304000", "researchAndDevelopment": "None", "operatingExpenses": "25575000", "investmentIncomeNet": "None", "netInterestIncome": "-47811000", "interestIncome": "561000", "interestExpense": "45285000", "nonInterestIncome": "None", "otherNonOperatingIncome": "-34202000", "depreciation": "None", "depreciationAndAmortization": "63175000", "incomeBeforeTax": "24255000", "incomeTaxExpense": "-9782000", "interestAndDebtExpense": "None", "netIncomeFromContinuingOperations": "32192000", "comprehensiveIncomeNetOfTax": "None", "ebit": "91676000", "ebitda": "154851000", "netIncome": "23895000"}, {"fiscalDateEnding": "2019-09-30", "reportedCurrency": "USD", "grossProfit": "186002000", "totalRevenue": "303770000", "costOfRevenue": "117768000", "costofGoodsAndServicesSold": "117768000", "operatingIncome": "162161000", "sellingGeneralAndAdministrative": "23841000", "researchAndDevelopment": "None", "operatingExpenses": "23841000", "investmentIncomeNet": "None", "netInterestIncome": "-51224000", "interestIncome": "608000", "interestExpense": "48720000", "nonInterestIncome": "None", "otherNonOperatingIncome": "-9435000", "depreciation": "None", "depreciationAndAmortization": "69299000", "incomeBeforeTax": "40722000", "incomeTaxExpense": "39343000", "interestAndDebtExpense": "None", "netIncomeFromContinuingOperations": "52309000", "comprehensiveIncomeNetOfTax": "None", "ebit": "91697000", "ebitda": "160996000", "netIncome": "39627000"}, {"fiscalDateEnding": "2019-06-30", "reportedCurrency": "USD", "grossProfit": "192169000", "totalRevenue": "305478000", "costOfRevenue": "113309000", "costofGoodsAndServicesSold": "113309000", "operatingIncome": "166689000", "sellingGeneralAndAdministrative": "25480000", "researchAndDevelopment": "None", "operatingExpenses": "25480000", "investmentIncomeNet": "None", "netInterestIncome": "-49872000", "interestIncome": "2374000", "interestExpense": "49534000", "nonInterestIncome": "None", "otherNonOperatingIncome": "48757000", "depreciation": "None", "depreciationAndAmortization": "68276000", "incomeBeforeTax": "173741000", "incomeTaxExpense": "-11326000", "interestAndDebtExpense": "None", "netIncomeFromContinuingOperations": "114669000", "comprehensiveIncomeNetOfTax": "None", "ebit": "97228000", "ebitda": "165504000", "netIncome": "167569000"}, {"fiscalDateEnding": "2019-03-31", "reportedCurrency": "USD", "grossProfit": "186337000", "totalRevenue": "299021000", "costOfRevenue": "112684000", "costofGoodsAndServicesSold": "112684000", "operatingIncome": "160358000", "sellingGeneralAndAdministrative": "25979000", "researchAndDevelopment": "None", "operatingExpenses": "25979000", "investmentIncomeNet": "None", "netInterestIncome": "-53267000", "interestIncome": "580000", "interestExpense": "51105000", "nonInterestIncome": "None", "otherNonOperatingIncome": "8141000", "depreciation": "None", "depreciationAndAmortization": "67134000", "incomeBeforeTax": "52769000", "incomeTaxExpense": "58927000", "interestAndDebtExpense": "None", "netIncomeFromContinuingOperations": "63163000", "comprehensiveIncomeNetOfTax": "None", "ebit": "92015000", "ebitda": "159149000", "netIncome": "50254000"}, {"fiscalDateEnding": "2018-12-31", "reportedCurrency": "USD", "grossProfit": "202095000", "totalRevenue": "311438000", "costOfRevenue": "109343000", "costofGoodsAndServicesSold": "109343000", "operatingIncome": "176065000", "sellingGeneralAndAdministrative": "160331000", "researchAndDevelopment": "0", "operatingExpenses": "26030000", "investmentIncomeNet": "None", "netInterestIncome": "None", "interestIncome": "None", "interestExpense": "52861000", "nonInterestIncome": "None", "otherNonOperatingIncome": "-128143000", "depreciation": "None", "depreciationAndAmortization": "68110000", "incomeBeforeTax": "-58320000", "incomeTaxExpense": "-15890000", "interestAndDebtExpense": "None", "netIncomeFromContinuingOperations": "2081617000", "comprehensiveIncomeNetOfTax": "None", "ebit": "107807000", "ebitda": "175917000", "netIncome": "-54640000"}, {"fiscalDateEnding": "2018-09-30", "reportedCurrency": "USD", "grossProfit": "193352000", "totalRevenue": "308516000", "costOfRevenue": "115164000", "costofGoodsAndServicesSold": "115164000", "operatingIncome": "172758000", "sellingGeneralAndAdministrative": "20594000", "researchAndDevelopment": "0", "operatingExpenses": "20594000", "investmentIncomeNet": "None", "netInterestIncome": "None", "interestIncome": "None", "interestExpense": "55574000", "nonInterestIncome": "None", "otherNonOperatingIncome": "64580000", "depreciation": "None", "depreciationAndAmortization": "69427000", "incomeBeforeTax": "99454000", "incomeTaxExpense": "71464000", "interestAndDebtExpense": "None", "netIncomeFromContinuingOperations": "109365000", "comprehensiveIncomeNetOfTax": "None", "ebit": "102011000", "ebitda": "171438000", "netIncome": "94793000"}, {"fiscalDateEnding": "2018-06-30", "reportedCurrency": "USD", "grossProfit": "195413000", "totalRevenue": "305818000", "costOfRevenue": "110405000", "costofGoodsAndServicesSold": "110405000", "operatingIncome": "172934000", "sellingGeneralAndAdministrative": "22479000", "researchAndDevelopment": "0", "operatingExpenses": "22479000", "investmentIncomeNet": "None", "netInterestIncome": "None", "interestIncome": "None", "interestExpense": "53959000", "nonInterestIncome": "None", "otherNonOperatingIncome": "58391000", "depreciation": "None", "depreciationAndAmortization": "66110000", "incomeBeforeTax": "115899000", "incomeTaxExpense": "64072000", "interestAndDebtExpense": "None", "netIncomeFromContinuingOperations": "42813000", "comprehensiveIncomeNetOfTax": "None", "ebit": "105020000", "ebitda": "171130000", "netIncome": "110140000"}, {"fiscalDateEnding": "2018-03-31", "reportedCurrency": "USD", "grossProfit": "191980000", "totalRevenue": "305731000", "costOfRevenue": "113751000", "costofGoodsAndServicesSold": "113751000", "operatingIncome": "168452000", "sellingGeneralAndAdministrative": "23528000", "researchAndDevelopment": "0", "operatingExpenses": "23528000", "investmentIncomeNet": "None", "netInterestIncome": "None", "interestIncome": "None", "interestExpense": "48232000", "nonInterestIncome": "None", "otherNonOperatingIncome": "17580000", "depreciation": "None", "depreciationAndAmortization": "67026000", "incomeBeforeTax": "113823000", "incomeTaxExpense": "-9289000", "interestAndDebtExpense": "None", "netIncomeFromContinuingOperations": "43413000", "comprehensiveIncomeNetOfTax": "None", "ebit": "99064000", "ebitda": "166090000", "netIncome": "108353000"}, {"fiscalDateEnding": "2017-12-31", "reportedCurrency": "USD", "grossProfit": "241893000", "totalRevenue": "380430000", "costOfRevenue": "138537000", "costofGoodsAndServicesSold": "138537000", "operatingIncome": "213757000", "sellingGeneralAndAdministrative": "26302000", "researchAndDevelopment": "0", "operatingExpenses": "28136000", "investmentIncomeNet": "None", "netInterestIncome": "None", "interestIncome": "None", "interestExpense": "61248000", "nonInterestIncome": "None", "otherNonOperatingIncome": "76726000", "depreciation": "None", "depreciationAndAmortization": "79904000", "incomeBeforeTax": "38335000", "incomeTaxExpense": "15472000", "interestAndDebtExpense": "None", "netIncomeFromContinuingOperations": "-16725000", "comprehensiveIncomeNetOfTax": "None", "ebit": "129353000", "ebitda": "209257000", "netIncome": "34569000"}, {"fiscalDateEnding": "2017-09-30", "reportedCurrency": "USD", "grossProfit": "230284000", "totalRevenue": "378678000", "costOfRevenue": "148394000", "costofGoodsAndServicesSold": "148394000", "operatingIncome": "206321000", "sellingGeneralAndAdministrative": "23963000", "researchAndDevelopment": "0", "operatingExpenses": "23963000", "investmentIncomeNet": "None", "netInterestIncome": "None", "interestIncome": "None", "interestExpense": "65990000", "nonInterestIncome": "None", "otherNonOperatingIncome": "1100000", "depreciation": "None", "depreciationAndAmortization": "87628000", "incomeBeforeTax": "45795000", "incomeTaxExpense": "70050000", "interestAndDebtExpense": "None", "netIncomeFromContinuingOperations": "40687000", "comprehensiveIncomeNetOfTax": "None", "ebit": "114593000", "ebitda": "202221000", "netIncome": "45457000"}, {"fiscalDateEnding": "2017-06-30", "reportedCurrency": "USD", "grossProfit": "251157000", "totalRevenue": "391262000", "costOfRevenue": "140105000", "costofGoodsAndServicesSold": "140105000", "operatingIncome": "226901000", "sellingGeneralAndAdministrative": "24256000", "researchAndDevelopment": "0", "operatingExpenses": "24256000", "investmentIncomeNet": "None", "netInterestIncome": "None", "interestIncome": "None", "interestExpense": "65249000", "nonInterestIncome": "None", "otherNonOperatingIncome": "9246000", "depreciation": "None", "depreciationAndAmortization": "126054000", "incomeBeforeTax": "16015000", "incomeTaxExpense": "89337000", "interestAndDebtExpense": "None", "netIncomeFromContinuingOperations": "32401000", "comprehensiveIncomeNetOfTax": "None", "ebit": "93847000", "ebitda": "219901000", "netIncome": "14810000"}, {"fiscalDateEnding": "2017-03-31", "reportedCurrency": "USD", "grossProfit": "240113000", "totalRevenue": "383995000", "costOfRevenue": "143882000", "costofGoodsAndServicesSold": "143882000", "operatingIncome": "215970000", "sellingGeneralAndAdministrative": "24143000", "researchAndDevelopment": "0", "operatingExpenses": "24143000", "investmentIncomeNet": "None", "netInterestIncome": "None", "interestIncome": "None", "interestExpense": "66143000", "nonInterestIncome": "None", "otherNonOperatingIncome": "7729000", "depreciation": "None", "depreciationAndAmortization": "88634000", "incomeBeforeTax": "924000", "incomeTaxExpense": "103897000", "interestAndDebtExpense": "None", "netIncomeFromContinuingOperations": "44706000", "comprehensiveIncomeNetOfTax": "None", "ebit": "121836000", "ebitda": "210470000", "netIncome": "17939000"}, {"fiscalDateEnding": "2016-12-31", "reportedCurrency": "USD", "grossProfit": "132792000", "totalRevenue": "280147000", "costOfRevenue": "147355000", "costofGoodsAndServicesSold": "147355000", "operatingIncome": "107007000", "sellingGeneralAndAdministrative": "25768000", "researchAndDevelopment": "0", "operatingExpenses": "25785000", "investmentIncomeNet": "None", "netInterestIncome": "None", "interestIncome": "None", "interestExpense": "65693000", "nonInterestIncome": "None", "otherNonOperatingIncome": "23308000", "depreciation": "None", "depreciationAndAmortization": "94426000", "incomeBeforeTax": "53970000", "incomeTaxExpense": "-14416000", "interestAndDebtExpense": "None", "netIncomeFromContinuingOperations": "53970000", "comprehensiveIncomeNetOfTax": "None", "ebit": "426681000", "ebitda": "521107000", "netIncome": "50606000"}, {"fiscalDateEnding": "2016-09-30", "reportedCurrency": "USD", "grossProfit": "260817000", "totalRevenue": "412713000", "costOfRevenue": "151896000", "costofGoodsAndServicesSold": "151896000", "operatingIncome": "235359000", "sellingGeneralAndAdministrative": "25500000", "researchAndDevelopment": "0", "operatingExpenses": "25458000", "investmentIncomeNet": "None", "netInterestIncome": "None", "interestIncome": "None", "interestExpense": "72631000", "nonInterestIncome": "None", "otherNonOperatingIncome": "-8161000", "depreciation": "None", "depreciationAndAmortization": "112165000", "incomeBeforeTax": "43343000", "incomeTaxExpense": "71096000", "interestAndDebtExpense": "None", "netIncomeFromContinuingOperations": "43343000", "comprehensiveIncomeNetOfTax": "None", "ebit": "122694000", "ebitda": "234859000", "netIncome": "40844000"}, {"fiscalDateEnding": "2016-06-30", "reportedCurrency": "USD", "grossProfit": "477700000", "totalRevenue": "623455000", "costOfRevenue": "145755000", "costofGoodsAndServicesSold": "145755000", "operatingIncome": "453216000", "sellingGeneralAndAdministrative": "24500000", "researchAndDevelopment": "0", "operatingExpenses": "24484000", "investmentIncomeNet": "None", "netInterestIncome": "None", "interestIncome": "None", "interestExpense": "90135000", "nonInterestIncome": "None", "otherNonOperatingIncome": "228353000", "depreciation": "None", "depreciationAndAmortization": "267542000", "incomeBeforeTax": "149095000", "incomeTaxExpense": "-88839000", "interestAndDebtExpense": "None", "netIncomeFromContinuingOperations": "149095000", "comprehensiveIncomeNetOfTax": "None", "ebit": "28174000", "ebitda": "295716000", "netIncome": "140074000"}, {"fiscalDateEnding": "2016-03-31", "reportedCurrency": "USD", "grossProfit": "316038000", "totalRevenue": "465540000", "costOfRevenue": "149502000", "costofGoodsAndServicesSold": "149502000", "operatingIncome": "292006000", "sellingGeneralAndAdministrative": "24032000", "researchAndDevelopment": "0", "operatingExpenses": "24032000", "investmentIncomeNet": "None", "netInterestIncome": "None", "interestIncome": "None", "interestExpense": "95537000", "nonInterestIncome": "None", "otherNonOperatingIncome": "25852000", "depreciation": "None", "depreciationAndAmortization": "143908000", "incomeBeforeTax": "32503000", "incomeTaxExpense": "93006000", "interestAndDebtExpense": "None", "netIncomeFromContinuingOperations": "32503000", "comprehensiveIncomeNetOfTax": "None", "ebit": "112698000", "ebitda": "256606000", "netIncome": "29607000"}, {"fiscalDateEnding": "2015-12-31", "reportedCurrency": "USD", "grossProfit": "260783000", "totalRevenue": "404860000", "costOfRevenue": "144077000", "costofGoodsAndServicesSold": "144077000", "operatingIncome": "238049000", "sellingGeneralAndAdministrative": "24125000", "researchAndDevelopment": "0", "operatingExpenses": "22734000", "investmentIncomeNet": "None", "netInterestIncome": "None", "interestIncome": "None", "interestExpense": "88971000", "nonInterestIncome": "None", "otherNonOperatingIncome": "None", "depreciation": "None", "depreciationAndAmortization": "96997000", "incomeBeforeTax": "113110000", "incomeTaxExpense": "-6441000", "interestAndDebtExpense": "None", "netIncomeFromContinuingOperations": "302910000", "comprehensiveIncomeNetOfTax": "None", "ebit": "144156000", "ebitda": "241153000", "netIncome": "107692000"}, {"fiscalDateEnding": "2015-09-30", "reportedCurrency": "USD", "grossProfit": "272665000", "totalRevenue": "420574000", "costOfRevenue": "147909000", "costofGoodsAndServicesSold": "147909000", "operatingIncome": "249190000", "sellingGeneralAndAdministrative": "29304000", "researchAndDevelopment": "0", "operatingExpenses": "23475000", "investmentIncomeNet": "None", "netInterestIncome": "None", "interestIncome": "None", "interestExpense": "84917000", "nonInterestIncome": "None", "otherNonOperatingIncome": "None", "depreciation": "None", "depreciationAndAmortization": "92096575", "incomeBeforeTax": "176753000", "incomeTaxExpense": "-55442000", "interestAndDebtExpense": "None", "netIncomeFromContinuingOperations": "0", "comprehensiveIncomeNetOfTax": "None", "ebit": "162624000", "ebitda": "254720575", "netIncome": "169621000"}, {"fiscalDateEnding": "2015-06-30", "reportedCurrency": "USD", "grossProfit": "272132000", "totalRevenue": "406618000", "costOfRevenue": "134486000", "costofGoodsAndServicesSold": "134486000", "operatingIncome": "248932000", "sellingGeneralAndAdministrative": "23200000", "researchAndDevelopment": "0", "operatingExpenses": "23200000", "investmentIncomeNet": "None", "netInterestIncome": "None", "interestIncome": "None", "interestExpense": "76472000", "nonInterestIncome": "None", "otherNonOperatingIncome": "-2189000", "depreciation": "None", "depreciationAndAmortization": "190665000", "incomeBeforeTax": "-29179000", "incomeTaxExpense": "89814000", "interestAndDebtExpense": "None", "netIncomeFromContinuingOperations": "-29179000", "comprehensiveIncomeNetOfTax": "None", "ebit": "154217000", "ebitda": "344882000", "netIncome": "-34228000"}, {"fiscalDateEnding": "2015-03-31", "reportedCurrency": "USD", "grossProfit": "249709000", "totalRevenue": "390397000", "costOfRevenue": "140688000", "costofGoodsAndServicesSold": "140688000", "operatingIncome": "224245000", "sellingGeneralAndAdministrative": "25464000", "researchAndDevelopment": "0", "operatingExpenses": "25464000", "investmentIncomeNet": "None", "netInterestIncome": "None", "interestIncome": "None", "interestExpense": "76459000", "nonInterestIncome": "None", "otherNonOperatingIncome": "-2634000", "depreciation": "None", "depreciationAndAmortization": "93437000", "incomeBeforeTax": "42226000", "incomeTaxExpense": "77874000", "interestAndDebtExpense": "None", "netIncomeFromContinuingOperations": "42226000", "comprehensiveIncomeNetOfTax": "None", "ebit": "125840000", "ebitda": "219277000", "netIncome": "47966000"}, {"fiscalDateEnding": "2014-12-31", "reportedCurrency": "USD", "grossProfit": "272931000", "totalRevenue": "410383000", "costOfRevenue": "137452000", "costofGoodsAndServicesSold": "137452000", "operatingIncome": "250221000", "sellingGeneralAndAdministrative": "22710000", "researchAndDevelopment": "0", "operatingExpenses": "22710000", "investmentIncomeNet": "None", "netInterestIncome": "None", "interestIncome": "None", "interestExpense": "81613000", "nonInterestIncome": "None", "otherNonOperatingIncome": "-76262000", "depreciation": "None", "depreciationAndAmortization": "79673000", "incomeBeforeTax": "42882000", "incomeTaxExpense": "132317000", "interestAndDebtExpense": "None", "netIncomeFromContinuingOperations": "36563000", "comprehensiveIncomeNetOfTax": "None", "ebit": "138348000", "ebitda": "218021000", "netIncome": "61323000"}, {"fiscalDateEnding": "2014-09-30", "reportedCurrency": "USD", "grossProfit": "260560999", "totalRevenue": "396308000", "costOfRevenue": "135747000", "costofGoodsAndServicesSold": "135747000", "operatingIncome": "237912000", "sellingGeneralAndAdministrative": "22649000", "researchAndDevelopment": "0", "operatingExpenses": "22649000", "investmentIncomeNet": "None", "netInterestIncome": "None", "interestIncome": "None", "interestExpense": "83158000", "nonInterestIncome": "None", "otherNonOperatingIncome": "-6679000", "depreciation": "None", "depreciationAndAmortization": "95643000", "incomeBeforeTax": "40052000", "incomeTaxExpense": "59216000", "interestAndDebtExpense": "None", "netIncomeFromContinuingOperations": "40052000", "comprehensiveIncomeNetOfTax": "None", "ebit": "143469000", "ebitda": "239112000", "netIncome": "69246000"}, {"fiscalDateEnding": "2014-06-30", "reportedCurrency": "USD", "grossProfit": "236609000", "totalRevenue": "365551000", "costOfRevenue": "128942000", "costofGoodsAndServicesSold": "128942000", "operatingIncome": "212737000", "sellingGeneralAndAdministrative": "23872000", "researchAndDevelopment": "0", "operatingExpenses": "23872000", "investmentIncomeNet": "None", "netInterestIncome": "None", "interestIncome": "None", "interestExpense": "78611000", "nonInterestIncome": "None", "otherNonOperatingIncome": "74981000", "depreciation": "None", "depreciationAndAmortization": "85679000", "incomeBeforeTax": "129952000", "incomeTaxExpense": "1256000", "interestAndDebtExpense": "None", "netIncomeFromContinuingOperations": "131208000", "comprehensiveIncomeNetOfTax": "None", "ebit": "137358000", "ebitda": "223037000", "netIncome": "239844000"}, {"fiscalDateEnding": "2014-03-31", "reportedCurrency": "USD", "grossProfit": "238281000", "totalRevenue": "368573000", "costOfRevenue": "130292000", "costofGoodsAndServicesSold": "130292000", "operatingIncome": "215024000", "sellingGeneralAndAdministrative": "23257000", "researchAndDevelopment": "0", "operatingExpenses": "23257000", "investmentIncomeNet": "None", "netInterestIncome": "None", "interestIncome": "None", "interestExpense": "80712000", "nonInterestIncome": "None", "otherNonOperatingIncome": "106903000", "depreciation": "None", "depreciationAndAmortization": "78915000", "incomeBeforeTax": "150843000", "incomeTaxExpense": "92032000", "interestAndDebtExpense": "None", "netIncomeFromContinuingOperations": "155906000", "comprehensiveIncomeNetOfTax": "None", "ebit": "128509000", "ebitda": "207424000", "netIncome": "150393000"}, {"fiscalDateEnding": "2013-12-31", "reportedCurrency": "USD", "grossProfit": "224271000", "totalRevenue": "356121000", "costOfRevenue": "131850000", "costofGoodsAndServicesSold": "131850000", "operatingIncome": "201529000", "sellingGeneralAndAdministrative": "26010000", "researchAndDevelopment": "0", "operatingExpenses": "22742000", "investmentIncomeNet": "None", "netInterestIncome": "None", "interestIncome": "None", "interestExpense": "83371000", "nonInterestIncome": "None", "otherNonOperatingIncome": "None", "depreciation": "None", "depreciationAndAmortization": "78195000", "incomeBeforeTax": "38526000", "incomeTaxExpense": "4881000", "interestAndDebtExpense": "None", "netIncomeFromContinuingOperations": "0", "comprehensiveIncomeNetOfTax": "None", "ebit": "115734000", "ebitda": "193929000", "netIncome": "41425000"}, {"fiscalDateEnding": "2013-09-30", "reportedCurrency": "USD", "grossProfit": "209478000", "totalRevenue": "341721000", "costOfRevenue": "132243000", "costofGoodsAndServicesSold": "132243000", "operatingIncome": "188609000", "sellingGeneralAndAdministrative": "18501000", "researchAndDevelopment": "0", "operatingExpenses": "20869000", "investmentIncomeNet": "None", "netInterestIncome": "None", "interestIncome": "None", "interestExpense": "82973000", "nonInterestIncome": "None", "otherNonOperatingIncome": "None", "depreciation": "None", "depreciationAndAmortization": "74766000", "incomeBeforeTax": "24114000", "incomeTaxExpense": "74730000", "interestAndDebtExpense": "None", "netIncomeFromContinuingOperations": "0", "comprehensiveIncomeNetOfTax": "None", "ebit": "104447000", "ebitda": "179213000", "netIncome": "41325000"}, {"fiscalDateEnding": "2013-06-30", "reportedCurrency": "USD", "grossProfit": "208677000", "totalRevenue": "324449000", "costOfRevenue": "115772000", "costofGoodsAndServicesSold": "115772000", "operatingIncome": "111283000", "sellingGeneralAndAdministrative": "21514000", "researchAndDevelopment": "0", "operatingExpenses": "105005999", "investmentIncomeNet": "None", "netInterestIncome": "None", "interestIncome": "None", "interestExpense": "83276000", "nonInterestIncome": "None", "otherNonOperatingIncome": "-11602000", "depreciation": "None", "depreciationAndAmortization": "69084000", "incomeBeforeTax": "23513000", "incomeTaxExpense": "83441000", "interestAndDebtExpense": "None", "netIncomeFromContinuingOperations": "31926000", "comprehensiveIncomeNetOfTax": "None", "ebit": "111283000", "ebitda": "180367000", "netIncome": "541000"}, {"fiscalDateEnding": "2013-03-31", "reportedCurrency": "USD", "grossProfit": "226944000", "totalRevenue": "358695000", "costOfRevenue": "131751000", "costofGoodsAndServicesSold": "131751000", "operatingIncome": "127253000", "sellingGeneralAndAdministrative": "21067000", "researchAndDevelopment": "0", "operatingExpenses": "119639999", "investmentIncomeNet": "None", "netInterestIncome": "None", "interestIncome": "None", "interestExpense": "81336000", "nonInterestIncome": "None", "otherNonOperatingIncome": "-17960000", "depreciation": "None", "depreciationAndAmortization": "78616000", "incomeBeforeTax": "24543000", "incomeTaxExpense": "88784000", "interestAndDebtExpense": "None", "netIncomeFromContinuingOperations": "29256000", "comprehensiveIncomeNetOfTax": "None", "ebit": "127253000", "ebitda": "205869000", "netIncome": "13115000"}, {"fiscalDateEnding": "2012-12-31", "reportedCurrency": "USD", "grossProfit": "206120000", "totalRevenue": "340729000", "costOfRevenue": "134609000", "costofGoodsAndServicesSold": "134609000", "operatingIncome": "93078000", "sellingGeneralAndAdministrative": "88038000", "researchAndDevelopment": "0", "operatingExpenses": "98467000", "investmentIncomeNet": "None", "netInterestIncome": "None", "interestIncome": "None", "interestExpense": "82699000", "nonInterestIncome": "None", "otherNonOperatingIncome": "None", "depreciation": "None", "depreciationAndAmortization": "92150000", "incomeBeforeTax": "17721000", "incomeTaxExpense": "-6033000", "interestAndDebtExpense": "None", "netIncomeFromContinuingOperations": "0", "comprehensiveIncomeNetOfTax": "None", "ebit": "93078000", "ebitda": "185228000", "netIncome": "10220000"}, {"fiscalDateEnding": "2012-09-30", "reportedCurrency": "USD", "grossProfit": "212493000", "totalRevenue": "357011000", "costOfRevenue": "144518000", "costofGoodsAndServicesSold": "144518000", "operatingIncome": "19319000", "sellingGeneralAndAdministrative": "29425000", "researchAndDevelopment": "0", "operatingExpenses": "193174000", "investmentIncomeNet": "None", "netInterestIncome": "None", "interestIncome": "None", "interestExpense": "86045000", "nonInterestIncome": "None", "otherNonOperatingIncome": "None", "depreciation": "None", "depreciationAndAmortization": "87922000", "incomeBeforeTax": "28407000", "incomeTaxExpense": "728000", "interestAndDebtExpense": "None", "netIncomeFromContinuingOperations": "0", "comprehensiveIncomeNetOfTax": "None", "ebit": "113724000", "ebitda": "201646000", "netIncome": "90"}, {"fiscalDateEnding": "2012-06-30", "reportedCurrency": "USD", "grossProfit": "220425000", "totalRevenue": "349005000", "costOfRevenue": "128580000", "costofGoodsAndServicesSold": "128580000", "operatingIncome": "32244000", "sellingGeneralAndAdministrative": "31581000", "researchAndDevelopment": "0", "operatingExpenses": "183711000", "investmentIncomeNet": "None", "netInterestIncome": "None", "interestIncome": "None", "interestExpense": "82560000", "nonInterestIncome": "None", "otherNonOperatingIncome": "None", "depreciation": "None", "depreciationAndAmortization": "81365000", "incomeBeforeTax": "117558000", "incomeTaxExpense": "84411000", "interestAndDebtExpense": "None", "netIncomeFromContinuingOperations": "0", "comprehensiveIncomeNetOfTax": "None", "ebit": "200118000", "ebitda": "281483000", "netIncome": "103040000"}, {"fiscalDateEnding": "2012-03-31", "reportedCurrency": "USD", "grossProfit": "205593000", "totalRevenue": "339133000", "costOfRevenue": "133540000", "costofGoodsAndServicesSold": "133540000", "operatingIncome": "182148000", "sellingGeneralAndAdministrative": "30153000", "researchAndDevelopment": "0", "operatingExpenses": "182685000", "investmentIncomeNet": "None", "netInterestIncome": "None", "interestIncome": "None", "interestExpense": "80547000", "nonInterestIncome": "None", "otherNonOperatingIncome": "None", "depreciation": "None", "depreciationAndAmortization": "80663000", "incomeBeforeTax": "28691000", "incomeTaxExpense": "68287000", "interestAndDebtExpense": "None", "netIncomeFromContinuingOperations": "0", "comprehensiveIncomeNetOfTax": "None", "ebit": "109238000", "ebitda": "189901000", "netIncome": "25256000"}, {"fiscalDateEnding": "2011-12-31", "reportedCurrency": "USD", "grossProfit": "197036000", "totalRevenue": "323027000", "costOfRevenue": "125991000", "costofGoodsAndServicesSold": "125991000", "operatingIncome": "11751000", "sellingGeneralAndAdministrative": "33098000", "researchAndDevelopment": "0", "operatingExpenses": "112679000", "investmentIncomeNet": "None", "netInterestIncome": "None", "interestIncome": "None", "interestExpense": "76895000", "nonInterestIncome": "None", "otherNonOperatingIncome": "None", "depreciation": "None", "depreciationAndAmortization": "79753000", "incomeBeforeTax": "13073000", "incomeTaxExpense": "118029000", "interestAndDebtExpense": "None", "netIncomeFromContinuingOperations": "0", "comprehensiveIncomeNetOfTax": "None", "ebit": "89968000", "ebitda": "169721000", "netIncome": "10353000"}, {"fiscalDateEnding": "2011-09-30", "reportedCurrency": "USD", "grossProfit": "192611000", "totalRevenue": "306623000", "costOfRevenue": "114012000", "costofGoodsAndServicesSold": "114012000", "operatingIncome": "164235000", "sellingGeneralAndAdministrative": "27363000", "researchAndDevelopment": "0", "operatingExpenses": "223394000", "investmentIncomeNet": "None", "netInterestIncome": "None", "interestIncome": "None", "interestExpense": "75114000", "nonInterestIncome": "None", "otherNonOperatingIncome": "-2755000", "depreciation": "None", "depreciationAndAmortization": "76203000", "incomeBeforeTax": "16488000", "incomeTaxExpense": "1116000", "interestAndDebtExpense": "None", "netIncomeFromContinuingOperations": "16488000", "comprehensiveIncomeNetOfTax": "None", "ebit": "90486000", "ebitda": "166689000", "netIncome": "80"}, {"fiscalDateEnding": "2011-06-30", "reportedCurrency": "USD", "grossProfit": "191044000", "totalRevenue": "298705000", "costOfRevenue": "107661000", "costofGoodsAndServicesSold": "107661000", "operatingIncome": "164665000", "sellingGeneralAndAdministrative": "30267000", "researchAndDevelopment": "0", "operatingExpenses": "169160000", "investmentIncomeNet": "None", "netInterestIncome": "None", "interestIncome": "None", "interestExpense": "68711000", "nonInterestIncome": "None", "otherNonOperatingIncome": "459000", "depreciation": "None", "depreciationAndAmortization": "68376000", "incomeBeforeTax": "501426000", "incomeTaxExpense": "-440869000", "interestAndDebtExpense": "None", "netIncomeFromContinuingOperations": "502542000", "comprehensiveIncomeNetOfTax": "None", "ebit": "499705000", "ebitda": "568081000", "netIncome": "534003000"}, {"fiscalDateEnding": "2011-03-31", "reportedCurrency": "USD", "grossProfit": "228854000", "totalRevenue": "329221000", "costOfRevenue": "100367000", "costofGoodsAndServicesSold": "100367000", "operatingIncome": "70154000", "sellingGeneralAndAdministrative": "27855000", "researchAndDevelopment": "0", "operatingExpenses": "97592000", "investmentIncomeNet": "None", "netInterestIncome": "None", "interestIncome": "None", "interestExpense": "64751000", "nonInterestIncome": "None", "otherNonOperatingIncome": "4273000", "depreciation": "None", "depreciationAndAmortization": "67979000", "incomeBeforeTax": "92021000", "incomeTaxExpense": "56137000", "interestAndDebtExpense": "None", "netIncomeFromContinuingOperations": "93157000", "comprehensiveIncomeNetOfTax": "None", "ebit": "88675000", "ebitda": "156654000", "netIncome": "88432000"}, {"fiscalDateEnding": "2010-12-31", "reportedCurrency": "USD", "grossProfit": "151868000", "totalRevenue": "267245000", "costOfRevenue": "115377000", "costofGoodsAndServicesSold": "115377000", "operatingIncome": "8869000", "sellingGeneralAndAdministrative": "31985000", "researchAndDevelopment": "0", "operatingExpenses": "142999000", "investmentIncomeNet": "None", "netInterestIncome": "None", "interestIncome": "None", "interestExpense": "62089000", "nonInterestIncome": "None", "otherNonOperatingIncome": "None", "depreciation": "None", "depreciationAndAmortization": "62041000", "incomeBeforeTax": "3450", "incomeTaxExpense": "-17955550", "interestAndDebtExpense": "None", "netIncomeFromContinuingOperations": "0", "comprehensiveIncomeNetOfTax": "None", "ebit": "239428000", "ebitda": "301469000", "netIncome": "14753000"}, {"fiscalDateEnding": "2010-09-30", "reportedCurrency": "USD", "grossProfit": "228068000", "totalRevenue": "323280000", "costOfRevenue": "95212000", "costofGoodsAndServicesSold": "95212000", "operatingIncome": "79317000", "sellingGeneralAndAdministrative": "26334000", "researchAndDevelopment": "0", "operatingExpenses": "144622000", "investmentIncomeNet": "None", "netInterestIncome": "None", "interestIncome": "None", "interestExpense": "56920000", "nonInterestIncome": "None", "otherNonOperatingIncome": "None", "depreciation": "None", "depreciationAndAmortization": "60139000", "incomeBeforeTax": "86870000", "incomeTaxExpense": "25265000", "interestAndDebtExpense": "None", "netIncomeFromContinuingOperations": "0", "comprehensiveIncomeNetOfTax": "None", "ebit": "83887000", "ebitda": "144026000", "netIncome": "119045000"}, {"fiscalDateEnding": "2010-06-30", "reportedCurrency": "USD", "grossProfit": "161630000", "totalRevenue": "251572000", "costOfRevenue": "89942000", "costofGoodsAndServicesSold": "89942000", "operatingIncome": "15001000", "sellingGeneralAndAdministrative": "26058000", "researchAndDevelopment": "0", "operatingExpenses": "149032000", "investmentIncomeNet": "None", "netInterestIncome": "None", "interestIncome": "None", "interestExpense": "57445000", "nonInterestIncome": "None", "otherNonOperatingIncome": "None", "depreciation": "None", "depreciationAndAmortization": "58697000", "incomeBeforeTax": "148096000", "incomeTaxExpense": "-61928000", "interestAndDebtExpense": "None", "netIncomeFromContinuingOperations": "0", "comprehensiveIncomeNetOfTax": "None", "ebit": "205541000", "ebitda": "264238000", "netIncome": "144583000"}, {"fiscalDateEnding": "2010-03-31", "reportedCurrency": "USD", "grossProfit": "157123000", "totalRevenue": "250881000", "costOfRevenue": "93758000", "costofGoodsAndServicesSold": "93758000", "operatingIncome": "11156000", "sellingGeneralAndAdministrative": "26219000", "researchAndDevelopment": "0", "operatingExpenses": "147884000", "investmentIncomeNet": "None", "netInterestIncome": "None", "interestIncome": "None", "interestExpense": "57155000", "nonInterestIncome": "None", "otherNonOperatingIncome": "None", "depreciation": "None", "depreciationAndAmortization": "59568000", "incomeBeforeTax": "190", "incomeTaxExpense": "-24216810", "interestAndDebtExpense": "None", "netIncomeFromContinuingOperations": "0", "comprehensiveIncomeNetOfTax": "None", "ebit": "23618000", "ebitda": "83186000", "netIncome": "22195000"}, {"fiscalDateEnding": "2009-12-31", "reportedCurrency": "USD", "grossProfit": "157783000", "totalRevenue": "246615000", "costOfRevenue": "88832000", "costofGoodsAndServicesSold": "88832000", "operatingIncome": "-11898000", "sellingGeneralAndAdministrative": "27078000", "researchAndDevelopment": "0", "operatingExpenses": "115486000", "investmentIncomeNet": "None", "netInterestIncome": "None", "interestIncome": "None", "interestExpense": "50108000", "nonInterestIncome": "None", "otherNonOperatingIncome": "None", "depreciation": "None", "depreciationAndAmortization": "62204000", "incomeBeforeTax": "540", "incomeTaxExpense": "-4545460", "interestAndDebtExpense": "None", "netIncomeFromContinuingOperations": "0", "comprehensiveIncomeNetOfTax": "None", "ebit": "41453540", "ebitda": "103657540", "netIncome": "-153000"}, {"fiscalDateEnding": "2009-09-30", "reportedCurrency": "USD", "grossProfit": "161068000", "totalRevenue": "249603000", "costOfRevenue": "88535000", "costofGoodsAndServicesSold": "88535000", "operatingIncome": "-10446000", "sellingGeneralAndAdministrative": "26781000", "researchAndDevelopment": "0", "operatingExpenses": "167680000", "investmentIncomeNet": "None", "netInterestIncome": "None", "interestIncome": "None", "interestExpense": "66236000", "nonInterestIncome": "None", "otherNonOperatingIncome": "None", "depreciation": "None", "depreciationAndAmortization": "60100000", "incomeBeforeTax": "-30", "incomeTaxExpense": "-14559030", "interestAndDebtExpense": "None", "netIncomeFromContinuingOperations": "0", "comprehensiveIncomeNetOfTax": "None", "ebit": "13217000", "ebitda": "73317000", "netIncome": "2449000"}, {"fiscalDateEnding": "2009-06-30", "reportedCurrency": "USD", "grossProfit": "163376000", "totalRevenue": "252005000", "costOfRevenue": "88629000", "costofGoodsAndServicesSold": "88629000", "operatingIncome": "22115000", "sellingGeneralAndAdministrative": "25992000", "researchAndDevelopment": "0", "operatingExpenses": "180672000", "investmentIncomeNet": "None", "netInterestIncome": "None", "interestIncome": "None", "interestExpense": "57838000", "nonInterestIncome": "None", "otherNonOperatingIncome": "None", "depreciation": "None", "depreciationAndAmortization": "55186000", "incomeBeforeTax": "180", "incomeTaxExpense": "-22281820", "interestAndDebtExpense": "None", "netIncomeFromContinuingOperations": "0", "comprehensiveIncomeNetOfTax": "None", "ebit": "36227000", "ebitda": "91413000", "netIncome": "17512000"}, {"fiscalDateEnding": "2009-03-31", "reportedCurrency": "USD", "grossProfit": "170007000", "totalRevenue": "262437000", "costOfRevenue": "92430000", "costofGoodsAndServicesSold": "92430000", "operatingIncome": "-33271000", "sellingGeneralAndAdministrative": "25968000", "researchAndDevelopment": "0", "operatingExpenses": "145009000", "investmentIncomeNet": "None", "netInterestIncome": "None", "interestIncome": "None", "interestExpense": "61572000", "nonInterestIncome": "None", "otherNonOperatingIncome": "None", "depreciation": "None", "depreciationAndAmortization": "56917000", "incomeBeforeTax": "570", "incomeTaxExpense": "-36247430", "interestAndDebtExpense": "None", "netIncomeFromContinuingOperations": "0", "comprehensiveIncomeNetOfTax": "None", "ebit": "33909000", "ebitda": "90826000", "netIncome": "37737000"}, {"fiscalDateEnding": "2008-12-31", "reportedCurrency": "USD", "grossProfit": "224465000", "totalRevenue": "284624000", "costOfRevenue": "60159000", "costofGoodsAndServicesSold": "60159000", "operatingIncome": "-85667000", "sellingGeneralAndAdministrative": "41604000", "researchAndDevelopment": "0", "operatingExpenses": "127047000", "investmentIncomeNet": "None", "netInterestIncome": "None", "interestIncome": "None", "interestExpense": "67203000", "nonInterestIncome": "None", "otherNonOperatingIncome": "None", "depreciation": "None", "depreciationAndAmortization": "57319000", "incomeBeforeTax": "6180", "incomeTaxExpense": "313240000", "interestAndDebtExpense": "None", "netIncomeFromContinuingOperations": "0", "comprehensiveIncomeNetOfTax": "None", "ebit": "97418000", "ebitda": "154737000", "netIncome": "96519000"}, {"fiscalDateEnding": "2008-09-30", "reportedCurrency": "USD", "grossProfit": "176210000", "totalRevenue": "268313000", "costOfRevenue": "92103000", "costofGoodsAndServicesSold": "92103000", "operatingIncome": "141681000", "sellingGeneralAndAdministrative": "28629000", "researchAndDevelopment": "0", "operatingExpenses": "164559000", "investmentIncomeNet": "None", "netInterestIncome": "None", "interestIncome": "None", "interestExpense": "72383000", "nonInterestIncome": "None", "otherNonOperatingIncome": "None", "depreciation": "None", "depreciationAndAmortization": "56992000", "incomeBeforeTax": "38541000", "incomeTaxExpense": "5065000", "interestAndDebtExpense": "None", "netIncomeFromContinuingOperations": "0", "comprehensiveIncomeNetOfTax": "None", "ebit": "83297000", "ebitda": "140289000", "netIncome": "33796000"}, {"fiscalDateEnding": "2008-06-30", "reportedCurrency": "USD", "grossProfit": "161055000", "totalRevenue": "290722000", "costOfRevenue": "129667000", "costofGoodsAndServicesSold": "129667000", "operatingIncome": "143839000", "sellingGeneralAndAdministrative": "33260000", "researchAndDevelopment": "0", "operatingExpenses": "168087000", "investmentIncomeNet": "None", "netInterestIncome": "None", "interestIncome": "None", "interestExpense": "73833000", "nonInterestIncome": "None", "otherNonOperatingIncome": "None", "depreciation": "None", "depreciationAndAmortization": "57705000", "incomeBeforeTax": "143839000", "incomeTaxExpense": "-2595000", "interestAndDebtExpense": "None", "netIncomeFromContinuingOperations": "0", "comprehensiveIncomeNetOfTax": "None", "ebit": "108735000", "ebitda": "166440000", "netIncome": "139160000"}, {"fiscalDateEnding": "2008-03-31", "reportedCurrency": "USD", "grossProfit": "168506000", "totalRevenue": "254702000", "costOfRevenue": "86196000", "costofGoodsAndServicesSold": "86196000", "operatingIncome": "12146000", "sellingGeneralAndAdministrative": "32709000", "researchAndDevelopment": "0", "operatingExpenses": "156360000", "investmentIncomeNet": "None", "netInterestIncome": "None", "interestIncome": "None", "interestExpense": "78080000", "nonInterestIncome": "None", "otherNonOperatingIncome": "None", "depreciation": "None", "depreciationAndAmortization": "57494000", "incomeBeforeTax": "130860000", "incomeTaxExpense": "65866000", "interestAndDebtExpense": "None", "netIncomeFromContinuingOperations": "0", "comprehensiveIncomeNetOfTax": "None", "ebit": "22752000", "ebitda": "80246000", "netIncome": "126063000"}, {"fiscalDateEnding": "2007-12-31", "reportedCurrency": "USD", "grossProfit": "237377000", "totalRevenue": "246061000", "costOfRevenue": "8684000", "costofGoodsAndServicesSold": "8684000", "operatingIncome": "78156000", "sellingGeneralAndAdministrative": "24442000", "researchAndDevelopment": "0", "operatingExpenses": "159221000", "investmentIncomeNet": "None", "netInterestIncome": "None", "interestIncome": "None", "interestExpense": "71500000", "nonInterestIncome": "None", "otherNonOperatingIncome": "None", "depreciation": "None", "depreciationAndAmortization": "60350000", "incomeBeforeTax": "660410000", "incomeTaxExpense": "649105000", "interestAndDebtExpense": "None", "netIncomeFromContinuingOperations": "0", "comprehensiveIncomeNetOfTax": "None", "ebit": "78156000", "ebitda": "138506000", "netIncome": "133627000"}, {"fiscalDateEnding": "2007-09-30", "reportedCurrency": "USD", "grossProfit": "250532000", "totalRevenue": "259206000", "costOfRevenue": "8674000", "costofGoodsAndServicesSold": "8674000", "operatingIncome": "85532000", "sellingGeneralAndAdministrative": "30898000", "researchAndDevelopment": "0", "operatingExpenses": "165000000", "investmentIncomeNet": "None", "netInterestIncome": "None", "interestIncome": "None", "interestExpense": "66165000", "nonInterestIncome": "None", "otherNonOperatingIncome": "None", "depreciation": "None", "depreciationAndAmortization": "49957000", "incomeBeforeTax": "103537000", "incomeTaxExpense": "64471000", "interestAndDebtExpense": "None", "netIncomeFromContinuingOperations": "0", "comprehensiveIncomeNetOfTax": "None", "ebit": "79632000", "ebitda": "129589000", "netIncome": "103537000"}, {"fiscalDateEnding": "2007-06-30", "reportedCurrency": "USD", "grossProfit": "249940000", "totalRevenue": "257706000", "costOfRevenue": "7766000", "costofGoodsAndServicesSold": "7766000", "operatingIncome": "82711000", "sellingGeneralAndAdministrative": "24131000", "researchAndDevelopment": "0", "operatingExpenses": "167229000", "investmentIncomeNet": "None", "netInterestIncome": "None", "interestIncome": "None", "interestExpense": "62595000", "nonInterestIncome": "None", "otherNonOperatingIncome": "None", "depreciation": "None", "depreciationAndAmortization": "54015000", "incomeBeforeTax": "64682000", "incomeTaxExpense": "40246000", "interestAndDebtExpense": "None", "netIncomeFromContinuingOperations": "0", "comprehensiveIncomeNetOfTax": "None", "ebit": "80624000", "ebitda": "134639000", "netIncome": "270850000"}, {"fiscalDateEnding": "2007-03-31", "reportedCurrency": "USD", "grossProfit": "288506000", "totalRevenue": "295771000", "costOfRevenue": "7265000", "costofGoodsAndServicesSold": "7265000", "operatingIncome": "132166000", "sellingGeneralAndAdministrative": "34247000", "researchAndDevelopment": "0", "operatingExpenses": "156340000", "investmentIncomeNet": "None", "netInterestIncome": "None", "interestIncome": "None", "interestExpense": "57591000", "nonInterestIncome": "None", "otherNonOperatingIncome": "None", "depreciation": "None", "depreciationAndAmortization": "42011000", "incomeBeforeTax": "152396000", "incomeTaxExpense": "3581000", "interestAndDebtExpense": "None", "netIncomeFromContinuingOperations": "0", "comprehensiveIncomeNetOfTax": "None", "ebit": "128968000", "ebitda": "170979000", "netIncome": "152396000"}, {"fiscalDateEnding": "2006-12-31", "reportedCurrency": "USD", "grossProfit": "154348000", "totalRevenue": "159811000", "costOfRevenue": "5463000", "costofGoodsAndServicesSold": "5463000", "operatingIncome": "54917000", "sellingGeneralAndAdministrative": "25669000", "researchAndDevelopment": "0", "operatingExpenses": "99431000", "investmentIncomeNet": "None", "netInterestIncome": "None", "interestIncome": "None", "interestExpense": "29799000", "nonInterestIncome": "None", "otherNonOperatingIncome": "None", "depreciation": "None", "depreciationAndAmortization": "22921000", "incomeBeforeTax": "220719000", "incomeTaxExpense": "186388000", "interestAndDebtExpense": "None", "netIncomeFromContinuingOperations": "0", "comprehensiveIncomeNetOfTax": "None", "ebit": "54917000", "ebitda": "77838000", "netIncome": "34332000"}, {"fiscalDateEnding": "2006-09-30", "reportedCurrency": "USD", "grossProfit": "133509000", "totalRevenue": "138355000", "costOfRevenue": "4846000", "costofGoodsAndServicesSold": "4846000", "operatingIncome": "45230000", "sellingGeneralAndAdministrative": "13829000", "researchAndDevelopment": "0", "operatingExpenses": "82508000", "investmentIncomeNet": "None", "netInterestIncome": "None", "interestIncome": "None", "interestExpense": "24526000", "nonInterestIncome": "None", "otherNonOperatingIncome": "None", "depreciation": "None", "depreciationAndAmortization": "21116000", "incomeBeforeTax": "2996000", "incomeTaxExpense": "-22893000", "interestAndDebtExpense": "None", "netIncomeFromContinuingOperations": "0", "comprehensiveIncomeNetOfTax": "None", "ebit": "42234000", "ebitda": "63350000", "netIncome": "123658000"}, {"fiscalDateEnding": "2006-06-30", "reportedCurrency": "USD", "grossProfit": "127863000", "totalRevenue": "132784000", "costOfRevenue": "4921000", "costofGoodsAndServicesSold": "4921000", "operatingIncome": "43567000", "sellingGeneralAndAdministrative": "13257000", "researchAndDevelopment": "0", "operatingExpenses": "75152000", "investmentIncomeNet": "None", "netInterestIncome": "None", "interestIncome": "None", "interestExpense": "22770000", "nonInterestIncome": "None", "otherNonOperatingIncome": "None", "depreciation": "None", "depreciationAndAmortization": "17938000", "incomeBeforeTax": "34029000", "incomeTaxExpense": "3818000", "interestAndDebtExpense": "None", "netIncomeFromContinuingOperations": "0", "comprehensiveIncomeNetOfTax": "None", "ebit": "43591000", "ebitda": "61529000", "netIncome": "34029000"}, {"fiscalDateEnding": "2006-03-31", "reportedCurrency": "USD", "grossProfit": "120211000", "totalRevenue": "125219000", "costOfRevenue": "5008000", "costofGoodsAndServicesSold": "5008000", "operatingIncome": "39713000", "sellingGeneralAndAdministrative": "12986000", "researchAndDevelopment": "0", "operatingExpenses": "74839000", "investmentIncomeNet": "None", "netInterestIncome": "None", "interestIncome": "None", "interestExpense": "18205000", "nonInterestIncome": "None", "otherNonOperatingIncome": "None", "depreciation": "None", "depreciationAndAmortization": "16784000", "incomeBeforeTax": "28701000", "incomeTaxExpense": "714000", "interestAndDebtExpense": "None", "netIncomeFromContinuingOperations": "0", "comprehensiveIncomeNetOfTax": "None", "ebit": "28701000", "ebitda": "45485000", "netIncome": "28701000"}, {"fiscalDateEnding": "2005-12-31", "reportedCurrency": "USD", "grossProfit": "107697000", "totalRevenue": "112945000", "costOfRevenue": "5248000", "costofGoodsAndServicesSold": "5248000", "operatingIncome": "36935000", "sellingGeneralAndAdministrative": "11965000", "researchAndDevelopment": "0", "operatingExpenses": "70762000", "investmentIncomeNet": "None", "netInterestIncome": "None", "interestIncome": "None", "interestExpense": "20974000", "nonInterestIncome": "None", "otherNonOperatingIncome": "None", "depreciation": "None", "depreciationAndAmortization": "17253000", "incomeBeforeTax": "157419000", "incomeTaxExpense": "131617000", "interestAndDebtExpense": "None", "netIncomeFromContinuingOperations": "0", "comprehensiveIncomeNetOfTax": "None", "ebit": "36935000", "ebitda": "54188000", "netIncome": "25805000"}]}