{"symbol": "MAR", "annualReports": [{"fiscalDateEnding": "2025-12-31", "reportedCurrency": "USD", "grossProfit": "5587000000", "totalRevenue": "26186000000", "costOfRevenue": "20599000000", "costofGoodsAndServicesSold": "20599000000", "operatingIncome": "4141000000", "sellingGeneralAndAdministrative": "965000000", "researchAndDevelopment": "None", "operatingExpenses": "1451000000", "investmentIncomeNet": "None", "netInterestIncome": "-767000000", "interestIncome": "42000000", "interestExpense": "809000000", "nonInterestIncome": "None", "otherNonOperatingIncome": "None", "depreciation": "None", "depreciationAndAmortization": "298000000", "incomeBeforeTax": "3394000000", "incomeTaxExpense": "793000000", "interestAndDebtExpense": "None", "netIncomeFromContinuingOperations": "2601000000", "comprehensiveIncomeNetOfTax": "None", "ebit": "4190000000", "ebitda": "4488000000", "netIncome": "2601000000"}, {"fiscalDateEnding": "2024-12-31", "reportedCurrency": "USD", "grossProfit": "5101000000", "totalRevenue": "25100000000", "costOfRevenue": "19999000000", "costofGoodsAndServicesSold": "19999000000", "operatingIncome": "3767000000", "sellingGeneralAndAdministrative": "1074000000", "researchAndDevelopment": "None", "operatingExpenses": "1334000000", "investmentIncomeNet": "None", "netInterestIncome": "-655000000", "interestIncome": "40000000", "interestExpense": "695000000", "nonInterestIncome": "None", "otherNonOperatingIncome": "None", "depreciation": "None", "depreciationAndAmortization": "492000000", "incomeBeforeTax": "3151000000", "incomeTaxExpense": "776000000", "interestAndDebtExpense": "None", "netIncomeFromContinuingOperations": "2375000000", "comprehensiveIncomeNetOfTax": "None", "ebit": "3846000000", "ebitda": "4338000000", "netIncome": "2375000000"}, {"fiscalDateEnding": "2023-12-31", "reportedCurrency": "USD", "grossProfit": "5124000000", "totalRevenue": "23713000000", "costOfRevenue": "18589000000", "costofGoodsAndServicesSold": "18589000000", "operatingIncome": "3864000000", "sellingGeneralAndAdministrative": "1011000000", "researchAndDevelopment": "0.14", "operatingExpenses": "1260000000", "investmentIncomeNet": "None", "netInterestIncome": "-498000000", "interestIncome": "29000000", "interestExpense": "565000000", "nonInterestIncome": "None", "otherNonOperatingIncome": "None", "depreciation": "None", "depreciationAndAmortization": "436000000", "incomeBeforeTax": "3378000000", "incomeTaxExpense": "295000000", "interestAndDebtExpense": "None", "netIncomeFromContinuingOperations": "2908000000", "comprehensiveIncomeNetOfTax": "None", "ebit": "3943000000", "ebitda": "4379000000", "netIncome": "3083000000"}, {"fiscalDateEnding": "2022-12-31", "reportedCurrency": "USD", "grossProfit": "4558000000", "totalRevenue": "20773000000", "costOfRevenue": "16215000000", "costofGoodsAndServicesSold": "16215000000", "operatingIncome": "3462000000", "sellingGeneralAndAdministrative": "891000000", "researchAndDevelopment": "0.15", "operatingExpenses": "1096000000", "investmentIncomeNet": "None", "netInterestIncome": "-377000000", "interestIncome": "26000000", "interestExpense": "403000000", "nonInterestIncome": "None", "otherNonOperatingIncome": "55000000", "depreciation": "None", "depreciationAndAmortization": "400000000", "incomeBeforeTax": "3114000000", "incomeTaxExpense": "756000000", "interestAndDebtExpense": "None", "netIncomeFromContinuingOperations": "2358000000", "comprehensiveIncomeNetOfTax": "None", "ebit": "3517000000", "ebitda": "3917000000", "netIncome": "2358000000"}, {"fiscalDateEnding": "2021-12-31", "reportedCurrency": "USD", "grossProfit": "2801000000", "totalRevenue": "13857000000", "costOfRevenue": "11056000000", "costofGoodsAndServicesSold": "11056000000", "operatingIncome": "1750000000", "sellingGeneralAndAdministrative": "823000000", "researchAndDevelopment": "0.09", "operatingExpenses": "1051000000", "investmentIncomeNet": "None", "netInterestIncome": "-392000000", "interestIncome": "28000000", "interestExpense": "420000000", "nonInterestIncome": "None", "otherNonOperatingIncome": "-150000000", "depreciation": "None", "depreciationAndAmortization": "295000000", "incomeBeforeTax": "1180000000", "incomeTaxExpense": "81000000", "interestAndDebtExpense": "None", "netIncomeFromContinuingOperations": "1099000000", "comprehensiveIncomeNetOfTax": "None", "ebit": "1600000000", "ebitda": "1895000000", "netIncome": "1099000000"}, {"fiscalDateEnding": "2020-12-31", "reportedCurrency": "USD", "grossProfit": "1459000000", "totalRevenue": "10571000000", "costOfRevenue": "9112000000", "costofGoodsAndServicesSold": "9112000000", "operatingIncome": "84000000", "sellingGeneralAndAdministrative": "762000000", "researchAndDevelopment": "0.04", "operatingExpenses": "1375000000", "investmentIncomeNet": "None", "netInterestIncome": "-418000000", "interestIncome": "27000000", "interestExpense": "445000000", "nonInterestIncome": "None", "otherNonOperatingIncome": "-105000000", "depreciation": "None", "depreciationAndAmortization": "478000000", "incomeBeforeTax": "-466000000", "incomeTaxExpense": "-199000000", "interestAndDebtExpense": "None", "netIncomeFromContinuingOperations": "-267000000", "comprehensiveIncomeNetOfTax": "None", "ebit": "-21000000", "ebitda": "457000000", "netIncome": "-267000000"}, {"fiscalDateEnding": "2019-12-31", "reportedCurrency": "USD", "grossProfit": "3217000000", "totalRevenue": "20972000000", "costOfRevenue": "17755000000", "costofGoodsAndServicesSold": "17755000000", "operatingIncome": "1800000000", "sellingGeneralAndAdministrative": "938000000", "researchAndDevelopment": "0.08", "operatingExpenses": "1417000000", "investmentIncomeNet": "None", "netInterestIncome": "-368000000", "interestIncome": "26000000", "interestExpense": "394000000", "nonInterestIncome": "None", "otherNonOperatingIncome": "193000000", "depreciation": "None", "depreciationAndAmortization": "403000000", "incomeBeforeTax": "1599000000", "incomeTaxExpense": "326000000", "interestAndDebtExpense": "None", "netIncomeFromContinuingOperations": "1273000000", "comprehensiveIncomeNetOfTax": "None", "ebit": "1993000000", "ebitda": "2396000000", "netIncome": "1273000000"}, {"fiscalDateEnding": "2018-12-31", "reportedCurrency": "USD", "grossProfit": "3674000000", "totalRevenue": "20758000000", "costOfRevenue": "17084000000", "costofGoodsAndServicesSold": "17084000000", "operatingIncome": "2366000000", "sellingGeneralAndAdministrative": "927000000", "researchAndDevelopment": "0.11", "operatingExpenses": "1308000000", "investmentIncomeNet": "None", "netInterestIncome": "-318000000", "interestIncome": "22000000", "interestExpense": "340000000", "nonInterestIncome": "None", "otherNonOperatingIncome": "319000000", "depreciation": "None", "depreciationAndAmortization": "284000000", "incomeBeforeTax": "2345000000", "incomeTaxExpense": "438000000", "interestAndDebtExpense": "None", "netIncomeFromContinuingOperations": "1907000000", "comprehensiveIncomeNetOfTax": "None", "ebit": "2685000000", "ebitda": "2969000000", "netIncome": "1907000000"}, {"fiscalDateEnding": "2017-12-31", "reportedCurrency": "USD", "grossProfit": "3813000000", "totalRevenue": "20452000000", "costOfRevenue": "16639000000", "costofGoodsAndServicesSold": "16639000000", "operatingIncome": "2504000000", "sellingGeneralAndAdministrative": "921000000", "researchAndDevelopment": "0.15", "operatingExpenses": "1309000000", "investmentIncomeNet": "None", "netInterestIncome": "-250000000", "interestIncome": "38000000", "interestExpense": "288000000", "nonInterestIncome": "None", "otherNonOperatingIncome": "765000000", "depreciation": "None", "depreciationAndAmortization": "279000000", "incomeBeforeTax": "2982000000", "incomeTaxExpense": "1523000000", "interestAndDebtExpense": "None", "netIncomeFromContinuingOperations": "1372000000", "comprehensiveIncomeNetOfTax": "None", "ebit": "3270000000", "ebitda": "3549000000", "netIncome": "1459000000"}, {"fiscalDateEnding": "2016-12-31", "reportedCurrency": "USD", "grossProfit": "2672000000", "totalRevenue": "15407000000", "costOfRevenue": "12735000000", "costofGoodsAndServicesSold": "12735000000", "operatingIncome": "1424000000", "sellingGeneralAndAdministrative": "743000000", "researchAndDevelopment": "0.07", "operatingExpenses": "1248000000", "investmentIncomeNet": "None", "netInterestIncome": "-199000000", "interestIncome": "35000000", "interestExpense": "234000000", "nonInterestIncome": "None", "otherNonOperatingIncome": "50000000", "depreciation": "None", "depreciationAndAmortization": "159000000", "incomeBeforeTax": "1239000000", "incomeTaxExpense": "431000000", "interestAndDebtExpense": "None", "netIncomeFromContinuingOperations": "780000000", "comprehensiveIncomeNetOfTax": "None", "ebit": "1473000000", "ebitda": "1632000000", "netIncome": "808000000"}, {"fiscalDateEnding": "2015-12-31", "reportedCurrency": "USD", "grossProfit": "2123000000", "totalRevenue": "14486000000", "costOfRevenue": "12363000000", "costofGoodsAndServicesSold": "12363000000", "operatingIncome": "1350000000", "sellingGeneralAndAdministrative": "634000000", "researchAndDevelopment": "0", "operatingExpenses": "773000000", "investmentIncomeNet": "None", "netInterestIncome": "None", "interestIncome": "95000000", "interestExpense": "167000000", "nonInterestIncome": "None", "otherNonOperatingIncome": "72000000", "depreciation": "None", "depreciationAndAmortization": "139000000", "incomeBeforeTax": "1255000000", "incomeTaxExpense": "396000000", "interestAndDebtExpense": "None", "netIncomeFromContinuingOperations": "859000000", "comprehensiveIncomeNetOfTax": "None", "ebit": "1422000000", "ebitda": "1561000000", "netIncome": "859000000"}, {"fiscalDateEnding": "2014-12-31", "reportedCurrency": "USD", "grossProfit": "1966000000", "totalRevenue": "13796000000", "costOfRevenue": "11830000000", "costofGoodsAndServicesSold": "11830000000", "operatingIncome": "1159000000", "sellingGeneralAndAdministrative": "659000000", "researchAndDevelopment": "0", "operatingExpenses": "807000000", "investmentIncomeNet": "None", "netInterestIncome": "None", "interestIncome": "None", "interestExpense": "115000000", "nonInterestIncome": "None", "otherNonOperatingIncome": "44000000", "depreciation": "None", "depreciationAndAmortization": "148000000", "incomeBeforeTax": "1088000000", "incomeTaxExpense": "335000000", "interestAndDebtExpense": "None", "netIncomeFromContinuingOperations": "753000000", "comprehensiveIncomeNetOfTax": "None", "ebit": "1203000000", "ebitda": "1351000000", "netIncome": "753000000"}, {"fiscalDateEnding": "2013-12-31", "reportedCurrency": "USD", "grossProfit": "1764000000", "totalRevenue": "12784000000", "costOfRevenue": "11020000000", "costofGoodsAndServicesSold": "11020000000", "operatingIncome": "988000000", "sellingGeneralAndAdministrative": "649000000", "researchAndDevelopment": "0", "operatingExpenses": "776000000", "investmentIncomeNet": "None", "netInterestIncome": "None", "interestIncome": "None", "interestExpense": "120000000", "nonInterestIncome": "None", "otherNonOperatingIncome": "29000000", "depreciation": "None", "depreciationAndAmortization": "127000000", "incomeBeforeTax": "897000000", "incomeTaxExpense": "271000000", "interestAndDebtExpense": "None", "netIncomeFromContinuingOperations": "626000000", "comprehensiveIncomeNetOfTax": "None", "ebit": "1017000000", "ebitda": "1144000000", "netIncome": "626000000"}, {"fiscalDateEnding": "2012-12-31", "reportedCurrency": "USD", "grossProfit": "1624000000", "totalRevenue": "11814000000", "costOfRevenue": "10190000000", "costofGoodsAndServicesSold": "10190000000", "operatingIncome": "940000000", "sellingGeneralAndAdministrative": "582000000", "researchAndDevelopment": "0", "operatingExpenses": "684000000", "investmentIncomeNet": "None", "netInterestIncome": "None", "interestIncome": "None", "interestExpense": "137000000", "nonInterestIncome": "None", "otherNonOperatingIncome": "46000000", "depreciation": "None", "depreciationAndAmortization": "102000000", "incomeBeforeTax": "849000000", "incomeTaxExpense": "278000000", "interestAndDebtExpense": "None", "netIncomeFromContinuingOperations": "571000000", "comprehensiveIncomeNetOfTax": "None", "ebit": "986000000", "ebitda": "1088000000", "netIncome": "571000000"}, {"fiscalDateEnding": "2011-12-31", "reportedCurrency": "USD", "grossProfit": "1278000000", "totalRevenue": "12317000000", "costOfRevenue": "11039000000", "costofGoodsAndServicesSold": "11039000000", "operatingIncome": "526000000", "sellingGeneralAndAdministrative": "752000000", "researchAndDevelopment": "0", "operatingExpenses": "752000000", "investmentIncomeNet": "None", "netInterestIncome": "None", "interestIncome": "None", "interestExpense": "164000000", "nonInterestIncome": "None", "otherNonOperatingIncome": "-6000000", "depreciation": "None", "depreciationAndAmortization": "144000000", "incomeBeforeTax": "356000000", "incomeTaxExpense": "158000000", "interestAndDebtExpense": "None", "netIncomeFromContinuingOperations": "198000000", "comprehensiveIncomeNetOfTax": "None", "ebit": "520000000", "ebitda": "664000000", "netIncome": "198000000"}, {"fiscalDateEnding": "2010-12-31", "reportedCurrency": "USD", "grossProfit": "1475000000", "totalRevenue": "11691000000", "costOfRevenue": "10216000000", "costofGoodsAndServicesSold": "10216000000", "operatingIncome": "695000000", "sellingGeneralAndAdministrative": "780000000", "researchAndDevelopment": "0", "operatingExpenses": "780000000", "investmentIncomeNet": "None", "netInterestIncome": "None", "interestIncome": "None", "interestExpense": "180000000", "nonInterestIncome": "None", "otherNonOperatingIncome": "36000000", "depreciation": "None", "depreciationAndAmortization": "178000000", "incomeBeforeTax": "551000000", "incomeTaxExpense": "93000000", "interestAndDebtExpense": "None", "netIncomeFromContinuingOperations": "458000000", "comprehensiveIncomeNetOfTax": "None", "ebit": "731000000", "ebitda": "909000000", "netIncome": "458000000"}, {"fiscalDateEnding": "2009-12-31", "reportedCurrency": "USD", "grossProfit": "1235000000", "totalRevenue": "10908000000", "costOfRevenue": "9673000000", "costofGoodsAndServicesSold": "9673000000", "operatingIncome": "-152000000", "sellingGeneralAndAdministrative": "622000000", "researchAndDevelopment": "0", "operatingExpenses": "1387000000", "investmentIncomeNet": "None", "netInterestIncome": "None", "interestIncome": "None", "interestExpense": "118000000", "nonInterestIncome": "None", "otherNonOperatingIncome": "-10000000", "depreciation": "None", "depreciationAndAmortization": "185000000", "incomeBeforeTax": "-418000000", "incomeTaxExpense": "-65000000", "interestAndDebtExpense": "None", "netIncomeFromContinuingOperations": "-353000000", "comprehensiveIncomeNetOfTax": "None", "ebit": "-300000000", "ebitda": "-115000000", "netIncome": "-346000000"}, {"fiscalDateEnding": "2008-12-31", "reportedCurrency": "USD", "grossProfit": "1623000000", "totalRevenue": "12879000000", "costOfRevenue": "11256000000", "costofGoodsAndServicesSold": "11256000000", "operatingIncome": "765000000", "sellingGeneralAndAdministrative": "783000000", "researchAndDevelopment": "None", "operatingExpenses": "858000000", "investmentIncomeNet": "None", "netInterestIncome": "None", "interestIncome": "None", "interestExpense": "163000000", "nonInterestIncome": "None", "otherNonOperatingIncome": "None", "depreciation": "None", "depreciationAndAmortization": "190000000", "incomeBeforeTax": "694000000", "incomeTaxExpense": "350000000", "interestAndDebtExpense": "None", "netIncomeFromContinuingOperations": "None", "comprehensiveIncomeNetOfTax": "None", "ebit": "857000000", "ebitda": "1047000000", "netIncome": "362000000"}, {"fiscalDateEnding": "2007-12-31", "reportedCurrency": "USD", "grossProfit": "1956000000", "totalRevenue": "12990000000", "costOfRevenue": "11034000000", "costofGoodsAndServicesSold": "11034000000", "operatingIncome": "1188000000", "sellingGeneralAndAdministrative": "768000000", "researchAndDevelopment": "None", "operatingExpenses": "768000000", "investmentIncomeNet": "None", "netInterestIncome": "None", "interestIncome": "None", "interestExpense": "0", "nonInterestIncome": "None", "otherNonOperatingIncome": "None", "depreciation": "None", "depreciationAndAmortization": "197000000", "incomeBeforeTax": "1137000000", "incomeTaxExpense": "441000000", "interestAndDebtExpense": "None", "netIncomeFromContinuingOperations": "None", "comprehensiveIncomeNetOfTax": "None", "ebit": "1188000000", "ebitda": "1385000000", "netIncome": "696000000"}, {"fiscalDateEnding": "2006-12-31", "reportedCurrency": "USD", "grossProfit": "1764000000", "totalRevenue": "11995000000", "costOfRevenue": "10231000000", "costofGoodsAndServicesSold": "10231000000", "operatingIncome": "1087000000", "sellingGeneralAndAdministrative": "683000000", "researchAndDevelopment": "None", "operatingExpenses": "677000000", "investmentIncomeNet": "None", "netInterestIncome": "None", "interestIncome": "None", "interestExpense": "0", "nonInterestIncome": "None", "otherNonOperatingIncome": "None", "depreciation": "None", "depreciationAndAmortization": "188000000", "incomeBeforeTax": "1092000000", "incomeTaxExpense": "380000000", "interestAndDebtExpense": "None", "netIncomeFromContinuingOperations": "None", "comprehensiveIncomeNetOfTax": "None", "ebit": "1087000000", "ebitda": "1275000000", "netIncome": "608000000"}], "quarterlyReports": [{"fiscalDateEnding": "2025-12-31", "reportedCurrency": "USD", "grossProfit": "1106000000", "totalRevenue": "6690000000", "costOfRevenue": "5584000000", "costofGoodsAndServicesSold": "5584000000", "operatingIncome": "777000000", "sellingGeneralAndAdministrative": "241000000", "researchAndDevelopment": "None", "operatingExpenses": "329000000", "investmentIncomeNet": "None", "netInterestIncome": "-199000000", "interestIncome": "9000000", "interestExpense": "208000000", "nonInterestIncome": "None", "otherNonOperatingIncome": "None", "depreciation": "None", "depreciationAndAmortization": "59000000", "incomeBeforeTax": "582000000", "incomeTaxExpense": "137000000", "interestAndDebtExpense": "None", "netIncomeFromContinuingOperations": "445000000", "comprehensiveIncomeNetOfTax": "None", "ebit": "777000000", "ebitda": "836000000", "netIncome": "445000000"}, {"fiscalDateEnding": "2025-09-30", "reportedCurrency": "USD", "grossProfit": "1424000000", "totalRevenue": "6489000000", "costOfRevenue": "5065000000", "costofGoodsAndServicesSold": "5065000000", "operatingIncome": "1180000000", "sellingGeneralAndAdministrative": "234000000", "researchAndDevelopment": "None", "operatingExpenses": "244000000", "investmentIncomeNet": "None", "netInterestIncome": "-194000000", "interestIncome": "12000000", "interestExpense": "206000000", "nonInterestIncome": "None", "otherNonOperatingIncome": "None", "depreciation": "None", "depreciationAndAmortization": "50000000", "incomeBeforeTax": "994000000", "incomeTaxExpense": "266000000", "interestAndDebtExpense": "None", "netIncomeFromContinuingOperations": "728000000", "comprehensiveIncomeNetOfTax": "None", "ebit": "1200000000", "ebitda": "1250000000", "netIncome": "728000000"}, {"fiscalDateEnding": "2025-06-30", "reportedCurrency": "USD", "grossProfit": "1812000000", "totalRevenue": "6744000000", "costOfRevenue": "4932000000", "costofGoodsAndServicesSold": "4932000000", "operatingIncome": "1236000000", "sellingGeneralAndAdministrative": "245000000", "researchAndDevelopment": "None", "operatingExpenses": "581000000", "investmentIncomeNet": "None", "netInterestIncome": "-191000000", "interestIncome": "12000000", "interestExpense": "203000000", "nonInterestIncome": "None", "otherNonOperatingIncome": "None", "depreciation": "None", "depreciationAndAmortization": "53000000", "incomeBeforeTax": "1054000000", "incomeTaxExpense": "291000000", "interestAndDebtExpense": "None", "netIncomeFromContinuingOperations": "763000000", "comprehensiveIncomeNetOfTax": "None", "ebit": "1257000000", "ebitda": "1310000000", "netIncome": "763000000"}, {"fiscalDateEnding": "2025-03-31", "reportedCurrency": "USD", "grossProfit": "1245000000", "totalRevenue": "6263000000", "costOfRevenue": "5018000000", "costofGoodsAndServicesSold": "5018000000", "operatingIncome": "948000000", "sellingGeneralAndAdministrative": "245000000", "researchAndDevelopment": "None", "operatingExpenses": "297000000", "investmentIncomeNet": "None", "netInterestIncome": "-183000000", "interestIncome": "9000000", "interestExpense": "192000000", "nonInterestIncome": "None", "otherNonOperatingIncome": "None", "depreciation": "None", "depreciationAndAmortization": "136000000", "incomeBeforeTax": "764000000", "incomeTaxExpense": "99000000", "interestAndDebtExpense": "None", "netIncomeFromContinuingOperations": "665000000", "comprehensiveIncomeNetOfTax": "None", "ebit": "956000000", "ebitda": "1092000000", "netIncome": "665000000"}, {"fiscalDateEnding": "2024-12-31", "reportedCurrency": "USD", "grossProfit": "1139000000", "totalRevenue": "6429000000", "costOfRevenue": "5290000000", "costofGoodsAndServicesSold": "5290000000", "operatingIncome": "752000000", "sellingGeneralAndAdministrative": "289000000", "researchAndDevelopment": "None", "operatingExpenses": "387000000", "investmentIncomeNet": "None", "netInterestIncome": "-170000000", "interestIncome": "10000000", "interestExpense": "180000000", "nonInterestIncome": "None", "otherNonOperatingIncome": "None", "depreciation": "None", "depreciationAndAmortization": "279000000", "incomeBeforeTax": "598000000", "incomeTaxExpense": "143000000", "interestAndDebtExpense": "None", "netIncomeFromContinuingOperations": "455000000", "comprehensiveIncomeNetOfTax": "None", "ebit": "778000000", "ebitda": "1057000000", "netIncome": "455000000"}, {"fiscalDateEnding": "2024-09-30", "reportedCurrency": "USD", "grossProfit": "1274000000", "totalRevenue": "6255000000", "costOfRevenue": "4981000000", "costofGoodsAndServicesSold": "4981000000", "operatingIncome": "944000000", "sellingGeneralAndAdministrative": "276000000", "researchAndDevelopment": "None", "operatingExpenses": "330000000", "investmentIncomeNet": "None", "netInterestIncome": "-168000000", "interestIncome": "11000000", "interestExpense": "179000000", "nonInterestIncome": "None", "otherNonOperatingIncome": "None", "depreciation": "None", "depreciationAndAmortization": "71000000", "incomeBeforeTax": "786000000", "incomeTaxExpense": "202000000", "interestAndDebtExpense": "None", "netIncomeFromContinuingOperations": "584000000", "comprehensiveIncomeNetOfTax": "None", "ebit": "965000000", "ebitda": "1036000000", "netIncome": "584000000"}, {"fiscalDateEnding": "2024-06-30", "reportedCurrency": "USD", "grossProfit": "1498000000", "totalRevenue": "6439000000", "costOfRevenue": "4941000000", "costofGoodsAndServicesSold": "4941000000", "operatingIncome": "1195000000", "sellingGeneralAndAdministrative": "248000000", "researchAndDevelopment": "None", "operatingExpenses": "303000000", "investmentIncomeNet": "None", "netInterestIncome": "-164000000", "interestIncome": "9000000", "interestExpense": "173000000", "nonInterestIncome": "None", "otherNonOperatingIncome": "None", "depreciation": "None", "depreciationAndAmortization": "47000000", "incomeBeforeTax": "1040000000", "incomeTaxExpense": "268000000", "interestAndDebtExpense": "None", "netIncomeFromContinuingOperations": "772000000", "comprehensiveIncomeNetOfTax": "None", "ebit": "1213000000", "ebitda": "1260000000", "netIncome": "772000000"}, {"fiscalDateEnding": "2024-03-31", "reportedCurrency": "USD", "grossProfit": "1190000000", "totalRevenue": "5977000000", "costOfRevenue": "4787000000", "costofGoodsAndServicesSold": "4787000000", "operatingIncome": "876000000", "sellingGeneralAndAdministrative": "261000000", "researchAndDevelopment": "None", "operatingExpenses": "314000000", "investmentIncomeNet": "None", "netInterestIncome": "-153000000", "interestIncome": "10000000", "interestExpense": "163000000", "nonInterestIncome": "None", "otherNonOperatingIncome": "None", "depreciation": "None", "depreciationAndAmortization": "116000000", "incomeBeforeTax": "727000000", "incomeTaxExpense": "163000000", "interestAndDebtExpense": "None", "netIncomeFromContinuingOperations": "564000000", "comprehensiveIncomeNetOfTax": "None", "ebit": "890000000", "ebitda": "1006000000", "netIncome": "564000000"}, {"fiscalDateEnding": "2023-12-31", "reportedCurrency": "USD", "grossProfit": "1107000000", "totalRevenue": "6095000000", "costOfRevenue": "4988000000", "costofGoodsAndServicesSold": "4988000000", "operatingIncome": "718000000", "sellingGeneralAndAdministrative": "330000000", "researchAndDevelopment": "None", "operatingExpenses": "389000000", "investmentIncomeNet": "None", "netInterestIncome": "-144000000", "interestIncome": "9000000", "interestExpense": "153000000", "nonInterestIncome": "None", "otherNonOperatingIncome": "None", "depreciation": "None", "depreciationAndAmortization": "73000000", "incomeBeforeTax": "581000000", "incomeTaxExpense": "-267000000", "interestAndDebtExpense": "None", "netIncomeFromContinuingOperations": "848000000", "comprehensiveIncomeNetOfTax": "None", "ebit": "734000000", "ebitda": "807000000", "netIncome": "848000000"}, {"fiscalDateEnding": "2023-09-30", "reportedCurrency": "USD", "grossProfit": "1397000000", "totalRevenue": "5928000000", "costOfRevenue": "4531000000", "costofGoodsAndServicesSold": "4531000000", "operatingIncome": "1099000000", "sellingGeneralAndAdministrative": "239000000", "researchAndDevelopment": "None", "operatingExpenses": "298000000", "investmentIncomeNet": "None", "netInterestIncome": "-139000000", "interestIncome": "7000000", "interestExpense": "146000000", "nonInterestIncome": "None", "otherNonOperatingIncome": "None", "depreciation": "None", "depreciationAndAmortization": "69000000", "incomeBeforeTax": "989000000", "incomeTaxExpense": "237000000", "interestAndDebtExpense": "None", "netIncomeFromContinuingOperations": "752000000", "comprehensiveIncomeNetOfTax": "None", "ebit": "1135000000", "ebitda": "1204000000", "netIncome": "752000000"}, {"fiscalDateEnding": "2023-06-30", "reportedCurrency": "USD", "grossProfit": "1422000000", "totalRevenue": "6075000000", "costOfRevenue": "4653000000", "costofGoodsAndServicesSold": "4653000000", "operatingIncome": "1096000000", "sellingGeneralAndAdministrative": "240000000", "researchAndDevelopment": "None", "operatingExpenses": "326000000", "investmentIncomeNet": "None", "netInterestIncome": "-140000000", "interestIncome": "None", "interestExpense": "141000000", "nonInterestIncome": "None", "otherNonOperatingIncome": "9000000", "depreciation": "None", "depreciationAndAmortization": "70000000", "incomeBeforeTax": "964000000", "incomeTaxExpense": "238000000", "interestAndDebtExpense": "None", "netIncomeFromContinuingOperations": "726000000", "comprehensiveIncomeNetOfTax": "None", "ebit": "1105000000", "ebitda": "1175000000", "netIncome": "726000000"}, {"fiscalDateEnding": "2023-03-31", "reportedCurrency": "USD", "grossProfit": "1198000000", "totalRevenue": "5615000000", "costOfRevenue": "4417000000", "costofGoodsAndServicesSold": "4417000000", "operatingIncome": "951000000", "sellingGeneralAndAdministrative": "202000000", "researchAndDevelopment": "None", "operatingExpenses": "247000000", "investmentIncomeNet": "None", "netInterestIncome": "-111000000", "interestIncome": "15000000", "interestExpense": "126000000", "nonInterestIncome": "None", "otherNonOperatingIncome": "19000000", "depreciation": "None", "depreciationAndAmortization": "65000000", "incomeBeforeTax": "844000000", "incomeTaxExpense": "87000000", "interestAndDebtExpense": "None", "netIncomeFromContinuingOperations": "757000000", "comprehensiveIncomeNetOfTax": "None", "ebit": "970000000", "ebitda": "1035000000", "netIncome": "757000000"}, {"fiscalDateEnding": "2022-12-31", "reportedCurrency": "USD", "grossProfit": "1279000000", "totalRevenue": "5923000000", "costOfRevenue": "4644000000", "costofGoodsAndServicesSold": "4644000000", "operatingIncome": "996000000", "sellingGeneralAndAdministrative": "236000000", "researchAndDevelopment": "None", "operatingExpenses": "283000000", "investmentIncomeNet": "None", "netInterestIncome": "-107000000", "interestIncome": "8000000", "interestExpense": "115000000", "nonInterestIncome": "None", "otherNonOperatingIncome": "10000000", "depreciation": "None", "depreciationAndAmortization": "70000000", "incomeBeforeTax": "891000000", "incomeTaxExpense": "218000000", "interestAndDebtExpense": "None", "netIncomeFromContinuingOperations": "673000000", "comprehensiveIncomeNetOfTax": "None", "ebit": "1006000000", "ebitda": "1076000000", "netIncome": "673000000"}, {"fiscalDateEnding": "2022-09-30", "reportedCurrency": "USD", "grossProfit": "1226000000", "totalRevenue": "5313000000", "costOfRevenue": "4087000000", "costofGoodsAndServicesSold": "4087000000", "operatingIncome": "958000000", "sellingGeneralAndAdministrative": "216000000", "researchAndDevelopment": "None", "operatingExpenses": "268000000", "investmentIncomeNet": "None", "netInterestIncome": "-93000000", "interestIncome": "7000000", "interestExpense": "100000000", "nonInterestIncome": "None", "otherNonOperatingIncome": "11000000", "depreciation": "None", "depreciationAndAmortization": "72000000", "incomeBeforeTax": "869000000", "incomeTaxExpense": "239000000", "interestAndDebtExpense": "None", "netIncomeFromContinuingOperations": "630000000", "comprehensiveIncomeNetOfTax": "None", "ebit": "969000000", "ebitda": "1041000000", "netIncome": "630000000"}, {"fiscalDateEnding": "2022-06-30", "reportedCurrency": "USD", "grossProfit": "1230000000", "totalRevenue": "5338000000", "costOfRevenue": "4108000000", "costofGoodsAndServicesSold": "4108000000", "operatingIncome": "950000000", "sellingGeneralAndAdministrative": "231000000", "researchAndDevelopment": "None", "operatingExpenses": "280000000", "investmentIncomeNet": "None", "netInterestIncome": "-89000000", "interestIncome": "6000000", "interestExpense": "95000000", "nonInterestIncome": "None", "otherNonOperatingIncome": "23000000", "depreciation": "None", "depreciationAndAmortization": "68000000", "incomeBeforeTax": "878000000", "incomeTaxExpense": "200000000", "interestAndDebtExpense": "None", "netIncomeFromContinuingOperations": "678000000", "comprehensiveIncomeNetOfTax": "None", "ebit": "973000000", "ebitda": "1041000000", "netIncome": "678000000"}, {"fiscalDateEnding": "2022-03-31", "reportedCurrency": "USD", "grossProfit": "823000000", "totalRevenue": "4199000000", "costOfRevenue": "3376000000", "costofGoodsAndServicesSold": "3376000000", "operatingIncome": "558000000", "sellingGeneralAndAdministrative": "208000000", "researchAndDevelopment": "None", "operatingExpenses": "265000000", "investmentIncomeNet": "None", "netInterestIncome": "-88000000", "interestIncome": "5000000", "interestExpense": "93000000", "nonInterestIncome": "None", "otherNonOperatingIncome": "11000000", "depreciation": "None", "depreciationAndAmortization": "72000000", "incomeBeforeTax": "476000000", "incomeTaxExpense": "99000000", "interestAndDebtExpense": "None", "netIncomeFromContinuingOperations": "377000000", "comprehensiveIncomeNetOfTax": "None", "ebit": "569000000", "ebitda": "641000000", "netIncome": "377000000"}, {"fiscalDateEnding": "2021-12-31", "reportedCurrency": "USD", "grossProfit": "902000000", "totalRevenue": "4446000000", "costOfRevenue": "3544000000", "costofGoodsAndServicesSold": "3544000000", "operatingIncome": "635000000", "sellingGeneralAndAdministrative": "213000000", "researchAndDevelopment": "None", "operatingExpenses": "267000000", "investmentIncomeNet": "None", "netInterestIncome": "-91000000", "interestIncome": "6000000", "interestExpense": "97000000", "nonInterestIncome": "None", "otherNonOperatingIncome": "10000000", "depreciation": "None", "depreciationAndAmortization": "73000000", "incomeBeforeTax": "548000000", "incomeTaxExpense": "80000000", "interestAndDebtExpense": "None", "netIncomeFromContinuingOperations": "468000000", "comprehensiveIncomeNetOfTax": "None", "ebit": "645000000", "ebitda": "718000000", "netIncome": "468000000"}, {"fiscalDateEnding": "2021-09-30", "reportedCurrency": "USD", "grossProfit": "825000000", "totalRevenue": "3946000000", "costOfRevenue": "3121000000", "costofGoodsAndServicesSold": "3121000000", "operatingIncome": "545000000", "sellingGeneralAndAdministrative": "212000000", "researchAndDevelopment": "None", "operatingExpenses": "280000000", "investmentIncomeNet": "None", "netInterestIncome": "-99000000", "interestIncome": "8000000", "interestExpense": "107000000", "nonInterestIncome": "None", "otherNonOperatingIncome": "-160000000", "depreciation": "None", "depreciationAndAmortization": "85000000", "incomeBeforeTax": "278000000", "incomeTaxExpense": "58000000", "interestAndDebtExpense": "None", "netIncomeFromContinuingOperations": "220000000", "comprehensiveIncomeNetOfTax": "None", "ebit": "385000000", "ebitda": "470000000", "netIncome": "220000000"}, {"fiscalDateEnding": "2021-06-30", "reportedCurrency": "USD", "grossProfit": "726000000", "totalRevenue": "3149000000", "costOfRevenue": "2423000000", "costofGoodsAndServicesSold": "2423000000", "operatingIncome": "486000000", "sellingGeneralAndAdministrative": "187000000", "researchAndDevelopment": "None", "operatingExpenses": "240000000", "investmentIncomeNet": "None", "netInterestIncome": "-102000000", "interestIncome": "7000000", "interestExpense": "109000000", "nonInterestIncome": "None", "otherNonOperatingIncome": "4000000", "depreciation": "None", "depreciationAndAmortization": "68000000", "incomeBeforeTax": "381000000", "incomeTaxExpense": "-41000000", "interestAndDebtExpense": "None", "netIncomeFromContinuingOperations": "422000000", "comprehensiveIncomeNetOfTax": "None", "ebit": "490000000", "ebitda": "558000000", "netIncome": "422000000"}, {"fiscalDateEnding": "2021-03-31", "reportedCurrency": "USD", "grossProfit": "348000000", "totalRevenue": "2316000000", "costOfRevenue": "1968000000", "costofGoodsAndServicesSold": "1968000000", "operatingIncome": "84000000", "sellingGeneralAndAdministrative": "211000000", "researchAndDevelopment": "None", "operatingExpenses": "264000000", "investmentIncomeNet": "None", "netInterestIncome": "-100000000", "interestIncome": "7000000", "interestExpense": "107000000", "nonInterestIncome": "None", "otherNonOperatingIncome": "-4000000", "depreciation": "None", "depreciationAndAmortization": "69000000", "incomeBeforeTax": "-27000000", "incomeTaxExpense": "-16000000", "interestAndDebtExpense": "None", "netIncomeFromContinuingOperations": "-11000000", "comprehensiveIncomeNetOfTax": "None", "ebit": "80000000", "ebitda": "149000000", "netIncome": "-11000000"}, {"fiscalDateEnding": "2020-12-31", "reportedCurrency": "USD", "grossProfit": "388000000", "totalRevenue": "2172000000", "costOfRevenue": "1784000000", "costofGoodsAndServicesSold": "1784000000", "operatingIncome": "-128000000", "sellingGeneralAndAdministrative": "183000000", "researchAndDevelopment": "None", "operatingExpenses": "254000000", "investmentIncomeNet": "None", "netInterestIncome": "-105000000", "interestIncome": "7000000", "interestExpense": "112000000", "nonInterestIncome": "None", "otherNonOperatingIncome": "-74000000", "depreciation": "None", "depreciationAndAmortization": "71000000", "incomeBeforeTax": "-314000000", "incomeTaxExpense": "-150000000", "interestAndDebtExpense": "None", "netIncomeFromContinuingOperations": "-164000000", "comprehensiveIncomeNetOfTax": "None", "ebit": "60000000", "ebitda": "131000000", "netIncome": "-164000000"}, {"fiscalDateEnding": "2020-09-30", "reportedCurrency": "USD", "grossProfit": "437000000", "totalRevenue": "2254000000", "costOfRevenue": "1817000000", "costofGoodsAndServicesSold": "1817000000", "operatingIncome": "252000000", "sellingGeneralAndAdministrative": "131000000", "researchAndDevelopment": "None", "operatingExpenses": "185000000", "investmentIncomeNet": "None", "netInterestIncome": "-107000000", "interestIncome": "6000000", "interestExpense": "113000000", "nonInterestIncome": "None", "otherNonOperatingIncome": "-12000000", "depreciation": "None", "depreciationAndAmortization": "101000000", "incomeBeforeTax": "127000000", "incomeTaxExpense": "27000000", "interestAndDebtExpense": "None", "netIncomeFromContinuingOperations": "100000000", "comprehensiveIncomeNetOfTax": "None", "ebit": "240000000", "ebitda": "341000000", "netIncome": "100000000"}, {"fiscalDateEnding": "2020-06-30", "reportedCurrency": "USD", "grossProfit": "102000000", "totalRevenue": "1464000000", "costOfRevenue": "1362000000", "costofGoodsAndServicesSold": "1362000000", "operatingIncome": "-154000000", "sellingGeneralAndAdministrative": "178000000", "researchAndDevelopment": "None", "operatingExpenses": "256000000", "investmentIncomeNet": "None", "netInterestIncome": "-119000000", "interestIncome": "8000000", "interestExpense": "127000000", "nonInterestIncome": "None", "otherNonOperatingIncome": "-17000000", "depreciation": "None", "depreciationAndAmortization": "93000000", "incomeBeforeTax": "-298000000", "incomeTaxExpense": "-64000000", "interestAndDebtExpense": "None", "netIncomeFromContinuingOperations": "-234000000", "comprehensiveIncomeNetOfTax": "None", "ebit": "-171000000", "ebitda": "-78000000", "netIncome": "-234000000"}, {"fiscalDateEnding": "2020-03-31", "reportedCurrency": "USD", "grossProfit": "532000000", "totalRevenue": "4681000000", "costOfRevenue": "4149000000", "costofGoodsAndServicesSold": "4149000000", "operatingIncome": "114000000", "sellingGeneralAndAdministrative": "270000000", "researchAndDevelopment": "None", "operatingExpenses": "418000000", "investmentIncomeNet": "None", "netInterestIncome": "-87000000", "interestIncome": "6000000", "interestExpense": "93000000", "nonInterestIncome": "None", "otherNonOperatingIncome": "-2000000", "depreciation": "None", "depreciationAndAmortization": "175000000", "incomeBeforeTax": "19000000", "incomeTaxExpense": "-12000000", "interestAndDebtExpense": "None", "netIncomeFromContinuingOperations": "31000000", "comprehensiveIncomeNetOfTax": "None", "ebit": "112000000", "ebitda": "287000000", "netIncome": "31000000"}, {"fiscalDateEnding": "2019-12-31", "reportedCurrency": "USD", "grossProfit": "667000000", "totalRevenue": "5371000000", "costOfRevenue": "4704000000", "costofGoodsAndServicesSold": "4704000000", "operatingIncome": "274000000", "sellingGeneralAndAdministrative": "267000000", "researchAndDevelopment": "None", "operatingExpenses": "393000000", "investmentIncomeNet": "None", "netInterestIncome": "-89000000", "interestIncome": "6000000", "interestExpense": "95000000", "nonInterestIncome": "None", "otherNonOperatingIncome": "147000000", "depreciation": "None", "depreciationAndAmortization": "196000000", "incomeBeforeTax": "326000000", "incomeTaxExpense": "47000000", "interestAndDebtExpense": "None", "netIncomeFromContinuingOperations": "279000000", "comprehensiveIncomeNetOfTax": "None", "ebit": "421000000", "ebitda": "617000000", "netIncome": "279000000"}, {"fiscalDateEnding": "2019-09-30", "reportedCurrency": "USD", "grossProfit": "888000000", "totalRevenue": "5284000000", "costOfRevenue": "4396000000", "costofGoodsAndServicesSold": "4396000000", "operatingIncome": "607000000", "sellingGeneralAndAdministrative": "220000000", "researchAndDevelopment": "None", "operatingExpenses": "281000000", "investmentIncomeNet": "None", "netInterestIncome": "-92000000", "interestIncome": "8000000", "interestExpense": "100000000", "nonInterestIncome": "None", "otherNonOperatingIncome": "20000000", "depreciation": "None", "depreciationAndAmortization": "68000000", "incomeBeforeTax": "527000000", "incomeTaxExpense": "140000000", "interestAndDebtExpense": "None", "netIncomeFromContinuingOperations": "387000000", "comprehensiveIncomeNetOfTax": "None", "ebit": "627000000", "ebitda": "695000000", "netIncome": "387000000"}, {"fiscalDateEnding": "2019-06-30", "reportedCurrency": "USD", "grossProfit": "867000000", "totalRevenue": "5305000000", "costOfRevenue": "4438000000", "costofGoodsAndServicesSold": "4438000000", "operatingIncome": "409000000", "sellingGeneralAndAdministrative": "229000000", "researchAndDevelopment": "None", "operatingExpenses": "458000000", "investmentIncomeNet": "None", "netInterestIncome": "-96000000", "interestIncome": "6000000", "interestExpense": "102000000", "nonInterestIncome": "None", "otherNonOperatingIncome": "7000000", "depreciation": "None", "depreciationAndAmortization": "71000000", "incomeBeforeTax": "314000000", "incomeTaxExpense": "82000000", "interestAndDebtExpense": "None", "netIncomeFromContinuingOperations": "232000000", "comprehensiveIncomeNetOfTax": "None", "ebit": "416000000", "ebitda": "487000000", "netIncome": "232000000"}, {"fiscalDateEnding": "2019-03-31", "reportedCurrency": "USD", "grossProfit": "795000000", "totalRevenue": "5012000000", "costOfRevenue": "4217000000", "costofGoodsAndServicesSold": "4217000000", "operatingIncome": "510000000", "sellingGeneralAndAdministrative": "222000000", "researchAndDevelopment": "None", "operatingExpenses": "285000000", "investmentIncomeNet": "None", "netInterestIncome": "-91000000", "interestIncome": "78000000", "interestExpense": "97000000", "nonInterestIncome": "None", "otherNonOperatingIncome": "19000000", "depreciation": "None", "depreciationAndAmortization": "68000000", "incomeBeforeTax": "432000000", "incomeTaxExpense": "57000000", "interestAndDebtExpense": "None", "netIncomeFromContinuingOperations": "375000000", "comprehensiveIncomeNetOfTax": "None", "ebit": "529000000", "ebitda": "597000000", "netIncome": "375000000"}, {"fiscalDateEnding": "2018-12-31", "reportedCurrency": "USD", "grossProfit": "951000000", "totalRevenue": "5357000000", "costOfRevenue": "4406000000", "costofGoodsAndServicesSold": "4406000000", "operatingIncome": "556000000", "sellingGeneralAndAdministrative": "242000000", "researchAndDevelopment": "0", "operatingExpenses": "395000000", "investmentIncomeNet": "None", "netInterestIncome": "None", "interestIncome": "None", "interestExpense": "94000000", "nonInterestIncome": "None", "otherNonOperatingIncome": "17000000", "depreciation": "None", "depreciationAndAmortization": "76000000", "incomeBeforeTax": "479000000", "incomeTaxExpense": "63000000", "interestAndDebtExpense": "None", "netIncomeFromContinuingOperations": "416000000", "comprehensiveIncomeNetOfTax": "None", "ebit": "573000000", "ebitda": "649000000", "netIncome": "416000000"}, {"fiscalDateEnding": "2018-09-30", "reportedCurrency": "USD", "grossProfit": "881000000", "totalRevenue": "5051000000", "costOfRevenue": "4170000000", "costofGoodsAndServicesSold": "4170000000", "operatingIncome": "596000000", "sellingGeneralAndAdministrative": "221000000", "researchAndDevelopment": "0", "operatingExpenses": "285000000", "investmentIncomeNet": "None", "netInterestIncome": "None", "interestIncome": "None", "interestExpense": "86000000", "nonInterestIncome": "None", "otherNonOperatingIncome": "84000000", "depreciation": "None", "depreciationAndAmortization": "65000000", "incomeBeforeTax": "594000000", "incomeTaxExpense": "91000000", "interestAndDebtExpense": "None", "netIncomeFromContinuingOperations": "483000000", "comprehensiveIncomeNetOfTax": "None", "ebit": "680000000", "ebitda": "745000000", "netIncome": "503000000"}, {"fiscalDateEnding": "2018-06-30", "reportedCurrency": "USD", "grossProfit": "1111000000", "totalRevenue": "5409000000", "costOfRevenue": "4298000000", "costofGoodsAndServicesSold": "4298000000", "operatingIncome": "818000000", "sellingGeneralAndAdministrative": "217000000", "researchAndDevelopment": "0", "operatingExpenses": "293000000", "investmentIncomeNet": "None", "netInterestIncome": "None", "interestIncome": "None", "interestExpense": "85000000", "nonInterestIncome": "None", "otherNonOperatingIncome": "141000000", "depreciation": "None", "depreciationAndAmortization": "70000000", "incomeBeforeTax": "874000000", "incomeTaxExpense": "207000000", "interestAndDebtExpense": "None", "netIncomeFromContinuingOperations": "610000000", "comprehensiveIncomeNetOfTax": "None", "ebit": "959000000", "ebitda": "1029000000", "netIncome": "667000000"}, {"fiscalDateEnding": "2018-03-31", "reportedCurrency": "USD", "grossProfit": "865000000", "totalRevenue": "5009000000", "costOfRevenue": "4144000000", "costofGoodsAndServicesSold": "4144000000", "operatingIncome": "530000000", "sellingGeneralAndAdministrative": "247000000", "researchAndDevelopment": "0", "operatingExpenses": "335000000", "investmentIncomeNet": "None", "netInterestIncome": "None", "interestIncome": "None", "interestExpense": "75000000", "nonInterestIncome": "None", "otherNonOperatingIncome": "77000000", "depreciation": "None", "depreciationAndAmortization": "73000000", "incomeBeforeTax": "532000000", "incomeTaxExpense": "112000000", "interestAndDebtExpense": "None", "netIncomeFromContinuingOperations": "398000000", "comprehensiveIncomeNetOfTax": "None", "ebit": "607000000", "ebitda": "680000000", "netIncome": "420000000"}, {"fiscalDateEnding": "2017-12-31", "reportedCurrency": "USD", "grossProfit": "960000000", "totalRevenue": "5875000000", "costOfRevenue": "4915000000", "costofGoodsAndServicesSold": "4915000000", "operatingIncome": "570000000", "sellingGeneralAndAdministrative": "259000000", "researchAndDevelopment": "0", "operatingExpenses": "390000000", "investmentIncomeNet": "None", "netInterestIncome": "None", "interestIncome": "None", "interestExpense": "72000000", "nonInterestIncome": "None", "otherNonOperatingIncome": "681000000", "depreciation": "None", "depreciationAndAmortization": "72000000", "incomeBeforeTax": "1179000000", "incomeTaxExpense": "978000000", "interestAndDebtExpense": "None", "netIncomeFromContinuingOperations": "201000000", "comprehensiveIncomeNetOfTax": "None", "ebit": "1251000000", "ebitda": "1323000000", "netIncome": "201000000"}, {"fiscalDateEnding": "2017-09-30", "reportedCurrency": "USD", "grossProfit": "1077000000", "totalRevenue": "5078000000", "costOfRevenue": "4001000000", "costofGoodsAndServicesSold": "4001000000", "operatingIncome": "790000000", "sellingGeneralAndAdministrative": "205000000", "researchAndDevelopment": "0", "operatingExpenses": "287000000", "investmentIncomeNet": "None", "netInterestIncome": "None", "interestIncome": "None", "interestExpense": "73000000", "nonInterestIncome": "None", "otherNonOperatingIncome": "21000000", "depreciation": "None", "depreciationAndAmortization": "65000000", "incomeBeforeTax": "738000000", "incomeTaxExpense": "253000000", "interestAndDebtExpense": "None", "netIncomeFromContinuingOperations": "392000000", "comprehensiveIncomeNetOfTax": "None", "ebit": "811000000", "ebitda": "876000000", "netIncome": "485000000"}, {"fiscalDateEnding": "2017-06-30", "reportedCurrency": "USD", "grossProfit": "1070000000", "totalRevenue": "5211000000", "costOfRevenue": "4141000000", "costofGoodsAndServicesSold": "4141000000", "operatingIncome": "744000000", "sellingGeneralAndAdministrative": "234000000", "researchAndDevelopment": "0", "operatingExpenses": "326000000", "investmentIncomeNet": "None", "netInterestIncome": "None", "interestIncome": "None", "interestExpense": "73000000", "nonInterestIncome": "None", "otherNonOperatingIncome": "45000000", "depreciation": "None", "depreciationAndAmortization": "83000000", "incomeBeforeTax": "716000000", "incomeTaxExpense": "227000000", "interestAndDebtExpense": "None", "netIncomeFromContinuingOperations": "414000000", "comprehensiveIncomeNetOfTax": "None", "ebit": "789000000", "ebitda": "872000000", "netIncome": "489000000"}, {"fiscalDateEnding": "2017-03-31", "reportedCurrency": "USD", "grossProfit": "860000000", "totalRevenue": "4912000000", "costOfRevenue": "4052000000", "costofGoodsAndServicesSold": "4052000000", "operatingIncome": "546000000", "sellingGeneralAndAdministrative": "212000000", "researchAndDevelopment": "0", "operatingExpenses": "314000000", "investmentIncomeNet": "None", "netInterestIncome": "None", "interestIncome": "None", "interestExpense": "70000000", "nonInterestIncome": "None", "otherNonOperatingIncome": "18000000", "depreciation": "None", "depreciationAndAmortization": "62000000", "incomeBeforeTax": "494000000", "incomeTaxExpense": "123000000", "interestAndDebtExpense": "None", "netIncomeFromContinuingOperations": "365000000", "comprehensiveIncomeNetOfTax": "None", "ebit": "564000000", "ebitda": "626000000", "netIncome": "371000000"}, {"fiscalDateEnding": "2016-12-31", "reportedCurrency": "USD", "grossProfit": "882000000", "totalRevenue": "5456000000", "costOfRevenue": "4574000000", "costofGoodsAndServicesSold": "4574000000", "operatingIncome": "441000000", "sellingGeneralAndAdministrative": "234000000", "researchAndDevelopment": "0", "operatingExpenses": "441000000", "investmentIncomeNet": "None", "netInterestIncome": "None", "interestIncome": "None", "interestExpense": "75000000", "nonInterestIncome": "None", "otherNonOperatingIncome": "17000000", "depreciation": "None", "depreciationAndAmortization": "71000000", "incomeBeforeTax": "383000000", "incomeTaxExpense": "139000000", "interestAndDebtExpense": "None", "netIncomeFromContinuingOperations": "244000000", "comprehensiveIncomeNetOfTax": "None", "ebit": "458000000", "ebitda": "529000000", "netIncome": "244000000"}, {"fiscalDateEnding": "2016-09-30", "reportedCurrency": "USD", "grossProfit": "596000000", "totalRevenue": "3942000000", "costOfRevenue": "3346000000", "costofGoodsAndServicesSold": "3346000000", "operatingIncome": "171000000", "sellingGeneralAndAdministrative": "161000000", "researchAndDevelopment": "0", "operatingExpenses": "425000000", "investmentIncomeNet": "None", "netInterestIncome": "None", "interestIncome": "None", "interestExpense": "55000000", "nonInterestIncome": "None", "otherNonOperatingIncome": "15000000", "depreciation": "None", "depreciationAndAmortization": "36000000", "incomeBeforeTax": "131000000", "incomeTaxExpense": "61000000", "interestAndDebtExpense": "None", "netIncomeFromContinuingOperations": "70000000", "comprehensiveIncomeNetOfTax": "None", "ebit": "186000000", "ebitda": "222000000", "netIncome": "70000000"}, {"fiscalDateEnding": "2016-06-30", "reportedCurrency": "USD", "grossProfit": "587000000", "totalRevenue": "3902000000", "costOfRevenue": "3315000000", "costofGoodsAndServicesSold": "3315000000", "operatingIncome": "389000000", "sellingGeneralAndAdministrative": "154000000", "researchAndDevelopment": "0", "operatingExpenses": "198000000", "investmentIncomeNet": "None", "netInterestIncome": "None", "interestIncome": "None", "interestExpense": "57000000", "nonInterestIncome": "None", "otherNonOperatingIncome": "12000000", "depreciation": "None", "depreciationAndAmortization": "30000000", "incomeBeforeTax": "344000000", "incomeTaxExpense": "97000000", "interestAndDebtExpense": "None", "netIncomeFromContinuingOperations": "247000000", "comprehensiveIncomeNetOfTax": "None", "ebit": "401000000", "ebitda": "431000000", "netIncome": "247000000"}, {"fiscalDateEnding": "2016-03-31", "reportedCurrency": "USD", "grossProfit": "561000000", "totalRevenue": "3772000000", "costOfRevenue": "3211000000", "costofGoodsAndServicesSold": "3211000000", "operatingIncome": "367000000", "sellingGeneralAndAdministrative": "155000000", "researchAndDevelopment": "0", "operatingExpenses": "194000000", "investmentIncomeNet": "None", "netInterestIncome": "None", "interestIncome": "None", "interestExpense": "47000000", "nonInterestIncome": "None", "otherNonOperatingIncome": "6000000", "depreciation": "None", "depreciationAndAmortization": "31000000", "incomeBeforeTax": "326000000", "incomeTaxExpense": "107000000", "interestAndDebtExpense": "None", "netIncomeFromContinuingOperations": "219000000", "comprehensiveIncomeNetOfTax": "None", "ebit": "373000000", "ebitda": "404000000", "netIncome": "219000000"}, {"fiscalDateEnding": "2015-12-31", "reportedCurrency": "USD", "grossProfit": "530000000", "totalRevenue": "3706000000", "costOfRevenue": "3176000000", "costofGoodsAndServicesSold": "3176000000", "operatingIncome": "310000000", "sellingGeneralAndAdministrative": "188000000", "researchAndDevelopment": "0", "operatingExpenses": "220000000", "investmentIncomeNet": "None", "netInterestIncome": "None", "interestIncome": "None", "interestExpense": "46000000", "nonInterestIncome": "None", "otherNonOperatingIncome": "20000000", "depreciation": "None", "depreciationAndAmortization": "32000000", "incomeBeforeTax": "284000000", "incomeTaxExpense": "82000000", "interestAndDebtExpense": "None", "netIncomeFromContinuingOperations": "202000000", "comprehensiveIncomeNetOfTax": "None", "ebit": "330000000", "ebitda": "362000000", "netIncome": "202000000"}, {"fiscalDateEnding": "2015-09-30", "reportedCurrency": "USD", "grossProfit": "519000000", "totalRevenue": "3578000000", "costOfRevenue": "3059000000", "costofGoodsAndServicesSold": "3059000000", "operatingIncome": "339000000", "sellingGeneralAndAdministrative": "149000000", "researchAndDevelopment": "0", "operatingExpenses": "180000000", "investmentIncomeNet": "None", "netInterestIncome": "None", "interestIncome": "None", "interestExpense": "43000000", "nonInterestIncome": "None", "otherNonOperatingIncome": "13000000", "depreciation": "None", "depreciationAndAmortization": "31000000", "incomeBeforeTax": "309000000", "incomeTaxExpense": "99000000", "interestAndDebtExpense": "None", "netIncomeFromContinuingOperations": "210000000", "comprehensiveIncomeNetOfTax": "None", "ebit": "352000000", "ebitda": "383000000", "netIncome": "210000000"}, {"fiscalDateEnding": "2015-06-30", "reportedCurrency": "USD", "grossProfit": "553000000", "totalRevenue": "3689000000", "costOfRevenue": "3136000000", "costofGoodsAndServicesSold": "3136000000", "operatingIncome": "369000000", "sellingGeneralAndAdministrative": "152000000", "researchAndDevelopment": "0", "operatingExpenses": "184000000", "investmentIncomeNet": "None", "netInterestIncome": "None", "interestIncome": "None", "interestExpense": "42000000", "nonInterestIncome": "None", "otherNonOperatingIncome": "28000000", "depreciation": "None", "depreciationAndAmortization": "32000000", "incomeBeforeTax": "355000000", "incomeTaxExpense": "115000000", "interestAndDebtExpense": "None", "netIncomeFromContinuingOperations": "240000000", "comprehensiveIncomeNetOfTax": "None", "ebit": "397000000", "ebitda": "429000000", "netIncome": "240000000"}, {"fiscalDateEnding": "2015-03-31", "reportedCurrency": "USD", "grossProfit": "521000000", "totalRevenue": "3513000000", "costOfRevenue": "2992000000", "costofGoodsAndServicesSold": "2992000000", "operatingIncome": "332000000", "sellingGeneralAndAdministrative": "145000000", "researchAndDevelopment": "0", "operatingExpenses": "189000000", "investmentIncomeNet": "None", "netInterestIncome": "None", "interestIncome": "None", "interestExpense": "36000000", "nonInterestIncome": "None", "otherNonOperatingIncome": "11000000", "depreciation": "None", "depreciationAndAmortization": "44000000", "incomeBeforeTax": "307000000", "incomeTaxExpense": "100000000", "interestAndDebtExpense": "None", "netIncomeFromContinuingOperations": "207000000", "comprehensiveIncomeNetOfTax": "None", "ebit": "343000000", "ebitda": "387000000", "netIncome": "207000000"}, {"fiscalDateEnding": "2014-12-31", "reportedCurrency": "USD", "grossProfit": "503000000", "totalRevenue": "3559000000", "costOfRevenue": "3056000000", "costofGoodsAndServicesSold": "3056000000", "operatingIncome": "291000000", "sellingGeneralAndAdministrative": "180000000", "researchAndDevelopment": "0", "operatingExpenses": "212000000", "investmentIncomeNet": "None", "netInterestIncome": "None", "interestIncome": "None", "interestExpense": "26000000", "nonInterestIncome": "None", "otherNonOperatingIncome": "17000000", "depreciation": "None", "depreciationAndAmortization": "32000000", "incomeBeforeTax": "282000000", "incomeTaxExpense": "85000000", "interestAndDebtExpense": "None", "netIncomeFromContinuingOperations": "197000000", "comprehensiveIncomeNetOfTax": "None", "ebit": "308000000", "ebitda": "340000000", "netIncome": "197000000"}, {"fiscalDateEnding": "2014-09-30", "reportedCurrency": "USD", "grossProfit": "503000000", "totalRevenue": "3460000000", "costOfRevenue": "2957000000", "costofGoodsAndServicesSold": "2957000000", "operatingIncome": "298000000", "sellingGeneralAndAdministrative": "172000000", "researchAndDevelopment": "0", "operatingExpenses": "205000000", "investmentIncomeNet": "None", "netInterestIncome": "None", "interestIncome": "None", "interestExpense": "29000000", "nonInterestIncome": "None", "otherNonOperatingIncome": "21000000", "depreciation": "None", "depreciationAndAmortization": "33000000", "incomeBeforeTax": "290000000", "incomeTaxExpense": "98000000", "interestAndDebtExpense": "None", "netIncomeFromContinuingOperations": "192000000", "comprehensiveIncomeNetOfTax": "None", "ebit": "319000000", "ebitda": "352000000", "netIncome": "192000000"}, {"fiscalDateEnding": "2014-06-30", "reportedCurrency": "USD", "grossProfit": "522000000", "totalRevenue": "3484000000", "costOfRevenue": "2962000000", "costofGoodsAndServicesSold": "2962000000", "operatingIncome": "316000000", "sellingGeneralAndAdministrative": "159000000", "researchAndDevelopment": "0", "operatingExpenses": "206000000", "investmentIncomeNet": "None", "netInterestIncome": "None", "interestIncome": "None", "interestExpense": "30000000", "nonInterestIncome": "None", "otherNonOperatingIncome": "-1000000", "depreciation": "None", "depreciationAndAmortization": "47000000", "incomeBeforeTax": "285000000", "incomeTaxExpense": "93000000", "interestAndDebtExpense": "None", "netIncomeFromContinuingOperations": "192000000", "comprehensiveIncomeNetOfTax": "None", "ebit": "315000000", "ebitda": "362000000", "netIncome": "192000000"}, {"fiscalDateEnding": "2014-03-31", "reportedCurrency": "USD", "grossProfit": "438000000", "totalRevenue": "3293000000", "costOfRevenue": "2855000000", "costofGoodsAndServicesSold": "2855000000", "operatingIncome": "254000000", "sellingGeneralAndAdministrative": "148000000", "researchAndDevelopment": "0", "operatingExpenses": "184000000", "investmentIncomeNet": "None", "netInterestIncome": "None", "interestIncome": "None", "interestExpense": "30000000", "nonInterestIncome": "None", "otherNonOperatingIncome": "7000000", "depreciation": "None", "depreciationAndAmortization": "36000000", "incomeBeforeTax": "231000000", "incomeTaxExpense": "59000000", "interestAndDebtExpense": "None", "netIncomeFromContinuingOperations": "172000000", "comprehensiveIncomeNetOfTax": "None", "ebit": "261000000", "ebitda": "297000000", "netIncome": "172000000"}, {"fiscalDateEnding": "2013-12-31", "reportedCurrency": "USD", "grossProfit": "438000000", "totalRevenue": "3219000000", "costOfRevenue": "2781000000", "costofGoodsAndServicesSold": "2781000000", "operatingIncome": "238000000", "sellingGeneralAndAdministrative": "200000000", "researchAndDevelopment": "0", "operatingExpenses": "200000000", "investmentIncomeNet": "None", "netInterestIncome": "None", "interestIncome": "None", "interestExpense": "32000000", "nonInterestIncome": "None", "otherNonOperatingIncome": "4000000", "depreciation": "None", "depreciationAndAmortization": "14000000", "incomeBeforeTax": "210000000", "incomeTaxExpense": "59000000", "interestAndDebtExpense": "None", "netIncomeFromContinuingOperations": "151000000", "comprehensiveIncomeNetOfTax": "None", "ebit": "242000000", "ebitda": "256000000", "netIncome": "151000000"}, {"fiscalDateEnding": "2013-09-30", "reportedCurrency": "USD", "grossProfit": "426000000", "totalRevenue": "3160000000", "costOfRevenue": "2734000000", "costofGoodsAndServicesSold": "2734000000", "operatingIncome": "245000000", "sellingGeneralAndAdministrative": "147000000", "researchAndDevelopment": "0", "operatingExpenses": "181000000", "investmentIncomeNet": "None", "netInterestIncome": "None", "interestIncome": "None", "interestExpense": "28000000", "nonInterestIncome": "None", "otherNonOperatingIncome": "6000000", "depreciation": "None", "depreciationAndAmortization": "34000000", "incomeBeforeTax": "223000000", "incomeTaxExpense": "63000000", "interestAndDebtExpense": "None", "netIncomeFromContinuingOperations": "160000000", "comprehensiveIncomeNetOfTax": "None", "ebit": "251000000", "ebitda": "285000000", "netIncome": "160000000"}, {"fiscalDateEnding": "2013-06-30", "reportedCurrency": "USD", "grossProfit": "472000000", "totalRevenue": "3263000000", "costOfRevenue": "2791000000", "costofGoodsAndServicesSold": "2791000000", "operatingIncome": "279000000", "sellingGeneralAndAdministrative": "160000000", "researchAndDevelopment": "0", "operatingExpenses": "193000000", "investmentIncomeNet": "None", "netInterestIncome": "None", "interestIncome": "None", "interestExpense": "29000000", "nonInterestIncome": "None", "otherNonOperatingIncome": "13000000", "depreciation": "None", "depreciationAndAmortization": "33000000", "incomeBeforeTax": "263000000", "incomeTaxExpense": "84000000", "interestAndDebtExpense": "None", "netIncomeFromContinuingOperations": "179000000", "comprehensiveIncomeNetOfTax": "None", "ebit": "292000000", "ebitda": "325000000", "netIncome": "179000000"}, {"fiscalDateEnding": "2013-03-31", "reportedCurrency": "USD", "grossProfit": "415000000", "totalRevenue": "3142000000", "costOfRevenue": "2727000000", "costofGoodsAndServicesSold": "2727000000", "operatingIncome": "226000000", "sellingGeneralAndAdministrative": "164000000", "researchAndDevelopment": "0", "operatingExpenses": "189000000", "investmentIncomeNet": "None", "netInterestIncome": "None", "interestIncome": "None", "interestExpense": "31000000", "nonInterestIncome": "None", "otherNonOperatingIncome": "6000000", "depreciation": "None", "depreciationAndAmortization": "25000000", "incomeBeforeTax": "201000000", "incomeTaxExpense": "65000000", "interestAndDebtExpense": "None", "netIncomeFromContinuingOperations": "136000000", "comprehensiveIncomeNetOfTax": "None", "ebit": "232000000", "ebitda": "257000000", "netIncome": "136000000"}, {"fiscalDateEnding": "2012-12-31", "reportedCurrency": "USD", "grossProfit": "515000000", "totalRevenue": "3757000000", "costOfRevenue": "3242000000", "costofGoodsAndServicesSold": "3242000000", "operatingIncome": "309000000", "sellingGeneralAndAdministrative": "206000000", "researchAndDevelopment": "0", "operatingExpenses": "206000000", "investmentIncomeNet": "None", "netInterestIncome": "None", "interestIncome": "None", "interestExpense": "41000000", "nonInterestIncome": "None", "otherNonOperatingIncome": "3000000", "depreciation": "None", "depreciationAndAmortization": "45000000", "incomeBeforeTax": "271000000", "incomeTaxExpense": "90000000", "interestAndDebtExpense": "None", "netIncomeFromContinuingOperations": "181000000", "comprehensiveIncomeNetOfTax": "None", "ebit": "312000000", "ebitda": "357000000", "netIncome": "181000000"}, {"fiscalDateEnding": "2012-09-30", "reportedCurrency": "USD", "grossProfit": "345000000", "totalRevenue": "2729000000", "costOfRevenue": "2384000000", "costofGoodsAndServicesSold": "2384000000", "operatingIncome": "213000000", "sellingGeneralAndAdministrative": "132000000", "researchAndDevelopment": "0", "operatingExpenses": "132000000", "investmentIncomeNet": "None", "netInterestIncome": "None", "interestIncome": "None", "interestExpense": "29000000", "nonInterestIncome": "None", "otherNonOperatingIncome": "38000000", "depreciation": "None", "depreciationAndAmortization": "33000000", "incomeBeforeTax": "222000000", "incomeTaxExpense": "79000000", "interestAndDebtExpense": "None", "netIncomeFromContinuingOperations": "143000000", "comprehensiveIncomeNetOfTax": "None", "ebit": "251000000", "ebitda": "284000000", "netIncome": "143000000"}, {"fiscalDateEnding": "2012-06-30", "reportedCurrency": "USD", "grossProfit": "403000000", "totalRevenue": "2776000000", "costOfRevenue": "2373000000", "costofGoodsAndServicesSold": "2373000000", "operatingIncome": "243000000", "sellingGeneralAndAdministrative": "160000000", "researchAndDevelopment": "0", "operatingExpenses": "160000000", "investmentIncomeNet": "None", "netInterestIncome": "None", "interestIncome": "None", "interestExpense": "34000000", "nonInterestIncome": "None", "otherNonOperatingIncome": "None", "depreciation": "None", "depreciationAndAmortization": "38000000", "incomeBeforeTax": "209000000", "incomeTaxExpense": "66000000", "interestAndDebtExpense": "None", "netIncomeFromContinuingOperations": "143000000", "comprehensiveIncomeNetOfTax": "None", "ebit": "243000000", "ebitda": "281000000", "netIncome": "143000000"}, {"fiscalDateEnding": "2012-03-31", "reportedCurrency": "USD", "grossProfit": "322000000", "totalRevenue": "2552000000", "costOfRevenue": "2230000000", "costofGoodsAndServicesSold": "2230000000", "operatingIncome": "175000000", "sellingGeneralAndAdministrative": "147000000", "researchAndDevelopment": "0", "operatingExpenses": "147000000", "investmentIncomeNet": "None", "netInterestIncome": "None", "interestIncome": "None", "interestExpense": "33000000", "nonInterestIncome": "None", "otherNonOperatingIncome": "5000000", "depreciation": "None", "depreciationAndAmortization": "29000000", "incomeBeforeTax": "147000000", "incomeTaxExpense": "43000000", "interestAndDebtExpense": "None", "netIncomeFromContinuingOperations": "104000000", "comprehensiveIncomeNetOfTax": "None", "ebit": "180000000", "ebitda": "209000000", "netIncome": "104000000"}, {"fiscalDateEnding": "2011-12-31", "reportedCurrency": "USD", "grossProfit": "501000000", "totalRevenue": "3693000000", "costOfRevenue": "3192000000", "costofGoodsAndServicesSold": "3192000000", "operatingIncome": "247000000", "sellingGeneralAndAdministrative": "254000000", "researchAndDevelopment": "0", "operatingExpenses": "254000000", "investmentIncomeNet": "None", "netInterestIncome": "None", "interestIncome": "None", "interestExpense": "47000000", "nonInterestIncome": "None", "otherNonOperatingIncome": "2000000", "depreciation": "None", "depreciationAndAmortization": "52000000", "incomeBeforeTax": "202000000", "incomeTaxExpense": "61000000", "interestAndDebtExpense": "None", "netIncomeFromContinuingOperations": "141000000", "comprehensiveIncomeNetOfTax": "None", "ebit": "249000000", "ebitda": "301000000", "netIncome": "141000000"}, {"fiscalDateEnding": "2011-09-30", "reportedCurrency": "USD", "grossProfit": "36000000", "totalRevenue": "2874000000", "costOfRevenue": "2838000000", "costofGoodsAndServicesSold": "2838000000", "operatingIncome": "-144000000", "sellingGeneralAndAdministrative": "180000000", "researchAndDevelopment": "0", "operatingExpenses": "180000000", "investmentIncomeNet": "None", "netInterestIncome": "None", "interestIncome": "None", "interestExpense": "39000000", "nonInterestIncome": "None", "otherNonOperatingIncome": "-16000000", "depreciation": "None", "depreciationAndAmortization": "40000000", "incomeBeforeTax": "-199000000", "incomeTaxExpense": "-20000000", "interestAndDebtExpense": "None", "netIncomeFromContinuingOperations": "-179000000", "comprehensiveIncomeNetOfTax": "None", "ebit": "-160000000", "ebitda": "-120000000", "netIncome": "-179000000"}, {"fiscalDateEnding": "2011-06-30", "reportedCurrency": "USD", "grossProfit": "391000000", "totalRevenue": "2972000000", "costOfRevenue": "2581000000", "costofGoodsAndServicesSold": "2581000000", "operatingIncome": "232000000", "sellingGeneralAndAdministrative": "159000000", "researchAndDevelopment": "0", "operatingExpenses": "159000000", "investmentIncomeNet": "None", "netInterestIncome": "None", "interestIncome": "None", "interestExpense": "37000000", "nonInterestIncome": "None", "otherNonOperatingIncome": "6000000", "depreciation": "None", "depreciationAndAmortization": "41000000", "incomeBeforeTax": "201000000", "incomeTaxExpense": "66000000", "interestAndDebtExpense": "None", "netIncomeFromContinuingOperations": "135000000", "comprehensiveIncomeNetOfTax": "None", "ebit": "238000000", "ebitda": "279000000", "netIncome": "135000000"}, {"fiscalDateEnding": "2011-03-31", "reportedCurrency": "USD", "grossProfit": "350000000", "totalRevenue": "2778000000", "costOfRevenue": "2428000000", "costofGoodsAndServicesSold": "2428000000", "operatingIncome": "191000000", "sellingGeneralAndAdministrative": "159000000", "researchAndDevelopment": "0", "operatingExpenses": "159000000", "investmentIncomeNet": "None", "netInterestIncome": "None", "interestIncome": "None", "interestExpense": "41000000", "nonInterestIncome": "None", "otherNonOperatingIncome": "2000000", "depreciation": "None", "depreciationAndAmortization": "35000000", "incomeBeforeTax": "152000000", "incomeTaxExpense": "51000000", "interestAndDebtExpense": "None", "netIncomeFromContinuingOperations": "101000000", "comprehensiveIncomeNetOfTax": "None", "ebit": "193000000", "ebitda": "228000000", "netIncome": "101000000"}, {"fiscalDateEnding": "2010-12-31", "reportedCurrency": "USD", "grossProfit": "473000000", "totalRevenue": "3642000000", "costOfRevenue": "3169000000", "costofGoodsAndServicesSold": "3169000000", "operatingIncome": "122000000", "sellingGeneralAndAdministrative": "351000000", "researchAndDevelopment": "0", "operatingExpenses": "351000000", "investmentIncomeNet": "None", "netInterestIncome": "None", "interestIncome": "None", "interestExpense": "50000000", "nonInterestIncome": "None", "otherNonOperatingIncome": "38000000", "depreciation": "None", "depreciationAndAmortization": "57000000", "incomeBeforeTax": "110000000", "incomeTaxExpense": "-63000000", "interestAndDebtExpense": "None", "netIncomeFromContinuingOperations": "173000000", "comprehensiveIncomeNetOfTax": "None", "ebit": "160000000", "ebitda": "217000000", "netIncome": "173000000"}, {"fiscalDateEnding": "2010-09-30", "reportedCurrency": "USD", "grossProfit": "316000000", "totalRevenue": "2648000000", "costOfRevenue": "2332000000", "costofGoodsAndServicesSold": "2332000000", "operatingIncome": "167000000", "sellingGeneralAndAdministrative": "149000000", "researchAndDevelopment": "0", "operatingExpenses": "149000000", "investmentIncomeNet": "None", "netInterestIncome": "None", "interestIncome": "None", "interestExpense": "41000000", "nonInterestIncome": "None", "otherNonOperatingIncome": "2000000", "depreciation": "None", "depreciationAndAmortization": "40000000", "incomeBeforeTax": "128000000", "incomeTaxExpense": "45000000", "interestAndDebtExpense": "None", "netIncomeFromContinuingOperations": "83000000", "comprehensiveIncomeNetOfTax": "None", "ebit": "169000000", "ebitda": "209000000", "netIncome": "83000000"}, {"fiscalDateEnding": "2010-06-30", "reportedCurrency": "USD", "grossProfit": "368000000", "totalRevenue": "2771000000", "costOfRevenue": "2403000000", "costofGoodsAndServicesSold": "2403000000", "operatingIncome": "226000000", "sellingGeneralAndAdministrative": "142000000", "researchAndDevelopment": "0", "operatingExpenses": "142000000", "investmentIncomeNet": "None", "netInterestIncome": "None", "interestIncome": "None", "interestExpense": "44000000", "nonInterestIncome": "None", "otherNonOperatingIncome": "2000000", "depreciation": "None", "depreciationAndAmortization": "42000000", "incomeBeforeTax": "184000000", "incomeTaxExpense": "65000000", "interestAndDebtExpense": "None", "netIncomeFromContinuingOperations": "119000000", "comprehensiveIncomeNetOfTax": "None", "ebit": "228000000", "ebitda": "270000000", "netIncome": "119000000"}, {"fiscalDateEnding": "2010-03-31", "reportedCurrency": "USD", "grossProfit": "318000000", "totalRevenue": "2630000000", "costOfRevenue": "2312000000", "costofGoodsAndServicesSold": "2312000000", "operatingIncome": "180000000", "sellingGeneralAndAdministrative": "138000000", "researchAndDevelopment": "0", "operatingExpenses": "138000000", "investmentIncomeNet": "None", "netInterestIncome": "None", "interestIncome": "None", "interestExpense": "45000000", "nonInterestIncome": "None", "otherNonOperatingIncome": "-6000000", "depreciation": "None", "depreciationAndAmortization": "39000000", "incomeBeforeTax": "129000000", "incomeTaxExpense": "46000000", "interestAndDebtExpense": "None", "netIncomeFromContinuingOperations": "83000000", "comprehensiveIncomeNetOfTax": "None", "ebit": "174000000", "ebitda": "213000000", "netIncome": "83000000"}, {"fiscalDateEnding": "2009-12-31", "reportedCurrency": "USD", "grossProfit": "437000000", "totalRevenue": "3380000000", "costOfRevenue": "2943000000", "costofGoodsAndServicesSold": "2943000000", "operatingIncome": "172000000", "sellingGeneralAndAdministrative": "209282000", "researchAndDevelopment": "0", "operatingExpenses": "265000000", "investmentIncomeNet": "None", "netInterestIncome": "None", "interestIncome": "None", "interestExpense": "34000000", "nonInterestIncome": "None", "otherNonOperatingIncome": "38000000", "depreciation": "None", "depreciationAndAmortization": "61000000", "incomeBeforeTax": "174000000", "incomeTaxExpense": "68000000", "interestAndDebtExpense": "None", "netIncomeFromContinuingOperations": "173000000", "comprehensiveIncomeNetOfTax": "None", "ebit": "208000000", "ebitda": "269000000", "netIncome": "106000000"}, {"fiscalDateEnding": "2009-09-30", "reportedCurrency": "USD", "grossProfit": "-353000000", "totalRevenue": "2471000000", "costOfRevenue": "2824000000", "costofGoodsAndServicesSold": "2824000000", "operatingIncome": "-506000000", "sellingGeneralAndAdministrative": "144000000", "researchAndDevelopment": "0", "operatingExpenses": "153000000", "investmentIncomeNet": "None", "netInterestIncome": "None", "interestIncome": "None", "interestExpense": "27000000", "nonInterestIncome": "None", "otherNonOperatingIncome": "-8000000", "depreciation": "None", "depreciationAndAmortization": "43000000", "incomeBeforeTax": "-679000000", "incomeTaxExpense": "-210000000", "interestAndDebtExpense": "None", "netIncomeFromContinuingOperations": "-469000000", "comprehensiveIncomeNetOfTax": "None", "ebit": "-652000000", "ebitda": "-609000000", "netIncome": "-466000000"}, {"fiscalDateEnding": "2009-06-30", "reportedCurrency": "USD", "grossProfit": "279000000", "totalRevenue": "2562000000", "costOfRevenue": "2283000000", "costofGoodsAndServicesSold": "2283000000", "operatingIncome": "99000000", "sellingGeneralAndAdministrative": "147000000", "researchAndDevelopment": "0", "operatingExpenses": "180000000", "investmentIncomeNet": "None", "netInterestIncome": "None", "interestIncome": "None", "interestExpense": "28000000", "nonInterestIncome": "None", "otherNonOperatingIncome": "8000000", "depreciation": "None", "depreciationAndAmortization": "42000000", "incomeBeforeTax": "79000000", "incomeTaxExpense": "44000000", "interestAndDebtExpense": "None", "netIncomeFromContinuingOperations": "35000000", "comprehensiveIncomeNetOfTax": "None", "ebit": "107000000", "ebitda": "149000000", "netIncome": "37000000"}, {"fiscalDateEnding": "2009-03-31", "reportedCurrency": "USD", "grossProfit": "258000000", "totalRevenue": "2495000000", "costOfRevenue": "2237000000", "costofGoodsAndServicesSold": "2237000000", "operatingIncome": "40000000", "sellingGeneralAndAdministrative": "216000000", "researchAndDevelopment": "None", "operatingExpenses": "218000000", "investmentIncomeNet": "None", "netInterestIncome": "None", "interestIncome": "None", "interestExpense": "29000000", "nonInterestIncome": "None", "otherNonOperatingIncome": "None", "depreciation": "None", "depreciationAndAmortization": "39000000", "incomeBeforeTax": "8000000", "incomeTaxExpense": "33000000", "interestAndDebtExpense": "None", "netIncomeFromContinuingOperations": "None", "comprehensiveIncomeNetOfTax": "None", "ebit": "37000000", "ebitda": "76000000", "netIncome": "-23000000"}, {"fiscalDateEnding": "2008-12-31", "reportedCurrency": "USD", "grossProfit": "399000000", "totalRevenue": "3784000000", "costOfRevenue": "3385000000", "costofGoodsAndServicesSold": "3385000000", "operatingIncome": "74000000", "sellingGeneralAndAdministrative": "270000000", "researchAndDevelopment": "0", "operatingExpenses": "325000000", "investmentIncomeNet": "None", "netInterestIncome": "None", "interestIncome": "None", "interestExpense": "50000000", "nonInterestIncome": "None", "otherNonOperatingIncome": "None", "depreciation": "None", "depreciationAndAmortization": "60000000", "incomeBeforeTax": "21000000", "incomeTaxExpense": "33000000", "interestAndDebtExpense": "None", "netIncomeFromContinuingOperations": "0", "comprehensiveIncomeNetOfTax": "None", "ebit": "129000000", "ebitda": "189000000", "netIncome": "-10000000"}, {"fiscalDateEnding": "2008-09-30", "reportedCurrency": "USD", "grossProfit": "370000000", "totalRevenue": "2963000000", "costOfRevenue": "2593000000", "costofGoodsAndServicesSold": "2593000000", "operatingIncome": "203000000", "sellingGeneralAndAdministrative": "167000000", "researchAndDevelopment": "0", "operatingExpenses": "167000000", "investmentIncomeNet": "None", "netInterestIncome": "None", "interestIncome": "None", "interestExpense": "33000000", "nonInterestIncome": "None", "otherNonOperatingIncome": "None", "depreciation": "None", "depreciationAndAmortization": "43000000", "incomeBeforeTax": "187000000", "incomeTaxExpense": "103000000", "interestAndDebtExpense": "None", "netIncomeFromContinuingOperations": "0", "comprehensiveIncomeNetOfTax": "None", "ebit": "220000000", "ebitda": "263000000", "netIncome": "94000000"}, {"fiscalDateEnding": "2008-06-30", "reportedCurrency": "USD", "grossProfit": "497000000", "totalRevenue": "3185000000", "costOfRevenue": "2688000000", "costofGoodsAndServicesSold": "2688000000", "operatingIncome": "313000000", "sellingGeneralAndAdministrative": "184000000", "researchAndDevelopment": "0", "operatingExpenses": "184000000", "investmentIncomeNet": "None", "netInterestIncome": "None", "interestIncome": "None", "interestExpense": "38000000", "nonInterestIncome": "None", "otherNonOperatingIncome": "None", "depreciation": "None", "depreciationAndAmortization": "46000000", "incomeBeforeTax": "290000000", "incomeTaxExpense": "139000000", "interestAndDebtExpense": "None", "netIncomeFromContinuingOperations": "0", "comprehensiveIncomeNetOfTax": "None", "ebit": "328000000", "ebitda": "374000000", "netIncome": "157000000"}, {"fiscalDateEnding": "2008-03-31", "reportedCurrency": "USD", "grossProfit": "357000000", "totalRevenue": "2947000000", "costOfRevenue": "2590000000", "costofGoodsAndServicesSold": "2590000000", "operatingIncome": "195000000", "sellingGeneralAndAdministrative": "162000000", "researchAndDevelopment": "0", "operatingExpenses": "162000000", "investmentIncomeNet": "None", "netInterestIncome": "None", "interestIncome": "None", "interestExpense": "42000000", "nonInterestIncome": "None", "otherNonOperatingIncome": "None", "depreciation": "None", "depreciationAndAmortization": "41000000", "incomeBeforeTax": "196000000", "incomeTaxExpense": "75000000", "interestAndDebtExpense": "None", "netIncomeFromContinuingOperations": "0", "comprehensiveIncomeNetOfTax": "None", "ebit": "238000000", "ebitda": "279000000", "netIncome": "121000000"}, {"fiscalDateEnding": "2007-12-31", "reportedCurrency": "USD", "grossProfit": "754000000", "totalRevenue": "3836000000", "costOfRevenue": "3082000000", "costofGoodsAndServicesSold": "3082000000", "operatingIncome": "504000000", "sellingGeneralAndAdministrative": "250000000", "researchAndDevelopment": "0", "operatingExpenses": "250000000", "investmentIncomeNet": "None", "netInterestIncome": "None", "interestIncome": "None", "interestExpense": "57000000", "nonInterestIncome": "None", "otherNonOperatingIncome": "None", "depreciation": "None", "depreciationAndAmortization": "63000000", "incomeBeforeTax": "510000000", "incomeTaxExpense": "333000000", "interestAndDebtExpense": "None", "netIncomeFromContinuingOperations": "0", "comprehensiveIncomeNetOfTax": "None", "ebit": "504000000", "ebitda": "567000000", "netIncome": "176000000"}, {"fiscalDateEnding": "2007-09-30", "reportedCurrency": "USD", "grossProfit": "374000000", "totalRevenue": "2943000000", "costOfRevenue": "2569000000", "costofGoodsAndServicesSold": "2569000000", "operatingIncome": "183000000", "sellingGeneralAndAdministrative": "164000000", "researchAndDevelopment": "0", "operatingExpenses": "191000000", "investmentIncomeNet": "None", "netInterestIncome": "None", "interestIncome": "None", "interestExpense": "75000000", "nonInterestIncome": "None", "otherNonOperatingIncome": "None", "depreciation": "None", "depreciationAndAmortization": "43000000", "incomeBeforeTax": "214000000", "incomeTaxExpense": "93000000", "interestAndDebtExpense": "None", "netIncomeFromContinuingOperations": "0", "comprehensiveIncomeNetOfTax": "None", "ebit": "183000000", "ebitda": "226000000", "netIncome": "131000000"}, {"fiscalDateEnding": "2007-06-30", "reportedCurrency": "USD", "grossProfit": "507000000", "totalRevenue": "3210000000", "costOfRevenue": "2703000000", "costofGoodsAndServicesSold": "2703000000", "operatingIncome": "300000000", "sellingGeneralAndAdministrative": "207000000", "researchAndDevelopment": "0", "operatingExpenses": "207000000", "investmentIncomeNet": "None", "netInterestIncome": "None", "interestIncome": "None", "interestExpense": "19000000", "nonInterestIncome": "None", "otherNonOperatingIncome": "None", "depreciation": "None", "depreciationAndAmortization": "46000000", "incomeBeforeTax": "249000000", "incomeTaxExpense": "42000000", "interestAndDebtExpense": "None", "netIncomeFromContinuingOperations": "0", "comprehensiveIncomeNetOfTax": "None", "ebit": "300000000", "ebitda": "346000000", "netIncome": "207000000"}, {"fiscalDateEnding": "2007-03-31", "reportedCurrency": "USD", "grossProfit": "384000000", "totalRevenue": "2836000000", "costOfRevenue": "2452000000", "costofGoodsAndServicesSold": "2452000000", "operatingIncome": "237000000", "sellingGeneralAndAdministrative": "147000000", "researchAndDevelopment": "0", "operatingExpenses": "147000000", "investmentIncomeNet": "None", "netInterestIncome": "None", "interestIncome": "None", "interestExpense": "33000000", "nonInterestIncome": "None", "otherNonOperatingIncome": "None", "depreciation": "None", "depreciationAndAmortization": "45000000", "incomeBeforeTax": "250000000", "incomeTaxExpense": "86000000", "interestAndDebtExpense": "None", "netIncomeFromContinuingOperations": "0", "comprehensiveIncomeNetOfTax": "None", "ebit": "237000000", "ebitda": "282000000", "netIncome": "182000000"}, {"fiscalDateEnding": "2006-12-31", "reportedCurrency": "USD", "grossProfit": "542000000", "totalRevenue": "3861000000", "costOfRevenue": "3319000000", "costofGoodsAndServicesSold": "3319000000", "operatingIncome": "305000000", "sellingGeneralAndAdministrative": "237000000", "researchAndDevelopment": "0", "operatingExpenses": "237000000", "investmentIncomeNet": "None", "netInterestIncome": "None", "interestIncome": "None", "interestExpense": "38000000", "nonInterestIncome": "None", "otherNonOperatingIncome": "None", "depreciation": "None", "depreciationAndAmortization": "62000000", "incomeBeforeTax": "283000000", "incomeTaxExpense": "63000000", "interestAndDebtExpense": "None", "netIncomeFromContinuingOperations": "0", "comprehensiveIncomeNetOfTax": "None", "ebit": "305000000", "ebitda": "367000000", "netIncome": "216000000"}, {"fiscalDateEnding": "2006-09-30", "reportedCurrency": "USD", "grossProfit": "378000000", "totalRevenue": "2703000000", "costOfRevenue": "2325000000", "costofGoodsAndServicesSold": "2325000000", "operatingIncome": "229000000", "sellingGeneralAndAdministrative": "149000000", "researchAndDevelopment": "0", "operatingExpenses": "149000000", "investmentIncomeNet": "None", "netInterestIncome": "None", "interestIncome": "None", "interestExpense": "56000000", "nonInterestIncome": "None", "otherNonOperatingIncome": "None", "depreciation": "None", "depreciationAndAmortization": "44000000", "incomeBeforeTax": "223000000", "incomeTaxExpense": "82000000", "interestAndDebtExpense": "None", "netIncomeFromContinuingOperations": "0", "comprehensiveIncomeNetOfTax": "None", "ebit": "229000000", "ebitda": "273000000", "netIncome": "141000000"}, {"fiscalDateEnding": "2006-06-30", "reportedCurrency": "USD", "grossProfit": "415000000", "totalRevenue": "2891000000", "costOfRevenue": "2476000000", "costofGoodsAndServicesSold": "2476000000", "operatingIncome": "274000000", "sellingGeneralAndAdministrative": "141000000", "researchAndDevelopment": "0", "operatingExpenses": "141000000", "investmentIncomeNet": "None", "netInterestIncome": "None", "interestIncome": "None", "interestExpense": "3000000", "nonInterestIncome": "None", "otherNonOperatingIncome": "None", "depreciation": "None", "depreciationAndAmortization": "42000000", "incomeBeforeTax": "271000000", "incomeTaxExpense": "85000000", "interestAndDebtExpense": "None", "netIncomeFromContinuingOperations": "0", "comprehensiveIncomeNetOfTax": "None", "ebit": "274000000", "ebitda": "316000000", "netIncome": "186000000"}, {"fiscalDateEnding": "2006-03-31", "reportedCurrency": "USD", "grossProfit": "353000000", "totalRevenue": "2705000000", "costOfRevenue": "2352000000", "costofGoodsAndServicesSold": "2352000000", "operatingIncome": "230000000", "sellingGeneralAndAdministrative": "150000000", "researchAndDevelopment": "0", "operatingExpenses": "123000000", "investmentIncomeNet": "None", "netInterestIncome": "None", "interestIncome": "None", "interestExpense": "27000000", "nonInterestIncome": "None", "otherNonOperatingIncome": "None", "depreciation": "None", "depreciationAndAmortization": "40000000", "incomeBeforeTax": "220000000", "incomeTaxExpense": "56000000", "interestAndDebtExpense": "None", "netIncomeFromContinuingOperations": "0", "comprehensiveIncomeNetOfTax": "None", "ebit": "-1919000000", "ebitda": "-1879000000", "netIncome": "61000000"}, {"fiscalDateEnding": "2005-12-31", "reportedCurrency": "USD", "grossProfit": "417000000", "totalRevenue": "3641000000", "costOfRevenue": "3224000000", "costofGoodsAndServicesSold": "3224000000", "operatingIncome": "221000000", "sellingGeneralAndAdministrative": "196000000", "researchAndDevelopment": "0", "operatingExpenses": "196000000", "investmentIncomeNet": "None", "netInterestIncome": "None", "interestIncome": "None", "interestExpense": "37000000", "nonInterestIncome": "None", "otherNonOperatingIncome": "None", "depreciation": "None", "depreciationAndAmortization": "58000000", "incomeBeforeTax": "300000000", "incomeTaxExpense": "76000000", "interestAndDebtExpense": "None", "netIncomeFromContinuingOperations": "0", "comprehensiveIncomeNetOfTax": "None", "ebit": "221000000", "ebitda": "279000000", "netIncome": "237000000"}]}