{"symbol": "HPQ", "annualReports": [{"fiscalDateEnding": "2025-10-31", "reportedCurrency": "USD", "grossProfit": "11047000000", "totalRevenue": "55295000000", "costOfRevenue": "44248000000", "costofGoodsAndServicesSold": "44248000000", "operatingIncome": "3624000000", "sellingGeneralAndAdministrative": "5821000000", "researchAndDevelopment": "1602000000", "operatingExpenses": "7423000000", "investmentIncomeNet": "None", "netInterestIncome": "-555000000", "interestIncome": "506000000", "interestExpense": "506000000", "nonInterestIncome": "None", "otherNonOperatingIncome": "None", "depreciation": "None", "depreciationAndAmortization": "916000000", "incomeBeforeTax": "2668000000", "incomeTaxExpense": "139000000", "interestAndDebtExpense": "None", "netIncomeFromContinuingOperations": "2529000000", "comprehensiveIncomeNetOfTax": "None", "ebit": "3174000000", "ebitda": "4090000000", "netIncome": "2529000000"}, {"fiscalDateEnding": "2024-10-31", "reportedCurrency": "USD", "grossProfit": "11818000000", "totalRevenue": "53559000000", "costOfRevenue": "41741000000", "costofGoodsAndServicesSold": "41741000000", "operatingIncome": "3818000000", "sellingGeneralAndAdministrative": "5658000000", "researchAndDevelopment": "1640000000", "operatingExpenses": "8000000000", "investmentIncomeNet": "None", "netInterestIncome": "-607000000", "interestIncome": "452000000", "interestExpense": "607000000", "nonInterestIncome": "None", "otherNonOperatingIncome": "None", "depreciation": "None", "depreciationAndAmortization": "830000000", "incomeBeforeTax": "3279000000", "incomeTaxExpense": "504000000", "interestAndDebtExpense": "None", "netIncomeFromContinuingOperations": "2775000000", "comprehensiveIncomeNetOfTax": "None", "ebit": "3886000000", "ebitda": "4716000000", "netIncome": "2775000000"}, {"fiscalDateEnding": "2023-10-31", "reportedCurrency": "USD", "grossProfit": "11508000000", "totalRevenue": "53718000000", "costOfRevenue": "42210000000", "costofGoodsAndServicesSold": "42210000000", "operatingIncome": "3456000000", "sellingGeneralAndAdministrative": "5264000000", "researchAndDevelopment": "1578000000", "operatingExpenses": "8052000000", "investmentIncomeNet": "None", "netInterestIncome": "-519000000", "interestIncome": "548000000", "interestExpense": "684000000", "nonInterestIncome": "None", "otherNonOperatingIncome": "None", "depreciation": "None", "depreciationAndAmortization": "850000000", "incomeBeforeTax": "2937000000", "incomeTaxExpense": "-326000000", "interestAndDebtExpense": "None", "netIncomeFromContinuingOperations": "3263000000", "comprehensiveIncomeNetOfTax": "None", "ebit": "3621000000", "ebitda": "4471000000", "netIncome": "3263000000"}, {"fiscalDateEnding": "2022-10-31", "reportedCurrency": "USD", "grossProfit": "12335000000", "totalRevenue": "62983000000", "costOfRevenue": "50648000000", "costofGoodsAndServicesSold": "50648000000", "operatingIncome": "4676000000", "sellingGeneralAndAdministrative": "5264000000", "researchAndDevelopment": "1593000000", "operatingExpenses": "7085000000", "investmentIncomeNet": "None", "netInterestIncome": "-235000000", "interestIncome": "235000000", "interestExpense": "359000000", "nonInterestIncome": "None", "otherNonOperatingIncome": "-235000000", "depreciation": "None", "depreciationAndAmortization": "228485", "incomeBeforeTax": "4441000000", "incomeTaxExpense": "1238000000", "interestAndDebtExpense": "None", "netIncomeFromContinuingOperations": "3203000000", "comprehensiveIncomeNetOfTax": "None", "ebit": "6603771515", "ebitda": "6604000000", "netIncome": "3132000000"}, {"fiscalDateEnding": "2021-10-31", "reportedCurrency": "USD", "grossProfit": "13407000000", "totalRevenue": "63460000000", "costOfRevenue": "50053000000", "costofGoodsAndServicesSold": "50053000000", "operatingIncome": "5359000000", "sellingGeneralAndAdministrative": "5704000000", "researchAndDevelopment": "1848000000", "operatingExpenses": "8048000000", "investmentIncomeNet": "None", "netInterestIncome": "2209000000", "interestIncome": "2209000000", "interestExpense": "254000000", "nonInterestIncome": "None", "otherNonOperatingIncome": "2209000000", "depreciation": "None", "depreciationAndAmortization": "785000000", "incomeBeforeTax": "7568000000", "incomeTaxExpense": "1027000000", "interestAndDebtExpense": "None", "netIncomeFromContinuingOperations": "6503000000", "comprehensiveIncomeNetOfTax": "None", "ebit": "7822000000", "ebitda": "8607000000", "netIncome": "6541000000"}, {"fiscalDateEnding": "2020-10-31", "reportedCurrency": "USD", "grossProfit": "10421000000", "totalRevenue": "56638000000", "costOfRevenue": "46217000000", "costofGoodsAndServicesSold": "46217000000", "operatingIncome": "3442000000", "sellingGeneralAndAdministrative": "5120000000", "researchAndDevelopment": "1477000000", "operatingExpenses": "6979000000", "investmentIncomeNet": "None", "netInterestIncome": "-231000000", "interestIncome": "231000000", "interestExpense": "239000000", "nonInterestIncome": "None", "otherNonOperatingIncome": "-231000000", "depreciation": "None", "depreciationAndAmortization": "789000000", "incomeBeforeTax": "3211000000", "incomeTaxExpense": "396000000", "interestAndDebtExpense": "None", "netIncomeFromContinuingOperations": "2844000000", "comprehensiveIncomeNetOfTax": "None", "ebit": "3450000000", "ebitda": "4239000000", "netIncome": "2815000000"}, {"fiscalDateEnding": "2019-10-31", "reportedCurrency": "USD", "grossProfit": "11170000000", "totalRevenue": "58756000000", "costOfRevenue": "47586000000", "costofGoodsAndServicesSold": "47586000000", "operatingIncome": "3877000000", "sellingGeneralAndAdministrative": "5368000000", "researchAndDevelopment": "1499000000", "operatingExpenses": "7293000000", "investmentIncomeNet": "None", "netInterestIncome": "-242000000", "interestIncome": "347000000", "interestExpense": "242000000", "nonInterestIncome": "None", "otherNonOperatingIncome": "None", "depreciation": "None", "depreciationAndAmortization": "744000000", "incomeBeforeTax": "2523000000", "incomeTaxExpense": "-629000000", "interestAndDebtExpense": "None", "netIncomeFromContinuingOperations": "3152000000", "comprehensiveIncomeNetOfTax": "None", "ebit": "2765000000", "ebitda": "3509000000", "netIncome": "3152000000"}, {"fiscalDateEnding": "2018-10-31", "reportedCurrency": "USD", "grossProfit": "10669000000", "totalRevenue": "58472000000", "costOfRevenue": "47803000000", "costofGoodsAndServicesSold": "47803000000", "operatingIncome": "3831000000", "sellingGeneralAndAdministrative": "4859000000", "researchAndDevelopment": "1404000000", "operatingExpenses": "6838000000", "investmentIncomeNet": "None", "netInterestIncome": "-312000000", "interestIncome": "286000000", "interestExpense": "312000000", "nonInterestIncome": "None", "otherNonOperatingIncome": "-1051000000", "depreciation": "None", "depreciationAndAmortization": "528000000", "incomeBeforeTax": "3013000000", "incomeTaxExpense": "-2314000000", "interestAndDebtExpense": "None", "netIncomeFromContinuingOperations": "5327000000", "comprehensiveIncomeNetOfTax": "None", "ebit": "3325000000", "ebitda": "3853000000", "netIncome": "5327000000"}, {"fiscalDateEnding": "2017-10-31", "reportedCurrency": "USD", "grossProfit": "9578000000", "totalRevenue": "52056000000", "costOfRevenue": "42478000000", "costofGoodsAndServicesSold": "42478000000", "operatingIncome": "3368000000", "sellingGeneralAndAdministrative": "4376000000", "researchAndDevelopment": "1190000000", "operatingExpenses": "6210000000", "investmentIncomeNet": "None", "netInterestIncome": "-309000000", "interestIncome": "338000000", "interestExpense": "309000000", "nonInterestIncome": "None", "otherNonOperatingIncome": "-243000000", "depreciation": "None", "depreciationAndAmortization": "354000000", "incomeBeforeTax": "3276000000", "incomeTaxExpense": "750000000", "interestAndDebtExpense": "None", "netIncomeFromContinuingOperations": "2526000000", "comprehensiveIncomeNetOfTax": "None", "ebit": "3585000000", "ebitda": "3939000000", "netIncome": "2526000000"}, {"fiscalDateEnding": "2016-10-31", "reportedCurrency": "USD", "grossProfit": "8998000000", "totalRevenue": "48238000000", "costOfRevenue": "39240000000", "costofGoodsAndServicesSold": "39240000000", "operatingIncome": "3549000000", "sellingGeneralAndAdministrative": "3840000000", "researchAndDevelopment": "1209000000", "operatingExpenses": "5449000000", "investmentIncomeNet": "None", "netInterestIncome": "212000000", "interestIncome": "313000000", "interestExpense": "273000000", "nonInterestIncome": "None", "otherNonOperatingIncome": "212000000", "depreciation": "None", "depreciationAndAmortization": "332000000", "incomeBeforeTax": "3761000000", "incomeTaxExpense": "1095000000", "interestAndDebtExpense": "None", "netIncomeFromContinuingOperations": "2666000000", "comprehensiveIncomeNetOfTax": "None", "ebit": "4034000000", "ebitda": "4366000000", "netIncome": "2496000000"}, {"fiscalDateEnding": "2015-10-31", "reportedCurrency": "USD", "grossProfit": "9939000000", "totalRevenue": "51463000000", "costOfRevenue": "41524000000", "costofGoodsAndServicesSold": "41524000000", "operatingIncome": "3920000000", "sellingGeneralAndAdministrative": "4720000000", "researchAndDevelopment": "1191000000", "operatingExpenses": "6019000000", "investmentIncomeNet": "None", "netInterestIncome": "None", "interestIncome": "125000000", "interestExpense": "167000000", "nonInterestIncome": "None", "otherNonOperatingIncome": "None", "depreciation": "None", "depreciationAndAmortization": "4061000000", "incomeBeforeTax": "3532000000", "incomeTaxExpense": "-186000000", "interestAndDebtExpense": "None", "netIncomeFromContinuingOperations": "4554000000", "comprehensiveIncomeNetOfTax": "None", "ebit": "3699000000", "ebitda": "7760000000", "netIncome": "4554000000"}, {"fiscalDateEnding": "2014-10-31", "reportedCurrency": "USD", "grossProfit": "11220000000", "totalRevenue": "56651000000", "costOfRevenue": "45431000000", "costofGoodsAndServicesSold": "45431000000", "operatingIncome": "4256000000", "sellingGeneralAndAdministrative": "13353000000", "researchAndDevelopment": "1298000000", "operatingExpenses": "6964000000", "investmentIncomeNet": "None", "netInterestIncome": "None", "interestIncome": "None", "interestExpense": "393000000", "nonInterestIncome": "None", "otherNonOperatingIncome": "-628000000", "depreciation": "None", "depreciationAndAmortization": "4334000000", "incomeBeforeTax": "3863000000", "incomeTaxExpense": "939000000", "interestAndDebtExpense": "None", "netIncomeFromContinuingOperations": "5013000000", "comprehensiveIncomeNetOfTax": "None", "ebit": "4432000000", "ebitda": "8766000000", "netIncome": "5013000000"}, {"fiscalDateEnding": "2013-10-31", "reportedCurrency": "USD", "grossProfit": "25918000000", "totalRevenue": "112298000000", "costOfRevenue": "86380000000", "costofGoodsAndServicesSold": "86380000000", "operatingIncome": "7131000000", "sellingGeneralAndAdministrative": "13267000000", "researchAndDevelopment": "3135000000", "operatingExpenses": "18787000000", "investmentIncomeNet": "None", "netInterestIncome": "None", "interestIncome": "None", "interestExpense": "621000000", "nonInterestIncome": "None", "otherNonOperatingIncome": "-621000000", "depreciation": "None", "depreciationAndAmortization": "4611000000", "incomeBeforeTax": "6510000000", "incomeTaxExpense": "1397000000", "interestAndDebtExpense": "None", "netIncomeFromContinuingOperations": "5113000000", "comprehensiveIncomeNetOfTax": "None", "ebit": "8143000000", "ebitda": "12754000000", "netIncome": "5113000000"}, {"fiscalDateEnding": "2012-10-31", "reportedCurrency": "USD", "grossProfit": "27972000000", "totalRevenue": "120357000000", "costOfRevenue": "92385000000", "costofGoodsAndServicesSold": "92385000000", "operatingIncome": "-11057000000", "sellingGeneralAndAdministrative": "13500000000", "researchAndDevelopment": "3399000000", "operatingExpenses": "39029000000", "investmentIncomeNet": "None", "netInterestIncome": "None", "interestIncome": "None", "interestExpense": "876000000", "nonInterestIncome": "None", "otherNonOperatingIncome": "None", "depreciation": "None", "depreciationAndAmortization": "5095000000", "incomeBeforeTax": "-11933000000", "incomeTaxExpense": "717000000", "interestAndDebtExpense": "None", "netIncomeFromContinuingOperations": "None", "comprehensiveIncomeNetOfTax": "None", "ebit": "9289000000", "ebitda": "14384000000", "netIncome": "-12650000000"}, {"fiscalDateEnding": "2011-10-31", "reportedCurrency": "USD", "grossProfit": "29827000000", "totalRevenue": "127245000000", "costOfRevenue": "97418000000", "costofGoodsAndServicesSold": "97418000000", "operatingIncome": "9677000000", "sellingGeneralAndAdministrative": "13466000000", "researchAndDevelopment": "3254000000", "operatingExpenses": "20150000000", "investmentIncomeNet": "None", "netInterestIncome": "None", "interestIncome": "None", "interestExpense": "695000000", "nonInterestIncome": "None", "otherNonOperatingIncome": "-695000000", "depreciation": "None", "depreciationAndAmortization": "4984000000", "incomeBeforeTax": "8982000000", "incomeTaxExpense": "1908000000", "interestAndDebtExpense": "None", "netIncomeFromContinuingOperations": "7074000000", "comprehensiveIncomeNetOfTax": "None", "ebit": "11389000000", "ebitda": "16373000000", "netIncome": "7074000000"}, {"fiscalDateEnding": "2010-10-31", "reportedCurrency": "USD", "grossProfit": "30181000000", "totalRevenue": "126033000000", "costOfRevenue": "95852000000", "costofGoodsAndServicesSold": "95852000000", "operatingIncome": "11479000000", "sellingGeneralAndAdministrative": "12585000000", "researchAndDevelopment": "2959000000", "operatingExpenses": "18702000000", "investmentIncomeNet": "None", "netInterestIncome": "None", "interestIncome": "None", "interestExpense": "505000000", "nonInterestIncome": "None", "otherNonOperatingIncome": "None", "depreciation": "None", "depreciationAndAmortization": "4820000000", "incomeBeforeTax": "10974000000", "incomeTaxExpense": "2213000000", "interestAndDebtExpense": "None", "netIncomeFromContinuingOperations": "None", "comprehensiveIncomeNetOfTax": "None", "ebit": "12916000000", "ebitda": "17736000000", "netIncome": "8761000000"}, {"fiscalDateEnding": "2009-10-31", "reportedCurrency": "USD", "grossProfit": "27028000000", "totalRevenue": "114552000000", "costOfRevenue": "87524000000", "costofGoodsAndServicesSold": "87524000000", "operatingIncome": "10136000000", "sellingGeneralAndAdministrative": "11613000000", "researchAndDevelopment": "2819000000", "operatingExpenses": "16892000000", "investmentIncomeNet": "None", "netInterestIncome": "None", "interestIncome": "None", "interestExpense": "721000000", "nonInterestIncome": "None", "otherNonOperatingIncome": "None", "depreciation": "None", "depreciationAndAmortization": "4780000000", "incomeBeforeTax": "9415000000", "incomeTaxExpense": "1755000000", "interestAndDebtExpense": "None", "netIncomeFromContinuingOperations": "None", "comprehensiveIncomeNetOfTax": "None", "ebit": "10136000000", "ebitda": "14916000000", "netIncome": "7660000000"}, {"fiscalDateEnding": "2008-10-31", "reportedCurrency": "USD", "grossProfit": "28665000000", "totalRevenue": "118364000000", "costOfRevenue": "89699000000", "costofGoodsAndServicesSold": "89699000000", "operatingIncome": "10473000000", "sellingGeneralAndAdministrative": "13326000000", "researchAndDevelopment": "3543000000", "operatingExpenses": "18192000000", "investmentIncomeNet": "None", "netInterestIncome": "None", "interestIncome": "None", "interestExpense": "165000000", "nonInterestIncome": "None", "otherNonOperatingIncome": "None", "depreciation": "None", "depreciationAndAmortization": "3356000000", "incomeBeforeTax": "10473000000", "incomeTaxExpense": "2144000000", "interestAndDebtExpense": "None", "netIncomeFromContinuingOperations": "None", "comprehensiveIncomeNetOfTax": "None", "ebit": "10829000000", "ebitda": "14185000000", "netIncome": "8329000000"}, {"fiscalDateEnding": "2007-10-31", "reportedCurrency": "USD", "grossProfit": "25930000000", "totalRevenue": "104286000000", "costOfRevenue": "78356000000", "costofGoodsAndServicesSold": "78356000000", "operatingIncome": "8719000000", "sellingGeneralAndAdministrative": "12226000000", "researchAndDevelopment": "3611000000", "operatingExpenses": "17211000000", "investmentIncomeNet": "None", "netInterestIncome": "None", "interestIncome": "None", "interestExpense": "236000000", "nonInterestIncome": "None", "otherNonOperatingIncome": "None", "depreciation": "None", "depreciationAndAmortization": "2705000000", "incomeBeforeTax": "9177000000", "incomeTaxExpense": "1913000000", "interestAndDebtExpense": "None", "netIncomeFromContinuingOperations": "None", "comprehensiveIncomeNetOfTax": "None", "ebit": "9296000000", "ebitda": "12001000000", "netIncome": "7264000000"}, {"fiscalDateEnding": "2006-10-31", "reportedCurrency": "USD", "grossProfit": "22231000000", "totalRevenue": "91658000000", "costOfRevenue": "69427000000", "costofGoodsAndServicesSold": "69427000000", "operatingIncome": "6560000000", "sellingGeneralAndAdministrative": "11266000000", "researchAndDevelopment": "3591000000", "operatingExpenses": "15671000000", "investmentIncomeNet": "None", "netInterestIncome": "None", "interestIncome": "None", "interestExpense": "3222000000", "nonInterestIncome": "None", "otherNonOperatingIncome": "None", "depreciation": "None", "depreciationAndAmortization": "2353000000", "incomeBeforeTax": "7191000000", "incomeTaxExpense": "993000000", "interestAndDebtExpense": "None", "netIncomeFromContinuingOperations": "None", "comprehensiveIncomeNetOfTax": "None", "ebit": "6770000000", "ebitda": "9123000000", "netIncome": "6198000000"}], "quarterlyReports": [{"fiscalDateEnding": "2025-10-31", "reportedCurrency": "USD", "grossProfit": "2904000000", "totalRevenue": "14639000000", "costOfRevenue": "11677000000", "costofGoodsAndServicesSold": "11677000000", "operatingIncome": "1076000000", "sellingGeneralAndAdministrative": "1430000000", "researchAndDevelopment": "398000000", "operatingExpenses": "1828000000", "investmentIncomeNet": "None", "netInterestIncome": "-125000000", "interestIncome": "125000000", "interestExpense": "125000000", "nonInterestIncome": "None", "otherNonOperatingIncome": "None", "depreciation": "None", "depreciationAndAmortization": "208000000", "incomeBeforeTax": "834000000", "incomeTaxExpense": "39000000", "interestAndDebtExpense": "None", "netIncomeFromContinuingOperations": "795000000", "comprehensiveIncomeNetOfTax": "None", "ebit": "959000000", "ebitda": "1167000000", "netIncome": "795000000"}, {"fiscalDateEnding": "2025-07-31", "reportedCurrency": "USD", "grossProfit": "2851000000", "totalRevenue": "13932000000", "costOfRevenue": "11081000000", "costofGoodsAndServicesSold": "11081000000", "operatingIncome": "716000000", "sellingGeneralAndAdministrative": "1452000000", "researchAndDevelopment": "406000000", "operatingExpenses": "2135000000", "investmentIncomeNet": "None", "netInterestIncome": "-143000000", "interestIncome": "111000000", "interestExpense": "143000000", "nonInterestIncome": "None", "otherNonOperatingIncome": "None", "depreciation": "None", "depreciationAndAmortization": "306000000", "incomeBeforeTax": "624000000", "incomeTaxExpense": "-139000000", "interestAndDebtExpense": "None", "netIncomeFromContinuingOperations": "763000000", "comprehensiveIncomeNetOfTax": "None", "ebit": "767000000", "ebitda": "1073000000", "netIncome": "763000000"}, {"fiscalDateEnding": "2025-04-30", "reportedCurrency": "USD", "grossProfit": "2739000000", "totalRevenue": "13220000000", "costOfRevenue": "10481000000", "costofGoodsAndServicesSold": "10481000000", "operatingIncome": "654000000", "sellingGeneralAndAdministrative": "1480000000", "researchAndDevelopment": "401000000", "operatingExpenses": "2085000000", "investmentIncomeNet": "None", "netInterestIncome": "-146000000", "interestIncome": "114000000", "interestExpense": "146000000", "nonInterestIncome": "None", "otherNonOperatingIncome": "None", "depreciation": "None", "depreciationAndAmortization": "205000000", "incomeBeforeTax": "506000000", "incomeTaxExpense": "100000000", "interestAndDebtExpense": "None", "netIncomeFromContinuingOperations": "406000000", "comprehensiveIncomeNetOfTax": "None", "ebit": "652000000", "ebitda": "857000000", "netIncome": "406000000"}, {"fiscalDateEnding": "2025-01-31", "reportedCurrency": "USD", "grossProfit": "2840000000", "totalRevenue": "13504000000", "costOfRevenue": "10664000000", "costofGoodsAndServicesSold": "10664000000", "operatingIncome": "845000000", "sellingGeneralAndAdministrative": "1459000000", "researchAndDevelopment": "397000000", "operatingExpenses": "1995000000", "investmentIncomeNet": "None", "netInterestIncome": "-141000000", "interestIncome": "104000000", "interestExpense": "141000000", "nonInterestIncome": "None", "otherNonOperatingIncome": "None", "depreciation": "None", "depreciationAndAmortization": "197000000", "incomeBeforeTax": "704000000", "incomeTaxExpense": "139000000", "interestAndDebtExpense": "None", "netIncomeFromContinuingOperations": "565000000", "comprehensiveIncomeNetOfTax": "None", "ebit": "845000000", "ebitda": "1042000000", "netIncome": "565000000"}, {"fiscalDateEnding": "2024-10-31", "reportedCurrency": "USD", "grossProfit": "3001000000", "totalRevenue": "14055000000", "costOfRevenue": "11054000000", "costofGoodsAndServicesSold": "11054000000", "operatingIncome": "991000000", "sellingGeneralAndAdministrative": "1409000000", "researchAndDevelopment": "392000000", "operatingExpenses": "2010000000", "investmentIncomeNet": "None", "netInterestIncome": "-147000000", "interestIncome": "109000000", "interestExpense": "147000000", "nonInterestIncome": "None", "otherNonOperatingIncome": "None", "depreciation": "None", "depreciationAndAmortization": "208000000", "incomeBeforeTax": "862000000", "incomeTaxExpense": "-44000000", "interestAndDebtExpense": "None", "netIncomeFromContinuingOperations": "906000000", "comprehensiveIncomeNetOfTax": "None", "ebit": "1009000000", "ebitda": "1217000000", "netIncome": "906000000"}, {"fiscalDateEnding": "2024-07-31", "reportedCurrency": "USD", "grossProfit": "2906000000", "totalRevenue": "13519000000", "costOfRevenue": "10613000000", "costofGoodsAndServicesSold": "10613000000", "operatingIncome": "940000000", "sellingGeneralAndAdministrative": "1404000000", "researchAndDevelopment": "413000000", "operatingExpenses": "1966000000", "investmentIncomeNet": "None", "netInterestIncome": "-111000000", "interestIncome": "None", "interestExpense": "149000000", "nonInterestIncome": "None", "otherNonOperatingIncome": "None", "depreciation": "None", "depreciationAndAmortization": "208000000", "incomeBeforeTax": "827000000", "incomeTaxExpense": "187000000", "interestAndDebtExpense": "None", "netIncomeFromContinuingOperations": "640000000", "comprehensiveIncomeNetOfTax": "None", "ebit": "976000000", "ebitda": "1184000000", "netIncome": "640000000"}, {"fiscalDateEnding": "2024-04-30", "reportedCurrency": "USD", "grossProfit": "3023000000", "totalRevenue": "12800000000", "costOfRevenue": "9777000000", "costofGoodsAndServicesSold": "9777000000", "operatingIncome": "952000000", "sellingGeneralAndAdministrative": "1462000000", "researchAndDevelopment": "436000000", "operatingExpenses": "2071000000", "investmentIncomeNet": "None", "netInterestIncome": "-162000000", "interestIncome": "None", "interestExpense": "162000000", "nonInterestIncome": "None", "otherNonOperatingIncome": "None", "depreciation": "None", "depreciationAndAmortization": "209000000", "incomeBeforeTax": "797000000", "incomeTaxExpense": "190000000", "interestAndDebtExpense": "None", "netIncomeFromContinuingOperations": "607000000", "comprehensiveIncomeNetOfTax": "None", "ebit": "959000000", "ebitda": "1168000000", "netIncome": "607000000"}, {"fiscalDateEnding": "2024-01-31", "reportedCurrency": "USD", "grossProfit": "2888000000", "totalRevenue": "13185000000", "costOfRevenue": "10297000000", "costofGoodsAndServicesSold": "10297000000", "operatingIncome": "935000000", "sellingGeneralAndAdministrative": "1383000000", "researchAndDevelopment": "399000000", "operatingExpenses": "1953000000", "investmentIncomeNet": "None", "netInterestIncome": "-116000000", "interestIncome": "None", "interestExpense": "156000000", "nonInterestIncome": "None", "otherNonOperatingIncome": "None", "depreciation": "None", "depreciationAndAmortization": "205000000", "incomeBeforeTax": "793000000", "incomeTaxExpense": "171000000", "interestAndDebtExpense": "None", "netIncomeFromContinuingOperations": "622000000", "comprehensiveIncomeNetOfTax": "None", "ebit": "949000000", "ebitda": "1154000000", "netIncome": "622000000"}, {"fiscalDateEnding": "2023-10-31", "reportedCurrency": "USD", "grossProfit": "2985000000", "totalRevenue": "13817000000", "costOfRevenue": "10832000000", "costofGoodsAndServicesSold": "10832000000", "operatingIncome": "1014000000", "sellingGeneralAndAdministrative": "1327000000", "researchAndDevelopment": "411000000", "operatingExpenses": "1971000000", "investmentIncomeNet": "None", "netInterestIncome": "-162000000", "interestIncome": "None", "interestExpense": "156000000", "nonInterestIncome": "None", "otherNonOperatingIncome": "None", "depreciation": "None", "depreciationAndAmortization": "212000000", "incomeBeforeTax": "852000000", "incomeTaxExpense": "-122000000", "interestAndDebtExpense": "None", "netIncomeFromContinuingOperations": "974000000", "comprehensiveIncomeNetOfTax": "None", "ebit": "1008000000", "ebitda": "1220000000", "netIncome": "974000000"}, {"fiscalDateEnding": "2023-07-31", "reportedCurrency": "USD", "grossProfit": "2822000000", "totalRevenue": "13196000000", "costOfRevenue": "10374000000", "costofGoodsAndServicesSold": "10374000000", "operatingIncome": "952000000", "sellingGeneralAndAdministrative": "1302000000", "researchAndDevelopment": "354000000", "operatingExpenses": "1870000000", "investmentIncomeNet": "None", "netInterestIncome": "-16000000", "interestIncome": "134000000", "interestExpense": "171000000", "nonInterestIncome": "None", "otherNonOperatingIncome": "None", "depreciation": "None", "depreciationAndAmortization": "217000000", "incomeBeforeTax": "936000000", "incomeTaxExpense": "170000000", "interestAndDebtExpense": "None", "netIncomeFromContinuingOperations": "766000000", "comprehensiveIncomeNetOfTax": "None", "ebit": "1107000000", "ebitda": "1324000000", "netIncome": "766000000"}, {"fiscalDateEnding": "2023-04-30", "reportedCurrency": "USD", "grossProfit": "2914000000", "totalRevenue": "12907000000", "costOfRevenue": "9993000000", "costofGoodsAndServicesSold": "9993000000", "operatingIncome": "747000000", "sellingGeneralAndAdministrative": "1398000000", "researchAndDevelopment": "410000000", "operatingExpenses": "2167000000", "investmentIncomeNet": "None", "netInterestIncome": "-160000000", "interestIncome": "153000000", "interestExpense": "183000000", "nonInterestIncome": "None", "otherNonOperatingIncome": "None", "depreciation": "None", "depreciationAndAmortization": "212000000", "incomeBeforeTax": "587000000", "incomeTaxExpense": "-467000000", "interestAndDebtExpense": "None", "netIncomeFromContinuingOperations": "1066000000", "comprehensiveIncomeNetOfTax": "None", "ebit": "770000000", "ebitda": "982000000", "netIncome": "1054000000"}, {"fiscalDateEnding": "2023-01-31", "reportedCurrency": "USD", "grossProfit": "2787000000", "totalRevenue": "13798000000", "costOfRevenue": "11011000000", "costofGoodsAndServicesSold": "11011000000", "operatingIncome": "743000000", "sellingGeneralAndAdministrative": "1472000000", "researchAndDevelopment": "403000000", "operatingExpenses": "2044000000", "investmentIncomeNet": "None", "netInterestIncome": "-181000000", "interestIncome": "181000000", "interestExpense": "175000000", "nonInterestIncome": "None", "otherNonOperatingIncome": "-181000000", "depreciation": "None", "depreciationAndAmortization": "209000000", "incomeBeforeTax": "562000000", "incomeTaxExpense": "93000000", "interestAndDebtExpense": "None", "netIncomeFromContinuingOperations": "487000000", "comprehensiveIncomeNetOfTax": "None", "ebit": "737000000", "ebitda": "946000000", "netIncome": "469000000"}, {"fiscalDateEnding": "2022-10-31", "reportedCurrency": "USD", "grossProfit": "2717000000", "totalRevenue": "14801000000", "costOfRevenue": "12084000000", "costofGoodsAndServicesSold": "12084000000", "operatingIncome": "1377000000", "sellingGeneralAndAdministrative": "1189000000", "researchAndDevelopment": "382000000", "operatingExpenses": "1645000000", "investmentIncomeNet": "None", "netInterestIncome": "-94000000", "interestIncome": "94000000", "interestExpense": "130000000", "nonInterestIncome": "None", "otherNonOperatingIncome": "-94000000", "depreciation": "None", "depreciationAndAmortization": "54880", "incomeBeforeTax": "673000000", "incomeTaxExpense": "675000000", "interestAndDebtExpense": "None", "netIncomeFromContinuingOperations": "-2000000", "comprehensiveIncomeNetOfTax": "None", "ebit": "1585945120", "ebitda": "1586000000", "netIncome": "-2000000"}, {"fiscalDateEnding": "2022-07-31", "reportedCurrency": "USD", "grossProfit": "2884000000", "totalRevenue": "14648000000", "costOfRevenue": "11764000000", "costofGoodsAndServicesSold": "11764000000", "operatingIncome": "1256000000", "sellingGeneralAndAdministrative": "1143000000", "researchAndDevelopment": "368000000", "operatingExpenses": "1628000000", "investmentIncomeNet": "None", "netInterestIncome": "-70000000", "interestIncome": "96000000", "interestExpense": "96000000", "nonInterestIncome": "None", "otherNonOperatingIncome": "-70000000", "depreciation": "None", "depreciationAndAmortization": "181000000", "incomeBeforeTax": "1186000000", "incomeTaxExpense": "64000000", "interestAndDebtExpense": "None", "netIncomeFromContinuingOperations": "1119000000", "comprehensiveIncomeNetOfTax": "None", "ebit": "1282000000", "ebitda": "1463000000", "netIncome": "1119000000"}, {"fiscalDateEnding": "2022-04-30", "reportedCurrency": "USD", "grossProfit": "3333000000", "totalRevenue": "16490000000", "costOfRevenue": "13157000000", "costofGoodsAndServicesSold": "13157000000", "operatingIncome": "1278000000", "sellingGeneralAndAdministrative": "1546000000", "researchAndDevelopment": "425000000", "operatingExpenses": "2055000000", "investmentIncomeNet": "None", "netInterestIncome": "-74000000", "interestIncome": "74000000", "interestExpense": "74000000", "nonInterestIncome": "None", "otherNonOperatingIncome": "-39000000", "depreciation": "None", "depreciationAndAmortization": "193000000", "incomeBeforeTax": "1239000000", "incomeTaxExpense": "239000000", "interestAndDebtExpense": "None", "netIncomeFromContinuingOperations": "1000000000", "comprehensiveIncomeNetOfTax": "None", "ebit": "1313000000", "ebitda": "1506000000", "netIncome": "1000000000"}, {"fiscalDateEnding": "2022-01-31", "reportedCurrency": "USD", "grossProfit": "3385000000", "totalRevenue": "17028000000", "costOfRevenue": "13643000000", "costofGoodsAndServicesSold": "13643000000", "operatingIncome": "1359000000", "sellingGeneralAndAdministrative": "1468000000", "researchAndDevelopment": "418000000", "operatingExpenses": "2026000000", "investmentIncomeNet": "None", "netInterestIncome": "-32000000", "interestIncome": "32000000", "interestExpense": "61000000", "nonInterestIncome": "None", "otherNonOperatingIncome": "-32000000", "depreciation": "None", "depreciationAndAmortization": "197000000", "incomeBeforeTax": "1327000000", "incomeTaxExpense": "241000000", "interestAndDebtExpense": "None", "netIncomeFromContinuingOperations": "1086000000", "comprehensiveIncomeNetOfTax": "None", "ebit": "1388000000", "ebitda": "1585000000", "netIncome": "1086000000"}, {"fiscalDateEnding": "2021-10-31", "reportedCurrency": "USD", "grossProfit": "3265000000", "totalRevenue": "16675000000", "costOfRevenue": "13410000000", "costofGoodsAndServicesSold": "13410000000", "operatingIncome": "1238000000", "sellingGeneralAndAdministrative": "1474000000", "researchAndDevelopment": "445000000", "operatingExpenses": "2027000000", "investmentIncomeNet": "None", "netInterestIncome": "2315000000", "interestIncome": "2315000000", "interestExpense": "61000000", "nonInterestIncome": "None", "otherNonOperatingIncome": "2315000000", "depreciation": "None", "depreciationAndAmortization": "200000000", "incomeBeforeTax": "3553000000", "incomeTaxExpense": "454000000", "interestAndDebtExpense": "None", "netIncomeFromContinuingOperations": "3099000000", "comprehensiveIncomeNetOfTax": "None", "ebit": "3614000000", "ebitda": "3814000000", "netIncome": "3099000000"}, {"fiscalDateEnding": "2021-07-31", "reportedCurrency": "USD", "grossProfit": "3388000000", "totalRevenue": "15289000000", "costOfRevenue": "11901000000", "costofGoodsAndServicesSold": "11901000000", "operatingIncome": "1381000000", "sellingGeneralAndAdministrative": "1408000000", "researchAndDevelopment": "477000000", "operatingExpenses": "2007000000", "investmentIncomeNet": "None", "netInterestIncome": "-55000000", "interestIncome": "55000000", "interestExpense": "68000000", "nonInterestIncome": "None", "otherNonOperatingIncome": "-55000000", "depreciation": "None", "depreciationAndAmortization": "196000000", "incomeBeforeTax": "1326000000", "incomeTaxExpense": "218000000", "interestAndDebtExpense": "None", "netIncomeFromContinuingOperations": "1108000000", "comprehensiveIncomeNetOfTax": "None", "ebit": "1394000000", "ebitda": "1590000000", "netIncome": "1108000000"}, {"fiscalDateEnding": "2021-04-30", "reportedCurrency": "USD", "grossProfit": "3440000000", "totalRevenue": "15877000000", "costOfRevenue": "12437000000", "costofGoodsAndServicesSold": "12437000000", "operatingIncome": "1362000000", "sellingGeneralAndAdministrative": "1522000000", "researchAndDevelopment": "514000000", "operatingExpenses": "2078000000", "investmentIncomeNet": "None", "netInterestIncome": "-26000000", "interestIncome": "26000000", "interestExpense": "64000000", "nonInterestIncome": "None", "otherNonOperatingIncome": "-26000000", "depreciation": "None", "depreciationAndAmortization": "186000000", "incomeBeforeTax": "1336000000", "incomeTaxExpense": "108000000", "interestAndDebtExpense": "None", "netIncomeFromContinuingOperations": "1228000000", "comprehensiveIncomeNetOfTax": "None", "ebit": "1400000000", "ebitda": "1586000000", "netIncome": "1228000000"}, {"fiscalDateEnding": "2021-01-31", "reportedCurrency": "USD", "grossProfit": "3324000000", "totalRevenue": "15646000000", "costOfRevenue": "12322000000", "costofGoodsAndServicesSold": "12322000000", "operatingIncome": "1321000000", "sellingGeneralAndAdministrative": "1376000000", "researchAndDevelopment": "471000000", "operatingExpenses": "2003000000", "investmentIncomeNet": "None", "netInterestIncome": "-25000000", "interestIncome": "25000000", "interestExpense": "63000000", "nonInterestIncome": "None", "otherNonOperatingIncome": "-25000000", "depreciation": "None", "depreciationAndAmortization": "203000000", "incomeBeforeTax": "1296000000", "incomeTaxExpense": "228000000", "interestAndDebtExpense": "None", "netIncomeFromContinuingOperations": "1068000000", "comprehensiveIncomeNetOfTax": "None", "ebit": "1359000000", "ebitda": "1562000000", "netIncome": "1068000000"}, {"fiscalDateEnding": "2020-10-31", "reportedCurrency": "USD", "grossProfit": "2679000000", "totalRevenue": "15258000000", "costOfRevenue": "12579000000", "costofGoodsAndServicesSold": "12579000000", "operatingIncome": "992000000", "sellingGeneralAndAdministrative": "1405000000", "researchAndDevelopment": "381000000", "operatingExpenses": "1687000000", "investmentIncomeNet": "None", "netInterestIncome": "-216000000", "interestIncome": "216000000", "interestExpense": "63000000", "nonInterestIncome": "None", "otherNonOperatingIncome": "None", "depreciation": "None", "depreciationAndAmortization": "196000000", "incomeBeforeTax": "776000000", "incomeTaxExpense": "108000000", "interestAndDebtExpense": "None", "netIncomeFromContinuingOperations": "668000000", "comprehensiveIncomeNetOfTax": "None", "ebit": "839000000", "ebitda": "1035000000", "netIncome": "668000000"}, {"fiscalDateEnding": "2020-07-31", "reportedCurrency": "USD", "grossProfit": "2393000000", "totalRevenue": "14294000000", "costOfRevenue": "11901000000", "costofGoodsAndServicesSold": "11901000000", "operatingIncome": "779000000", "sellingGeneralAndAdministrative": "1156000000", "researchAndDevelopment": "359000000", "operatingExpenses": "1614000000", "investmentIncomeNet": "None", "netInterestIncome": "-55000000", "interestIncome": "55000000", "interestExpense": "55000000", "nonInterestIncome": "None", "otherNonOperatingIncome": "-28000000", "depreciation": "None", "depreciationAndAmortization": "197000000", "incomeBeforeTax": "751000000", "incomeTaxExpense": "17000000", "interestAndDebtExpense": "None", "netIncomeFromContinuingOperations": "734000000", "comprehensiveIncomeNetOfTax": "None", "ebit": "806000000", "ebitda": "1003000000", "netIncome": "734000000"}, {"fiscalDateEnding": "2020-04-30", "reportedCurrency": "USD", "grossProfit": "2493000000", "totalRevenue": "12469000000", "costOfRevenue": "9976000000", "costofGoodsAndServicesSold": "9976000000", "operatingIncome": "826000000", "sellingGeneralAndAdministrative": "1216000000", "researchAndDevelopment": "338000000", "operatingExpenses": "1667000000", "investmentIncomeNet": "None", "netInterestIncome": "-64000000", "interestIncome": "39000000", "interestExpense": "64000000", "nonInterestIncome": "None", "otherNonOperatingIncome": "None", "depreciation": "None", "depreciationAndAmortization": "198000000", "incomeBeforeTax": "826000000", "incomeTaxExpense": "62000000", "interestAndDebtExpense": "None", "netIncomeFromContinuingOperations": "764000000", "comprehensiveIncomeNetOfTax": "None", "ebit": "890000000", "ebitda": "1088000000", "netIncome": "764000000"}, {"fiscalDateEnding": "2020-01-31", "reportedCurrency": "USD", "grossProfit": "2872000000", "totalRevenue": "14618000000", "costOfRevenue": "11746000000", "costofGoodsAndServicesSold": "11746000000", "operatingIncome": "865000000", "sellingGeneralAndAdministrative": "1405000000", "researchAndDevelopment": "400000000", "operatingExpenses": "2007000000", "investmentIncomeNet": "None", "netInterestIncome": "-58000000", "interestIncome": "61000000", "interestExpense": "58000000", "nonInterestIncome": "None", "otherNonOperatingIncome": "None", "depreciation": "None", "depreciationAndAmortization": "198000000", "incomeBeforeTax": "878000000", "incomeTaxExpense": "200000000", "interestAndDebtExpense": "None", "netIncomeFromContinuingOperations": "678000000", "comprehensiveIncomeNetOfTax": "None", "ebit": "936000000", "ebitda": "1134000000", "netIncome": "678000000"}, {"fiscalDateEnding": "2019-10-31", "reportedCurrency": "USD", "grossProfit": "2924000000", "totalRevenue": "15407000000", "costOfRevenue": "12483000000", "costofGoodsAndServicesSold": "12483000000", "operatingIncome": "944000000", "sellingGeneralAndAdministrative": "3790000000", "researchAndDevelopment": "389000000", "operatingExpenses": "1980000000", "investmentIncomeNet": "None", "netInterestIncome": "-60000000", "interestIncome": "37000000", "interestExpense": "60000000", "nonInterestIncome": "None", "otherNonOperatingIncome": "None", "depreciation": "None", "depreciationAndAmortization": "205000000", "incomeBeforeTax": "492000000", "incomeTaxExpense": "104000000", "interestAndDebtExpense": "None", "netIncomeFromContinuingOperations": "388000000", "comprehensiveIncomeNetOfTax": "None", "ebit": "552000000", "ebitda": "757000000", "netIncome": "388000000"}, {"fiscalDateEnding": "2019-07-31", "reportedCurrency": "USD", "grossProfit": "2905000000", "totalRevenue": "14603000000", "costOfRevenue": "11698000000", "costofGoodsAndServicesSold": "11698000000", "operatingIncome": "1079000000", "sellingGeneralAndAdministrative": "1376000000", "researchAndDevelopment": "413000000", "operatingExpenses": "1826000000", "investmentIncomeNet": "None", "netInterestIncome": "-57000000", "interestIncome": "119000000", "interestExpense": "57000000", "nonInterestIncome": "None", "otherNonOperatingIncome": "-831000000", "depreciation": "None", "depreciationAndAmortization": "190000000", "incomeBeforeTax": "248000000", "incomeTaxExpense": "-931000000", "interestAndDebtExpense": "None", "netIncomeFromContinuingOperations": "1179000000", "comprehensiveIncomeNetOfTax": "None", "ebit": "305000000", "ebitda": "495000000", "netIncome": "1179000000"}, {"fiscalDateEnding": "2019-04-30", "reportedCurrency": "USD", "grossProfit": "2729000000", "totalRevenue": "14036000000", "costOfRevenue": "11307000000", "costofGoodsAndServicesSold": "11307000000", "operatingIncome": "928000000", "sellingGeneralAndAdministrative": "1339000000", "researchAndDevelopment": "353000000", "operatingExpenses": "1801000000", "investmentIncomeNet": "None", "netInterestIncome": "-61000000", "interestIncome": "74000000", "interestExpense": "61000000", "nonInterestIncome": "None", "otherNonOperatingIncome": "-45000000", "depreciation": "None", "depreciationAndAmortization": "181000000", "incomeBeforeTax": "883000000", "incomeTaxExpense": "101000000", "interestAndDebtExpense": "None", "netIncomeFromContinuingOperations": "782000000", "comprehensiveIncomeNetOfTax": "None", "ebit": "944000000", "ebitda": "1125000000", "netIncome": "782000000"}, {"fiscalDateEnding": "2019-01-31", "reportedCurrency": "USD", "grossProfit": "2612000000", "totalRevenue": "14710000000", "costOfRevenue": "12098000000", "costofGoodsAndServicesSold": "12098000000", "operatingIncome": "926000000", "sellingGeneralAndAdministrative": "1248000000", "researchAndDevelopment": "344000000", "operatingExpenses": "1686000000", "investmentIncomeNet": "None", "netInterestIncome": "None", "interestIncome": "None", "interestExpense": "64000000", "nonInterestIncome": "None", "otherNonOperatingIncome": "-26000000", "depreciation": "None", "depreciationAndAmortization": "168000000", "incomeBeforeTax": "900000000", "incomeTaxExpense": "97000000", "interestAndDebtExpense": "None", "netIncomeFromContinuingOperations": "803000000", "comprehensiveIncomeNetOfTax": "None", "ebit": "964000000", "ebitda": "1132000000", "netIncome": "803000000"}, {"fiscalDateEnding": "2018-10-31", "reportedCurrency": "USD", "grossProfit": "2697000000", "totalRevenue": "15366000000", "costOfRevenue": "12669000000", "costofGoodsAndServicesSold": "12669000000", "operatingIncome": "1047000000", "sellingGeneralAndAdministrative": "1203000000", "researchAndDevelopment": "354000000", "operatingExpenses": "1650000000", "investmentIncomeNet": "None", "netInterestIncome": "None", "interestIncome": "None", "interestExpense": "71000000", "nonInterestIncome": "None", "otherNonOperatingIncome": "-40000000", "depreciation": "None", "depreciationAndAmortization": "140000000", "incomeBeforeTax": "1007000000", "incomeTaxExpense": "-444000000", "interestAndDebtExpense": "None", "netIncomeFromContinuingOperations": "1451000000", "comprehensiveIncomeNetOfTax": "None", "ebit": "1078000000", "ebitda": "1218000000", "netIncome": "1451000000"}, {"fiscalDateEnding": "2018-07-31", "reportedCurrency": "USD", "grossProfit": "2688000000", "totalRevenue": "14586000000", "costOfRevenue": "11898000000", "costofGoodsAndServicesSold": "11898000000", "operatingIncome": "1018000000", "sellingGeneralAndAdministrative": "1227000000", "researchAndDevelopment": "347000000", "operatingExpenses": "1670000000", "investmentIncomeNet": "None", "netInterestIncome": "None", "interestIncome": "None", "interestExpense": "66000000", "nonInterestIncome": "None", "otherNonOperatingIncome": "-62000000", "depreciation": "None", "depreciationAndAmortization": "132000000", "incomeBeforeTax": "1018000000", "incomeTaxExpense": "138000000", "interestAndDebtExpense": "None", "netIncomeFromContinuingOperations": "880000000", "comprehensiveIncomeNetOfTax": "None", "ebit": "1084000000", "ebitda": "1216000000", "netIncome": "880000000"}, {"fiscalDateEnding": "2018-04-30", "reportedCurrency": "USD", "grossProfit": "2702000000", "totalRevenue": "14003000000", "costOfRevenue": "11301000000", "costofGoodsAndServicesSold": "11301000000", "operatingIncome": "906000000", "sellingGeneralAndAdministrative": "1260000000", "researchAndDevelopment": "356000000", "operatingExpenses": "1796000000", "investmentIncomeNet": "None", "netInterestIncome": "None", "interestIncome": "None", "interestExpense": "88000000", "nonInterestIncome": "None", "otherNonOperatingIncome": "-881000000", "depreciation": "None", "depreciationAndAmortization": "127000000", "incomeBeforeTax": "83000000", "incomeTaxExpense": "-975000000", "interestAndDebtExpense": "None", "netIncomeFromContinuingOperations": "1058000000", "comprehensiveIncomeNetOfTax": "None", "ebit": "171000000", "ebitda": "298000000", "netIncome": "1058000000"}, {"fiscalDateEnding": "2018-01-31", "reportedCurrency": "USD", "grossProfit": "2582000000", "totalRevenue": "14517000000", "costOfRevenue": "11935000000", "costofGoodsAndServicesSold": "11935000000", "operatingIncome": "973000000", "sellingGeneralAndAdministrative": "1168000000", "researchAndDevelopment": "347000000", "operatingExpenses": "1609000000", "investmentIncomeNet": "None", "netInterestIncome": "None", "interestIncome": "None", "interestExpense": "87000000", "nonInterestIncome": "None", "otherNonOperatingIncome": "-68000000", "depreciation": "None", "depreciationAndAmortization": "129000000", "incomeBeforeTax": "905000000", "incomeTaxExpense": "-1033000000", "interestAndDebtExpense": "None", "netIncomeFromContinuingOperations": "1938000000", "comprehensiveIncomeNetOfTax": "None", "ebit": "992000000", "ebitda": "1121000000", "netIncome": "1938000000"}, {"fiscalDateEnding": "2017-10-31", "reportedCurrency": "USD", "grossProfit": "2520000000", "totalRevenue": "13927000000", "costOfRevenue": "11407000000", "costofGoodsAndServicesSold": "11407000000", "operatingIncome": "890000000", "sellingGeneralAndAdministrative": "1176000000", "researchAndDevelopment": "291000000", "operatingExpenses": "1630000000", "investmentIncomeNet": "None", "netInterestIncome": "None", "interestIncome": "None", "interestExpense": "108000000", "nonInterestIncome": "None", "otherNonOperatingIncome": "-42000000", "depreciation": "None", "depreciationAndAmortization": "91000000", "incomeBeforeTax": "848000000", "incomeTaxExpense": "188000000", "interestAndDebtExpense": "None", "netIncomeFromContinuingOperations": "660000000", "comprehensiveIncomeNetOfTax": "None", "ebit": "627000000", "ebitda": "718000000", "netIncome": "660000000"}, {"fiscalDateEnding": "2017-07-31", "reportedCurrency": "USD", "grossProfit": "2427000000", "totalRevenue": "13060000000", "costOfRevenue": "10633000000", "costofGoodsAndServicesSold": "10633000000", "operatingIncome": "955000000", "sellingGeneralAndAdministrative": "1096000000", "researchAndDevelopment": "289000000", "operatingExpenses": "1472000000", "investmentIncomeNet": "None", "netInterestIncome": "None", "interestIncome": "None", "interestExpense": "79000000", "nonInterestIncome": "None", "otherNonOperatingIncome": "-56000000", "depreciation": "None", "depreciationAndAmortization": "90000000", "incomeBeforeTax": "899000000", "incomeTaxExpense": "203000000", "interestAndDebtExpense": "None", "netIncomeFromContinuingOperations": "696000000", "comprehensiveIncomeNetOfTax": "None", "ebit": "978000000", "ebitda": "1068000000", "netIncome": "696000000"}, {"fiscalDateEnding": "2017-04-30", "reportedCurrency": "USD", "grossProfit": "2383000000", "totalRevenue": "12385000000", "costOfRevenue": "10002000000", "costofGoodsAndServicesSold": "10002000000", "operatingIncome": "818000000", "sellingGeneralAndAdministrative": "1087000000", "researchAndDevelopment": "314000000", "operatingExpenses": "1565000000", "investmentIncomeNet": "None", "netInterestIncome": "None", "interestIncome": "None", "interestExpense": "73000000", "nonInterestIncome": "None", "otherNonOperatingIncome": "-64000000", "depreciation": "None", "depreciationAndAmortization": "89000000", "incomeBeforeTax": "754000000", "incomeTaxExpense": "195000000", "interestAndDebtExpense": "None", "netIncomeFromContinuingOperations": "559000000", "comprehensiveIncomeNetOfTax": "None", "ebit": "827000000", "ebitda": "916000000", "netIncome": "559000000"}, {"fiscalDateEnding": "2017-01-31", "reportedCurrency": "USD", "grossProfit": "2248000000", "totalRevenue": "12684000000", "costOfRevenue": "10436000000", "costofGoodsAndServicesSold": "10436000000", "operatingIncome": "856000000", "sellingGeneralAndAdministrative": "1017000000", "researchAndDevelopment": "296000000", "operatingExpenses": "1392000000", "investmentIncomeNet": "None", "netInterestIncome": "None", "interestIncome": "None", "interestExpense": "73000000", "nonInterestIncome": "None", "otherNonOperatingIncome": "-81000000", "depreciation": "None", "depreciationAndAmortization": "84000000", "incomeBeforeTax": "775000000", "incomeTaxExpense": "164000000", "interestAndDebtExpense": "None", "netIncomeFromContinuingOperations": "611000000", "comprehensiveIncomeNetOfTax": "None", "ebit": "848000000", "ebitda": "932000000", "netIncome": "611000000"}, {"fiscalDateEnding": "2016-10-31", "reportedCurrency": "USD", "grossProfit": "2291000000", "totalRevenue": "12512000000", "costOfRevenue": "10221000000", "costofGoodsAndServicesSold": "10221000000", "operatingIncome": "663000000", "sellingGeneralAndAdministrative": "1082000000", "researchAndDevelopment": "318000000", "operatingExpenses": "1628000000", "investmentIncomeNet": "None", "netInterestIncome": "None", "interestIncome": "None", "interestExpense": "3094000000", "nonInterestIncome": "None", "otherNonOperatingIncome": "248000000", "depreciation": "None", "depreciationAndAmortization": "83000000", "incomeBeforeTax": "1010000000", "incomeTaxExpense": "497000000", "interestAndDebtExpense": "None", "netIncomeFromContinuingOperations": "513000000", "comprehensiveIncomeNetOfTax": "None", "ebit": "891000000", "ebitda": "974000000", "netIncome": "492000000"}, {"fiscalDateEnding": "2016-07-31", "reportedCurrency": "USD", "grossProfit": "2172000000", "totalRevenue": "11892000000", "costOfRevenue": "9720000000", "costofGoodsAndServicesSold": "9720000000", "operatingIncome": "1117000000", "sellingGeneralAndAdministrative": "719000000", "researchAndDevelopment": "298000000", "operatingExpenses": "1055000000", "investmentIncomeNet": "None", "netInterestIncome": "None", "interestIncome": "None", "interestExpense": "36000000", "nonInterestIncome": "None", "otherNonOperatingIncome": "-36000000", "depreciation": "None", "depreciationAndAmortization": "85000000", "incomeBeforeTax": "1081000000", "incomeTaxExpense": "238000000", "interestAndDebtExpense": "None", "netIncomeFromContinuingOperations": "843000000", "comprehensiveIncomeNetOfTax": "None", "ebit": "1153000000", "ebitda": "1238000000", "netIncome": "783000000"}, {"fiscalDateEnding": "2016-04-30", "reportedCurrency": "USD", "grossProfit": "2250000000", "totalRevenue": "11588000000", "costOfRevenue": "9338000000", "costofGoodsAndServicesSold": "9338000000", "operatingIncome": "841000000", "sellingGeneralAndAdministrative": "1002000000", "researchAndDevelopment": "301000000", "operatingExpenses": "1409000000", "investmentIncomeNet": "None", "netInterestIncome": "None", "interestIncome": "None", "interestExpense": "5000000", "nonInterestIncome": "None", "otherNonOperatingIncome": "None", "depreciation": "None", "depreciationAndAmortization": "85000000", "incomeBeforeTax": "836000000", "incomeTaxExpense": "176000000", "interestAndDebtExpense": "None", "netIncomeFromContinuingOperations": "660000000", "comprehensiveIncomeNetOfTax": "None", "ebit": "941000000", "ebitda": "1026000000", "netIncome": "629000000"}, {"fiscalDateEnding": "2016-01-31", "reportedCurrency": "USD", "grossProfit": "2285000000", "totalRevenue": "12246000000", "costOfRevenue": "9961000000", "costofGoodsAndServicesSold": "9961000000", "operatingIncome": "928000000", "sellingGeneralAndAdministrative": "1030000000", "researchAndDevelopment": "292000000", "operatingExpenses": "1357000000", "investmentIncomeNet": "None", "netInterestIncome": "None", "interestIncome": "None", "interestExpense": "94000000", "nonInterestIncome": "None", "otherNonOperatingIncome": "None", "depreciation": "None", "depreciationAndAmortization": "79000000", "incomeBeforeTax": "834000000", "incomeTaxExpense": "184000000", "interestAndDebtExpense": "None", "netIncomeFromContinuingOperations": "650000000", "comprehensiveIncomeNetOfTax": "None", "ebit": "948000000", "ebitda": "1027000000", "netIncome": "592000000"}, {"fiscalDateEnding": "2015-10-31", "reportedCurrency": "USD", "grossProfit": "6351000000", "totalRevenue": "25714000000", "costOfRevenue": "19363000000", "costofGoodsAndServicesSold": "19363000000", "operatingIncome": "908000000", "sellingGeneralAndAdministrative": "3089000000", "researchAndDevelopment": "934000000", "operatingExpenses": "5443000000", "investmentIncomeNet": "None", "netInterestIncome": "None", "interestIncome": "None", "interestExpense": "318000000", "nonInterestIncome": "None", "otherNonOperatingIncome": "None", "depreciation": "None", "depreciationAndAmortization": "1007000000", "incomeBeforeTax": "590000000", "incomeTaxExpense": "-733000000", "interestAndDebtExpense": "None", "netIncomeFromContinuingOperations": "3718000000", "comprehensiveIncomeNetOfTax": "None", "ebit": "2082000000", "ebitda": "3089000000", "netIncome": "1323000000"}, {"fiscalDateEnding": "2015-07-31", "reportedCurrency": "USD", "grossProfit": "2326000000", "totalRevenue": "12362000000", "costOfRevenue": "10036000000", "costofGoodsAndServicesSold": "10036000000", "operatingIncome": "1007000000", "sellingGeneralAndAdministrative": "2962000000", "researchAndDevelopment": "300000000", "operatingExpenses": "1319000000", "investmentIncomeNet": "None", "netInterestIncome": "None", "interestIncome": "None", "interestExpense": "90000000", "nonInterestIncome": "None", "otherNonOperatingIncome": "-108000000", "depreciation": "None", "depreciationAndAmortization": "1023000000", "incomeBeforeTax": "917000000", "incomeTaxExpense": "217000000", "interestAndDebtExpense": "None", "netIncomeFromContinuingOperations": "854000000", "comprehensiveIncomeNetOfTax": "None", "ebit": "944000000", "ebitda": "1967000000", "netIncome": "854000000"}, {"fiscalDateEnding": "2015-04-30", "reportedCurrency": "USD", "grossProfit": "2562000000", "totalRevenue": "12977000000", "costOfRevenue": "10415000000", "costofGoodsAndServicesSold": "10415000000", "operatingIncome": "997000000", "sellingGeneralAndAdministrative": "3063000000", "researchAndDevelopment": "305000000", "operatingExpenses": "1565000000", "investmentIncomeNet": "None", "netInterestIncome": "None", "interestIncome": "None", "interestExpense": "78000000", "nonInterestIncome": "None", "otherNonOperatingIncome": "None", "depreciation": "None", "depreciationAndAmortization": "1003000000", "incomeBeforeTax": "919000000", "incomeTaxExpense": "186000000", "interestAndDebtExpense": "None", "netIncomeFromContinuingOperations": "0", "comprehensiveIncomeNetOfTax": "None", "ebit": "1004000000", "ebitda": "2007000000", "netIncome": "1011000000"}, {"fiscalDateEnding": "2015-01-31", "reportedCurrency": "USD", "grossProfit": "2685000000", "totalRevenue": "13858000000", "costOfRevenue": "11173000000", "costofGoodsAndServicesSold": "11173000000", "operatingIncome": "1118000000", "sellingGeneralAndAdministrative": "3071000000", "researchAndDevelopment": "304000000", "operatingExpenses": "1567000000", "investmentIncomeNet": "None", "netInterestIncome": "None", "interestIncome": "None", "interestExpense": "121000000", "nonInterestIncome": "None", "otherNonOperatingIncome": "None", "depreciation": "None", "depreciationAndAmortization": "1028000000", "incomeBeforeTax": "997000000", "incomeTaxExpense": "227000000", "interestAndDebtExpense": "None", "netIncomeFromContinuingOperations": "0", "comprehensiveIncomeNetOfTax": "None", "ebit": "1132000000", "ebitda": "2160000000", "netIncome": "1366000000"}, {"fiscalDateEnding": "2014-10-31", "reportedCurrency": "USD", "grossProfit": "6981000000", "totalRevenue": "28406000000", "costOfRevenue": "21425000000", "costofGoodsAndServicesSold": "21425000000", "operatingIncome": "1908000000", "sellingGeneralAndAdministrative": "9989000000", "researchAndDevelopment": "876000000", "operatingExpenses": "5073000000", "investmentIncomeNet": "None", "netInterestIncome": "None", "interestIncome": "None", "interestExpense": "146000000", "nonInterestIncome": "None", "otherNonOperatingIncome": "-146000000", "depreciation": "None", "depreciationAndAmortization": "1075000000", "incomeBeforeTax": "1762000000", "incomeTaxExpense": "432000000", "interestAndDebtExpense": "None", "netIncomeFromContinuingOperations": "1330000000", "comprehensiveIncomeNetOfTax": "None", "ebit": "2515000000", "ebitda": "3590000000", "netIncome": "1330000000"}, {"fiscalDateEnding": "2014-07-31", "reportedCurrency": "USD", "grossProfit": "6611000000", "totalRevenue": "27585000000", "costOfRevenue": "20974000000", "costofGoodsAndServicesSold": "20974000000", "operatingIncome": "1458000000", "sellingGeneralAndAdministrative": "3388000000", "researchAndDevelopment": "887000000", "operatingExpenses": "5153000000", "investmentIncomeNet": "None", "netInterestIncome": "None", "interestIncome": "None", "interestExpense": "145000000", "nonInterestIncome": "None", "otherNonOperatingIncome": "-145000000", "depreciation": "None", "depreciationAndAmortization": "1055000000", "incomeBeforeTax": "1313000000", "incomeTaxExpense": "328000000", "interestAndDebtExpense": "None", "netIncomeFromContinuingOperations": "985000000", "comprehensiveIncomeNetOfTax": "None", "ebit": "2109000000", "ebitda": "3164000000", "netIncome": "985000000"}, {"fiscalDateEnding": "2014-04-30", "reportedCurrency": "USD", "grossProfit": "6605000000", "totalRevenue": "27309000000", "costOfRevenue": "20704000000", "costofGoodsAndServicesSold": "20704000000", "operatingIncome": "1822000000", "sellingGeneralAndAdministrative": "3391000000", "researchAndDevelopment": "873000000", "operatingExpenses": "4783000000", "investmentIncomeNet": "None", "netInterestIncome": "None", "interestIncome": "None", "interestExpense": "174000000", "nonInterestIncome": "None", "otherNonOperatingIncome": "-174000000", "depreciation": "None", "depreciationAndAmortization": "1087000000", "incomeBeforeTax": "1648000000", "incomeTaxExpense": "375000000", "interestAndDebtExpense": "None", "netIncomeFromContinuingOperations": "1273000000", "comprehensiveIncomeNetOfTax": "None", "ebit": "2077000000", "ebitda": "3164000000", "netIncome": "1273000000"}, {"fiscalDateEnding": "2014-01-31", "reportedCurrency": "USD", "grossProfit": "6418000000", "totalRevenue": "28154000000", "costOfRevenue": "21736000000", "costofGoodsAndServicesSold": "21736000000", "operatingIncome": "1997000000", "sellingGeneralAndAdministrative": "3210000000", "researchAndDevelopment": "811000000", "operatingExpenses": "4421000000", "investmentIncomeNet": "None", "netInterestIncome": "None", "interestIncome": "None", "interestExpense": "163000000", "nonInterestIncome": "None", "otherNonOperatingIncome": "-163000000", "depreciation": "None", "depreciationAndAmortization": "1117000000", "incomeBeforeTax": "1834000000", "incomeTaxExpense": "409000000", "interestAndDebtExpense": "None", "netIncomeFromContinuingOperations": "1425000000", "comprehensiveIncomeNetOfTax": "None", "ebit": "2114000000", "ebitda": "3231000000", "netIncome": "1425000000"}, {"fiscalDateEnding": "2013-10-31", "reportedCurrency": "USD", "grossProfit": "6694000000", "totalRevenue": "29131000000", "costOfRevenue": "22437000000", "costofGoodsAndServicesSold": "22437000000", "operatingIncome": "1923000000", "sellingGeneralAndAdministrative": "3351000000", "researchAndDevelopment": "729000000", "operatingExpenses": "4771000000", "investmentIncomeNet": "None", "netInterestIncome": "None", "interestIncome": "None", "interestExpense": "103000000", "nonInterestIncome": "None", "otherNonOperatingIncome": "-103000000", "depreciation": "None", "depreciationAndAmortization": "1120000000", "incomeBeforeTax": "1820000000", "incomeTaxExpense": "406000000", "interestAndDebtExpense": "None", "netIncomeFromContinuingOperations": "1414000000", "comprehensiveIncomeNetOfTax": "None", "ebit": "2297000000", "ebitda": "3417000000", "netIncome": "1414000000"}, {"fiscalDateEnding": "2013-07-31", "reportedCurrency": "USD", "grossProfit": "6367000000", "totalRevenue": "27226000000", "costOfRevenue": "20859000000", "costofGoodsAndServicesSold": "20859000000", "operatingIncome": "1855000000", "sellingGeneralAndAdministrative": "3274000000", "researchAndDevelopment": "797000000", "operatingExpenses": "4512000000", "investmentIncomeNet": "None", "netInterestIncome": "None", "interestIncome": "None", "interestExpense": "146000000", "nonInterestIncome": "None", "otherNonOperatingIncome": "-146000000", "depreciation": "None", "depreciationAndAmortization": "1158000000", "incomeBeforeTax": "1709000000", "incomeTaxExpense": "319000000", "interestAndDebtExpense": "None", "netIncomeFromContinuingOperations": "1390000000", "comprehensiveIncomeNetOfTax": "None", "ebit": "1940000000", "ebitda": "3098000000", "netIncome": "1709000000"}, {"fiscalDateEnding": "2013-04-30", "reportedCurrency": "USD", "grossProfit": "6527000000", "totalRevenue": "27582000000", "costOfRevenue": "21055000000", "costofGoodsAndServicesSold": "21055000000", "operatingIncome": "1601000000", "sellingGeneralAndAdministrative": "3342000000", "researchAndDevelopment": "815000000", "operatingExpenses": "4926000000", "investmentIncomeNet": "None", "netInterestIncome": "None", "interestIncome": "None", "interestExpense": "193000000", "nonInterestIncome": "None", "otherNonOperatingIncome": "-193000000", "depreciation": "None", "depreciationAndAmortization": "1170000000", "incomeBeforeTax": "1408000000", "incomeTaxExpense": "331000000", "interestAndDebtExpense": "None", "netIncomeFromContinuingOperations": "1077000000", "comprehensiveIncomeNetOfTax": "None", "ebit": "2020000000", "ebitda": "3190000000", "netIncome": "1077000000"}, {"fiscalDateEnding": "2013-01-31", "reportedCurrency": "USD", "grossProfit": "6330000000", "totalRevenue": "28359000000", "costOfRevenue": "22029000000", "costofGoodsAndServicesSold": "22029000000", "operatingIncome": "1752000000", "sellingGeneralAndAdministrative": "3300000000", "researchAndDevelopment": "794000000", "operatingExpenses": "4578000000", "investmentIncomeNet": "None", "netInterestIncome": "None", "interestIncome": "None", "interestExpense": "179000000", "nonInterestIncome": "None", "otherNonOperatingIncome": "-179000000", "depreciation": "None", "depreciationAndAmortization": "1163000000", "incomeBeforeTax": "1573000000", "incomeTaxExpense": "341000000", "interestAndDebtExpense": "None", "netIncomeFromContinuingOperations": "1232000000", "comprehensiveIncomeNetOfTax": "None", "ebit": "1886000000", "ebitda": "3049000000", "netIncome": "1232000000"}, {"fiscalDateEnding": "2012-10-31", "reportedCurrency": "USD", "grossProfit": "7248000000", "totalRevenue": "29959000000", "costOfRevenue": "22711000000", "costofGoodsAndServicesSold": "22711000000", "operatingIncome": "-6488000000", "sellingGeneralAndAdministrative": "10273000000", "researchAndDevelopment": "909000000", "operatingExpenses": "13736000000", "investmentIncomeNet": "None", "netInterestIncome": "None", "interestIncome": "None", "interestExpense": "188000000", "nonInterestIncome": "None", "otherNonOperatingIncome": "None", "depreciation": "None", "depreciationAndAmortization": "1201000000", "incomeBeforeTax": "-6676000000", "incomeTaxExpense": "178000000", "interestAndDebtExpense": "None", "netIncomeFromContinuingOperations": "0", "comprehensiveIncomeNetOfTax": "None", "ebit": "2740000000", "ebitda": "3941000000", "netIncome": "-6854000000"}, {"fiscalDateEnding": "2012-07-31", "reportedCurrency": "USD", "grossProfit": "6849000000", "totalRevenue": "29669000000", "costOfRevenue": "22820000000", "costofGoodsAndServicesSold": "22820000000", "operatingIncome": "-8833000000", "sellingGeneralAndAdministrative": "3366000000", "researchAndDevelopment": "854000000", "operatingExpenses": "15682000000", "investmentIncomeNet": "None", "netInterestIncome": "None", "interestIncome": "None", "interestExpense": "224000000", "nonInterestIncome": "None", "otherNonOperatingIncome": "None", "depreciation": "None", "depreciationAndAmortization": "1306000000", "incomeBeforeTax": "-9057000000", "incomeTaxExpense": "-200000000", "interestAndDebtExpense": "None", "netIncomeFromContinuingOperations": "0", "comprehensiveIncomeNetOfTax": "None", "ebit": "2153000000", "ebitda": "3459000000", "netIncome": "-8857000000"}, {"fiscalDateEnding": "2012-04-30", "reportedCurrency": "USD", "grossProfit": "7152000000", "totalRevenue": "30693000000", "costOfRevenue": "23541000000", "costofGoodsAndServicesSold": "23541000000", "operatingIncome": "2222000000", "sellingGeneralAndAdministrative": "3540000000", "researchAndDevelopment": "850000000", "operatingExpenses": "4930000000", "investmentIncomeNet": "None", "netInterestIncome": "None", "interestIncome": "None", "interestExpense": "243000000", "nonInterestIncome": "None", "otherNonOperatingIncome": "None", "depreciation": "None", "depreciationAndAmortization": "1285000000", "incomeBeforeTax": "1979000000", "incomeTaxExpense": "386000000", "interestAndDebtExpense": "None", "netIncomeFromContinuingOperations": "0", "comprehensiveIncomeNetOfTax": "None", "ebit": "2292000000", "ebitda": "3577000000", "netIncome": "1593000000"}, {"fiscalDateEnding": "2012-01-31", "reportedCurrency": "USD", "grossProfit": "6723000000", "totalRevenue": "30036000000", "costOfRevenue": "23313000000", "costofGoodsAndServicesSold": "23313000000", "operatingIncome": "2042000000", "sellingGeneralAndAdministrative": "3367000000", "researchAndDevelopment": "786000000", "operatingExpenses": "4681000000", "investmentIncomeNet": "None", "netInterestIncome": "None", "interestIncome": "None", "interestExpense": "221000000", "nonInterestIncome": "None", "otherNonOperatingIncome": "None", "depreciation": "None", "depreciationAndAmortization": "1303000000", "incomeBeforeTax": "1821000000", "incomeTaxExpense": "353000000", "interestAndDebtExpense": "None", "netIncomeFromContinuingOperations": "0", "comprehensiveIncomeNetOfTax": "None", "ebit": "2104000000", "ebitda": "3407000000", "netIncome": "1468000000"}, {"fiscalDateEnding": "2011-10-31", "reportedCurrency": "USD", "grossProfit": "6561000000", "totalRevenue": "32122000000", "costOfRevenue": "25561000000", "costofGoodsAndServicesSold": "25561000000", "operatingIncome": "795000000", "sellingGeneralAndAdministrative": "9889000000", "researchAndDevelopment": "829000000", "operatingExpenses": "5766000000", "investmentIncomeNet": "None", "netInterestIncome": "None", "interestIncome": "None", "interestExpense": "172000000", "nonInterestIncome": "None", "otherNonOperatingIncome": "-401000000", "depreciation": "None", "depreciationAndAmortization": "1262000000", "incomeBeforeTax": "394000000", "incomeTaxExpense": "155000000", "interestAndDebtExpense": "None", "netIncomeFromContinuingOperations": "239000000", "comprehensiveIncomeNetOfTax": "None", "ebit": "2278000000", "ebitda": "3540000000", "netIncome": "239000000"}, {"fiscalDateEnding": "2011-07-31", "reportedCurrency": "USD", "grossProfit": "7288000000", "totalRevenue": "31189000000", "costOfRevenue": "23901000000", "costofGoodsAndServicesSold": "23901000000", "operatingIncome": "2520000000", "sellingGeneralAndAdministrative": "3402000000", "researchAndDevelopment": "812000000", "operatingExpenses": "4768000000", "investmentIncomeNet": "None", "netInterestIncome": "None", "interestIncome": "None", "interestExpense": "201000000", "nonInterestIncome": "None", "otherNonOperatingIncome": "-121000000", "depreciation": "None", "depreciationAndAmortization": "1225000000", "incomeBeforeTax": "2399000000", "incomeTaxExpense": "473000000", "interestAndDebtExpense": "None", "netIncomeFromContinuingOperations": "1926000000", "comprehensiveIncomeNetOfTax": "None", "ebit": "2688000000", "ebitda": "3913000000", "netIncome": "1926000000"}, {"fiscalDateEnding": "2011-04-30", "reportedCurrency": "USD", "grossProfit": "7800000000", "totalRevenue": "31632000000", "costOfRevenue": "23832000000", "costofGoodsAndServicesSold": "23832000000", "operatingIncome": "2968000000", "sellingGeneralAndAdministrative": "3397000000", "researchAndDevelopment": "815000000", "operatingExpenses": "4832000000", "investmentIncomeNet": "None", "netInterestIncome": "None", "interestIncome": "None", "interestExpense": "76000000", "nonInterestIncome": "None", "otherNonOperatingIncome": "-76000000", "depreciation": "None", "depreciationAndAmortization": "1242000000", "incomeBeforeTax": "2892000000", "incomeTaxExpense": "588000000", "interestAndDebtExpense": "None", "netIncomeFromContinuingOperations": "2304000000", "comprehensiveIncomeNetOfTax": "None", "ebit": "2968000000", "ebitda": "4210000000", "netIncome": "2304000000"}, {"fiscalDateEnding": "2011-01-31", "reportedCurrency": "USD", "grossProfit": "7921000000", "totalRevenue": "32302000000", "costOfRevenue": "24381000000", "costofGoodsAndServicesSold": "24381000000", "operatingIncome": "3394000000", "sellingGeneralAndAdministrative": "3090000000", "researchAndDevelopment": "798000000", "operatingExpenses": "4527000000", "investmentIncomeNet": "None", "netInterestIncome": "None", "interestIncome": "None", "interestExpense": "97000000", "nonInterestIncome": "None", "otherNonOperatingIncome": "-97000000", "depreciation": "None", "depreciationAndAmortization": "1255000000", "incomeBeforeTax": "3297000000", "incomeTaxExpense": "692000000", "interestAndDebtExpense": "None", "netIncomeFromContinuingOperations": "2605000000", "comprehensiveIncomeNetOfTax": "None", "ebit": "3581000000", "ebitda": "4836000000", "netIncome": "2605000000"}, {"fiscalDateEnding": "2010-10-31", "reportedCurrency": "USD", "grossProfit": "8254000000", "totalRevenue": "33278000000", "costOfRevenue": "25024000000", "costofGoodsAndServicesSold": "25024000000", "operatingIncome": "3295000000", "sellingGeneralAndAdministrative": "9150000000", "researchAndDevelopment": "814000000", "operatingExpenses": "4959000000", "investmentIncomeNet": "None", "netInterestIncome": "None", "interestIncome": "None", "interestExpense": "81000000", "nonInterestIncome": "None", "otherNonOperatingIncome": "None", "depreciation": "None", "depreciationAndAmortization": "1264000000", "incomeBeforeTax": "3214000000", "incomeTaxExpense": "676000000", "interestAndDebtExpense": "None", "netIncomeFromContinuingOperations": "0", "comprehensiveIncomeNetOfTax": "None", "ebit": "3295000000", "ebitda": "4559000000", "netIncome": "2538000000"}, {"fiscalDateEnding": "2010-07-31", "reportedCurrency": "USD", "grossProfit": "7439000000", "totalRevenue": "30729000000", "costOfRevenue": "23290000000", "costofGoodsAndServicesSold": "23290000000", "operatingIncome": "2323000000", "sellingGeneralAndAdministrative": "3154000000", "researchAndDevelopment": "742000000", "operatingExpenses": "5116000000", "investmentIncomeNet": "None", "netInterestIncome": "None", "interestIncome": "None", "interestExpense": "209000000", "nonInterestIncome": "None", "otherNonOperatingIncome": "None", "depreciation": "None", "depreciationAndAmortization": "1210000000", "incomeBeforeTax": "2189000000", "incomeTaxExpense": "416000000", "interestAndDebtExpense": "None", "netIncomeFromContinuingOperations": "0", "comprehensiveIncomeNetOfTax": "None", "ebit": "2398000000", "ebitda": "3608000000", "netIncome": "1773000000"}, {"fiscalDateEnding": "2010-04-30", "reportedCurrency": "USD", "grossProfit": "7280000000", "totalRevenue": "30849000000", "costOfRevenue": "23569000000", "costofGoodsAndServicesSold": "23569000000", "operatingIncome": "2858000000", "sellingGeneralAndAdministrative": "3064000000", "researchAndDevelopment": "722000000", "operatingExpenses": "4422000000", "investmentIncomeNet": "None", "netInterestIncome": "None", "interestIncome": "None", "interestExpense": "91000000", "nonInterestIncome": "None", "otherNonOperatingIncome": "None", "depreciation": "None", "depreciationAndAmortization": "1184000000", "incomeBeforeTax": "2767000000", "incomeTaxExpense": "567000000", "interestAndDebtExpense": "None", "netIncomeFromContinuingOperations": "0", "comprehensiveIncomeNetOfTax": "None", "ebit": "2858000000", "ebitda": "4042000000", "netIncome": "2200000000"}, {"fiscalDateEnding": "2010-01-31", "reportedCurrency": "USD", "grossProfit": "7150000000", "totalRevenue": "31177000000", "costOfRevenue": "24027000000", "costofGoodsAndServicesSold": "24027000000", "operatingIncome": "3003000000", "sellingGeneralAndAdministrative": "2932000000", "researchAndDevelopment": "681000000", "operatingExpenses": "4147000000", "investmentIncomeNet": "None", "netInterestIncome": "None", "interestIncome": "None", "interestExpense": "199000000", "nonInterestIncome": "None", "otherNonOperatingIncome": "None", "depreciation": "None", "depreciationAndAmortization": "1162000000", "incomeBeforeTax": "2804000000", "incomeTaxExpense": "554000000", "interestAndDebtExpense": "None", "netIncomeFromContinuingOperations": "0", "comprehensiveIncomeNetOfTax": "None", "ebit": "3172000000", "ebitda": "4334000000", "netIncome": "2323000000"}, {"fiscalDateEnding": "2009-10-31", "reportedCurrency": "USD", "grossProfit": "7350000000", "totalRevenue": "30950000000", "costOfRevenue": "23600000000", "costofGoodsAndServicesSold": "23600000000", "operatingIncome": "3181000000", "sellingGeneralAndAdministrative": "8647000000", "researchAndDevelopment": "704000000", "operatingExpenses": "4169000000", "investmentIncomeNet": "None", "netInterestIncome": "None", "interestIncome": "None", "interestExpense": "230000000", "nonInterestIncome": "None", "otherNonOperatingIncome": "None", "depreciation": "None", "depreciationAndAmortization": "1227000000", "incomeBeforeTax": "3049000000", "incomeTaxExpense": "601000000", "interestAndDebtExpense": "None", "netIncomeFromContinuingOperations": "0", "comprehensiveIncomeNetOfTax": "None", "ebit": "3280000000", "ebitda": "4507000000", "netIncome": "2448000000"}, {"fiscalDateEnding": "2009-07-31", "reportedCurrency": "USD", "grossProfit": "6554000000", "totalRevenue": "27585000000", "costOfRevenue": "21031000000", "costofGoodsAndServicesSold": "21031000000", "operatingIncome": "2213000000", "sellingGeneralAndAdministrative": "2874000000", "researchAndDevelopment": "667000000", "operatingExpenses": "4341000000", "investmentIncomeNet": "None", "netInterestIncome": "None", "interestIncome": "None", "interestExpense": "177000000", "nonInterestIncome": "None", "otherNonOperatingIncome": "None", "depreciation": "None", "depreciationAndAmortization": "1179000000", "incomeBeforeTax": "2036000000", "incomeTaxExpense": "365000000", "interestAndDebtExpense": "None", "netIncomeFromContinuingOperations": "0", "comprehensiveIncomeNetOfTax": "None", "ebit": "2213000000", "ebitda": "3392000000", "netIncome": "1642000000"}, {"fiscalDateEnding": "2009-04-30", "reportedCurrency": "USD", "grossProfit": "6438000000", "totalRevenue": "27383000000", "costOfRevenue": "20945000000", "costofGoodsAndServicesSold": "20945000000", "operatingIncome": "2293000000", "sellingGeneralAndAdministrative": "2880000000", "researchAndDevelopment": "716000000", "operatingExpenses": "4145000000", "investmentIncomeNet": "None", "netInterestIncome": "None", "interestIncome": "None", "interestExpense": "180000000", "nonInterestIncome": "None", "otherNonOperatingIncome": "None", "depreciation": "None", "depreciationAndAmortization": "1153000000", "incomeBeforeTax": "2113000000", "incomeTaxExpense": "392000000", "interestAndDebtExpense": "None", "netIncomeFromContinuingOperations": "0", "comprehensiveIncomeNetOfTax": "None", "ebit": "2462000000", "ebitda": "3615000000", "netIncome": "1716000000"}, {"fiscalDateEnding": "2009-01-31", "reportedCurrency": "USD", "grossProfit": "6734000000", "totalRevenue": "28807000000", "costOfRevenue": "22073000000", "costofGoodsAndServicesSold": "22073000000", "operatingIncome": "2497000000", "sellingGeneralAndAdministrative": "2893000000", "researchAndDevelopment": "732000000", "operatingExpenses": "4237000000", "investmentIncomeNet": "None", "netInterestIncome": "None", "interestIncome": "None", "interestExpense": "232000000", "nonInterestIncome": "None", "otherNonOperatingIncome": "None", "depreciation": "None", "depreciationAndAmortization": "1214000000", "incomeBeforeTax": "2265000000", "incomeTaxExpense": "409000000", "interestAndDebtExpense": "None", "netIncomeFromContinuingOperations": "0", "comprehensiveIncomeNetOfTax": "None", "ebit": "2497000000", "ebitda": "3711000000", "netIncome": "1854000000"}, {"fiscalDateEnding": "2008-10-31", "reportedCurrency": "USD", "grossProfit": "8162000000", "totalRevenue": "33603000000", "costOfRevenue": "25441000000", "costofGoodsAndServicesSold": "25441000000", "operatingIncome": "2741000000", "sellingGeneralAndAdministrative": "9788000000", "researchAndDevelopment": "842000000", "operatingExpenses": "5421000000", "investmentIncomeNet": "None", "netInterestIncome": "None", "interestIncome": "None", "interestExpense": "106000000", "nonInterestIncome": "None", "otherNonOperatingIncome": "None", "depreciation": "None", "depreciationAndAmortization": "1088000000", "incomeBeforeTax": "2643000000", "incomeTaxExpense": "531000000", "interestAndDebtExpense": "None", "netIncomeFromContinuingOperations": "0", "comprehensiveIncomeNetOfTax": "None", "ebit": "3065000000", "ebitda": "4153000000", "netIncome": "2112000000"}, {"fiscalDateEnding": "2008-07-31", "reportedCurrency": "USD", "grossProfit": "6835000000", "totalRevenue": "28032000000", "costOfRevenue": "21197000000", "costofGoodsAndServicesSold": "21197000000", "operatingIncome": "2529000000", "sellingGeneralAndAdministrative": "3137000000", "researchAndDevelopment": "895000000", "operatingExpenses": "4306000000", "investmentIncomeNet": "None", "netInterestIncome": "None", "interestIncome": "None", "interestExpense": "31000000", "nonInterestIncome": "None", "otherNonOperatingIncome": "None", "depreciation": "None", "depreciationAndAmortization": "759000000", "incomeBeforeTax": "2552000000", "incomeTaxExpense": "525000000", "interestAndDebtExpense": "None", "netIncomeFromContinuingOperations": "0", "comprehensiveIncomeNetOfTax": "None", "ebit": "2534000000", "ebitda": "3293000000", "netIncome": "2027000000"}, {"fiscalDateEnding": "2008-04-30", "reportedCurrency": "USD", "grossProfit": "7057000000", "totalRevenue": "28262000000", "costOfRevenue": "21205000000", "costofGoodsAndServicesSold": "21205000000", "operatingIncome": "2590000000", "sellingGeneralAndAdministrative": "3275000000", "researchAndDevelopment": "908000000", "operatingExpenses": "4467000000", "investmentIncomeNet": "None", "netInterestIncome": "None", "interestIncome": "None", "interestExpense": "52000000", "nonInterestIncome": "None", "otherNonOperatingIncome": "None", "depreciation": "None", "depreciationAndAmortization": "760000000", "incomeBeforeTax": "2593000000", "incomeTaxExpense": "536000000", "interestAndDebtExpense": "None", "netIncomeFromContinuingOperations": "0", "comprehensiveIncomeNetOfTax": "None", "ebit": "2607000000", "ebitda": "3367000000", "netIncome": "2057000000"}, {"fiscalDateEnding": "2008-01-31", "reportedCurrency": "USD", "grossProfit": "6968000000", "totalRevenue": "28467000000", "costOfRevenue": "21499000000", "costofGoodsAndServicesSold": "21499000000", "operatingIncome": "2613000000", "sellingGeneralAndAdministrative": "3241000000", "researchAndDevelopment": "898000000", "operatingExpenses": "4355000000", "investmentIncomeNet": "None", "netInterestIncome": "None", "interestIncome": "None", "interestExpense": "85000000", "nonInterestIncome": "None", "otherNonOperatingIncome": "None", "depreciation": "None", "depreciationAndAmortization": "749000000", "incomeBeforeTax": "2685000000", "incomeTaxExpense": "552000000", "interestAndDebtExpense": "None", "netIncomeFromContinuingOperations": "0", "comprehensiveIncomeNetOfTax": "None", "ebit": "2623000000", "ebitda": "3372000000", "netIncome": "2133000000"}, {"fiscalDateEnding": "2007-10-31", "reportedCurrency": "USD", "grossProfit": "6989000000", "totalRevenue": "28293000000", "costOfRevenue": "21304000000", "costofGoodsAndServicesSold": "21304000000", "operatingIncome": "2632000000", "sellingGeneralAndAdministrative": "8829000000", "researchAndDevelopment": "914000000", "operatingExpenses": "4357000000", "investmentIncomeNet": "None", "netInterestIncome": "None", "interestIncome": "None", "interestExpense": "531000000", "nonInterestIncome": "None", "otherNonOperatingIncome": "None", "depreciation": "None", "depreciationAndAmortization": "699000000", "incomeBeforeTax": "2699000000", "incomeTaxExpense": "535000000", "interestAndDebtExpense": "None", "netIncomeFromContinuingOperations": "0", "comprehensiveIncomeNetOfTax": "None", "ebit": "2616000000", "ebitda": "3315000000", "netIncome": "2164000000"}, {"fiscalDateEnding": "2007-07-31", "reportedCurrency": "USD", "grossProfit": "6213000000", "totalRevenue": "25377000000", "costOfRevenue": "19164000000", "costofGoodsAndServicesSold": "19164000000", "operatingIncome": "2116000000", "sellingGeneralAndAdministrative": "3002000000", "researchAndDevelopment": "917000000", "operatingExpenses": "4097000000", "investmentIncomeNet": "None", "netInterestIncome": "None", "interestIncome": "None", "interestExpense": "323000000", "nonInterestIncome": "None", "otherNonOperatingIncome": "None", "depreciation": "None", "depreciationAndAmortization": "685000000", "incomeBeforeTax": "2286000000", "incomeTaxExpense": "508000000", "interestAndDebtExpense": "None", "netIncomeFromContinuingOperations": "0", "comprehensiveIncomeNetOfTax": "None", "ebit": "2111000000", "ebitda": "2796000000", "netIncome": "1778000000"}, {"fiscalDateEnding": "2007-04-30", "reportedCurrency": "USD", "grossProfit": "6251000000", "totalRevenue": "25534000000", "costOfRevenue": "19283000000", "costofGoodsAndServicesSold": "19283000000", "operatingIncome": "2128000000", "sellingGeneralAndAdministrative": "3044000000", "researchAndDevelopment": "903000000", "operatingExpenses": "4123000000", "investmentIncomeNet": "None", "netInterestIncome": "None", "interestIncome": "None", "interestExpense": "122000000", "nonInterestIncome": "None", "otherNonOperatingIncome": "None", "depreciation": "None", "depreciationAndAmortization": "678000000", "incomeBeforeTax": "2228000000", "incomeTaxExpense": "453000000", "interestAndDebtExpense": "None", "netIncomeFromContinuingOperations": "0", "comprehensiveIncomeNetOfTax": "None", "ebit": "2600000000", "ebitda": "3278000000", "netIncome": "1775000000"}, {"fiscalDateEnding": "2007-01-31", "reportedCurrency": "USD", "grossProfit": "5946000000", "totalRevenue": "25082000000", "costOfRevenue": "19136000000", "costofGoodsAndServicesSold": "19136000000", "operatingIncome": "1843000000", "sellingGeneralAndAdministrative": "2899000000", "researchAndDevelopment": "877000000", "operatingExpenses": "4103000000", "investmentIncomeNet": "None", "netInterestIncome": "None", "interestIncome": "None", "interestExpense": "86000000", "nonInterestIncome": "None", "otherNonOperatingIncome": "None", "depreciation": "None", "depreciationAndAmortization": "643000000", "incomeBeforeTax": "1964000000", "incomeTaxExpense": "417000000", "interestAndDebtExpense": "None", "netIncomeFromContinuingOperations": "0", "comprehensiveIncomeNetOfTax": "None", "ebit": "1969000000", "ebitda": "2612000000", "netIncome": "1547000000"}, {"fiscalDateEnding": "2006-10-31", "reportedCurrency": "USD", "grossProfit": "5962000000", "totalRevenue": "24555000000", "costOfRevenue": "18593000000", "costofGoodsAndServicesSold": "18593000000", "operatingIncome": "1901000000", "sellingGeneralAndAdministrative": "8336000000", "researchAndDevelopment": "870000000", "operatingExpenses": "4061000000", "investmentIncomeNet": "None", "netInterestIncome": "None", "interestIncome": "None", "interestExpense": "2672000000", "nonInterestIncome": "None", "otherNonOperatingIncome": "None", "depreciation": "None", "depreciationAndAmortization": "596000000", "incomeBeforeTax": "2105000000", "incomeTaxExpense": "408000000", "interestAndDebtExpense": "None", "netIncomeFromContinuingOperations": "0", "comprehensiveIncomeNetOfTax": "None", "ebit": "2053000000", "ebitda": "2649000000", "netIncome": "1697000000"}, {"fiscalDateEnding": "2006-07-31", "reportedCurrency": "USD", "grossProfit": "5418000000", "totalRevenue": "21890000000", "costOfRevenue": "16472000000", "costofGoodsAndServicesSold": "16472000000", "operatingIncome": "1510000000", "sellingGeneralAndAdministrative": "2830000000", "researchAndDevelopment": "920000000", "operatingExpenses": "3908000000", "investmentIncomeNet": "None", "netInterestIncome": "None", "interestIncome": "None", "interestExpense": "193000000", "nonInterestIncome": "None", "otherNonOperatingIncome": "None", "depreciation": "None", "depreciationAndAmortization": "598000000", "incomeBeforeTax": "1738000000", "incomeTaxExpense": "363000000", "interestAndDebtExpense": "None", "netIncomeFromContinuingOperations": "0", "comprehensiveIncomeNetOfTax": "None", "ebit": "1515000000", "ebitda": "2113000000", "netIncome": "1375000000"}, {"fiscalDateEnding": "2006-04-30", "reportedCurrency": "USD", "grossProfit": "5584000000", "totalRevenue": "22554000000", "costOfRevenue": "16970000000", "costofGoodsAndServicesSold": "16970000000", "operatingIncome": "1657000000", "sellingGeneralAndAdministrative": "2858000000", "researchAndDevelopment": "930000000", "operatingExpenses": "3927000000", "investmentIncomeNet": "None", "netInterestIncome": "None", "interestIncome": "None", "interestExpense": "96000000", "nonInterestIncome": "None", "otherNonOperatingIncome": "None", "depreciation": "None", "depreciationAndAmortization": "596000000", "incomeBeforeTax": "1820000000", "incomeTaxExpense": "-79000000", "interestAndDebtExpense": "None", "netIncomeFromContinuingOperations": "0", "comprehensiveIncomeNetOfTax": "None", "ebit": "1645000000", "ebitda": "2241000000", "netIncome": "1899000000"}, {"fiscalDateEnding": "2006-01-31", "reportedCurrency": "USD", "grossProfit": "5267000000", "totalRevenue": "22659000000", "costOfRevenue": "17392000000", "costofGoodsAndServicesSold": "17392000000", "operatingIncome": "1492000000", "sellingGeneralAndAdministrative": "2692000000", "researchAndDevelopment": "871000000", "operatingExpenses": "3775000000", "investmentIncomeNet": "None", "netInterestIncome": "None", "interestIncome": "None", "interestExpense": "2769000000", "nonInterestIncome": "None", "otherNonOperatingIncome": "None", "depreciation": "None", "depreciationAndAmortization": "563000000", "incomeBeforeTax": "1528000000", "incomeTaxExpense": "301000000", "interestAndDebtExpense": "None", "netIncomeFromContinuingOperations": "0", "comprehensiveIncomeNetOfTax": "None", "ebit": "1557000000", "ebitda": "2120000000", "netIncome": "1227000000"}, {"fiscalDateEnding": "2005-10-31", "reportedCurrency": "USD", "grossProfit": "5381000000", "totalRevenue": "22913000000", "costOfRevenue": "17532000000", "costofGoodsAndServicesSold": "17532000000", "operatingIncome": "232000000", "sellingGeneralAndAdministrative": "8388000000", "researchAndDevelopment": "859000000", "operatingExpenses": "5149000000", "investmentIncomeNet": "None", "netInterestIncome": "None", "interestIncome": "None", "interestExpense": "424000000", "nonInterestIncome": "None", "otherNonOperatingIncome": "None", "depreciation": "None", "depreciationAndAmortization": "545000000", "incomeBeforeTax": "381000000", "incomeTaxExpense": "-35000000", "interestAndDebtExpense": "None", "netIncomeFromContinuingOperations": "0", "comprehensiveIncomeNetOfTax": "None", "ebit": "1799000000", "ebitda": "2344000000", "netIncome": "416000000"}]}