{"symbol": "ANIK", "annualReports": [{"fiscalDateEnding": "2024-12-31", "reportedCurrency": "USD", "grossProfit": "75998000", "totalRevenue": "119907000", "costOfRevenue": "43909000", "costofGoodsAndServicesSold": "43909000", "operatingIncome": "-5101000", "sellingGeneralAndAdministrative": "55555000", "researchAndDevelopment": "25544000", "operatingExpenses": "81099000", "investmentIncomeNet": "None", "netInterestIncome": "2337000", "interestIncome": "None", "interestExpense": "2337000", "nonInterestIncome": "None", "otherNonOperatingIncome": "None", "depreciation": "None", "depreciationAndAmortization": "8121000", "incomeBeforeTax": "-2764000", "incomeTaxExpense": "6064000", "interestAndDebtExpense": "None", "netIncomeFromContinuingOperations": "-8828000", "comprehensiveIncomeNetOfTax": "None", "ebit": "-5101000", "ebitda": "3020000", "netIncome": "-56385000"}, {"fiscalDateEnding": "2023-12-31", "reportedCurrency": "USD", "grossProfit": "82532000", "totalRevenue": "120792000", "costOfRevenue": "38260000", "costofGoodsAndServicesSold": "38260000", "operatingIncome": "844000", "sellingGeneralAndAdministrative": "98561000", "researchAndDevelopment": "21763000", "operatingExpenses": "81688000", "investmentIncomeNet": "None", "netInterestIncome": "2011000", "interestIncome": "None", "interestExpense": "2312000", "nonInterestIncome": "None", "otherNonOperatingIncome": "None", "depreciation": "None", "depreciationAndAmortization": "14217000", "incomeBeforeTax": "3156000", "incomeTaxExpense": "6595000", "interestAndDebtExpense": "None", "netIncomeFromContinuingOperations": "-24575000", "comprehensiveIncomeNetOfTax": "None", "ebit": "844000", "ebitda": "15061000", "netIncome": "-82667000"}, {"fiscalDateEnding": "2022-12-31", "reportedCurrency": "USD", "grossProfit": "93576000", "totalRevenue": "156236000", "costOfRevenue": "62660000", "costofGoodsAndServicesSold": "62660000", "operatingIncome": "-19400000", "sellingGeneralAndAdministrative": "84794000", "researchAndDevelopment": "28182000", "operatingExpenses": "112976000", "investmentIncomeNet": "None", "netInterestIncome": "654000", "interestIncome": "None", "interestExpense": "654000", "nonInterestIncome": "None", "otherNonOperatingIncome": "None", "depreciation": "None", "depreciationAndAmortization": "14487000", "incomeBeforeTax": "-18746000", "incomeTaxExpense": "-3887000", "interestAndDebtExpense": "None", "netIncomeFromContinuingOperations": "-14859000", "comprehensiveIncomeNetOfTax": "None", "ebit": "-19400000", "ebitda": "-4913000", "netIncome": "-14859000"}, {"fiscalDateEnding": "2021-12-31", "reportedCurrency": "USD", "grossProfit": "82943000", "totalRevenue": "147794000", "costOfRevenue": "64851000", "costofGoodsAndServicesSold": "64851000", "operatingIncome": "2615000", "sellingGeneralAndAdministrative": "53001000", "researchAndDevelopment": "27327000", "operatingExpenses": "80328000", "investmentIncomeNet": "None", "netInterestIncome": "-188000", "interestIncome": "None", "interestExpense": "188000", "nonInterestIncome": "None", "otherNonOperatingIncome": "None", "depreciation": "None", "depreciationAndAmortization": "14317000", "incomeBeforeTax": "2427000", "incomeTaxExpense": "-1707000", "interestAndDebtExpense": "None", "netIncomeFromContinuingOperations": "4134000", "comprehensiveIncomeNetOfTax": "None", "ebit": "-18480000", "ebitda": "-4163000", "netIncome": "4134000"}, {"fiscalDateEnding": "2020-12-31", "reportedCurrency": "USD", "grossProfit": "69026000", "totalRevenue": "130457000", "costOfRevenue": "61431000", "costofGoodsAndServicesSold": "61431000", "operatingIncome": "-28322000", "sellingGeneralAndAdministrative": "60063000", "researchAndDevelopment": "23431000", "operatingExpenses": "97348000", "investmentIncomeNet": "None", "netInterestIncome": "-302000", "interestIncome": "None", "interestExpense": "800000", "nonInterestIncome": "None", "otherNonOperatingIncome": "None", "depreciation": "None", "depreciationAndAmortization": "13464000", "incomeBeforeTax": "-28624000", "incomeTaxExpense": "-4642000", "interestAndDebtExpense": "None", "netIncomeFromContinuingOperations": "-23982000", "comprehensiveIncomeNetOfTax": "None", "ebit": "-14468000", "ebitda": "-1004000", "netIncome": "-23982000"}, {"fiscalDateEnding": "2019-12-31", "reportedCurrency": "USD", "grossProfit": "85863000", "totalRevenue": "114610000", "costOfRevenue": "28747000", "costofGoodsAndServicesSold": "28747000", "operatingIncome": "34248000", "sellingGeneralAndAdministrative": "34950000", "researchAndDevelopment": "16665000", "operatingExpenses": "51615000", "investmentIncomeNet": "None", "netInterestIncome": "1873000", "interestIncome": "1873000", "interestExpense": "7864000", "nonInterestIncome": "None", "otherNonOperatingIncome": "None", "depreciation": "None", "depreciationAndAmortization": "5991000", "incomeBeforeTax": "36121000", "incomeTaxExpense": "8928000", "interestAndDebtExpense": "None", "netIncomeFromContinuingOperations": "27193000", "comprehensiveIncomeNetOfTax": "None", "ebit": "34248000", "ebitda": "40239000", "netIncome": "27193000"}, {"fiscalDateEnding": "2018-12-31", "reportedCurrency": "USD", "grossProfit": "74275000", "totalRevenue": "105555000", "costOfRevenue": "31280000", "costofGoodsAndServicesSold": "31280000", "operatingIncome": "21749000", "sellingGeneralAndAdministrative": "34336000", "researchAndDevelopment": "18190000", "operatingExpenses": "52526000", "investmentIncomeNet": "None", "netInterestIncome": "1458000", "interestIncome": "1458000", "interestExpense": "1458000", "nonInterestIncome": "None", "otherNonOperatingIncome": "None", "depreciation": "None", "depreciationAndAmortization": "5910000", "incomeBeforeTax": "23207000", "incomeTaxExpense": "4485000", "interestAndDebtExpense": "None", "netIncomeFromContinuingOperations": "18722000", "comprehensiveIncomeNetOfTax": "None", "ebit": "21749000", "ebitda": "27659000", "netIncome": "18722000"}, {"fiscalDateEnding": "2017-12-31", "reportedCurrency": "USD", "grossProfit": "86056000", "totalRevenue": "113420000", "costOfRevenue": "27364000", "costofGoodsAndServicesSold": "27364000", "operatingIncome": "45729000", "sellingGeneralAndAdministrative": "21540000", "researchAndDevelopment": "18787000", "operatingExpenses": "40327000", "investmentIncomeNet": "None", "netInterestIncome": "473000", "interestIncome": "473000", "interestExpense": "473000", "nonInterestIncome": "None", "otherNonOperatingIncome": "None", "depreciation": "None", "depreciationAndAmortization": "4290000", "incomeBeforeTax": "46202000", "incomeTaxExpense": "14386000", "interestAndDebtExpense": "None", "netIncomeFromContinuingOperations": "31816000", "comprehensiveIncomeNetOfTax": "None", "ebit": "45729000", "ebitda": "50019000", "netIncome": "31816000"}, {"fiscalDateEnding": "2016-12-31", "reportedCurrency": "USD", "grossProfit": "79352000", "totalRevenue": "103379000", "costOfRevenue": "24027000", "costofGoodsAndServicesSold": "24027000", "operatingIncome": "50607000", "sellingGeneralAndAdministrative": "18013000", "researchAndDevelopment": "10732000", "operatingExpenses": "28745000", "investmentIncomeNet": "None", "netInterestIncome": "263000", "interestIncome": "263000", "interestExpense": "263000", "nonInterestIncome": "None", "otherNonOperatingIncome": "None", "depreciation": "None", "depreciationAndAmortization": "3734000", "incomeBeforeTax": "50870000", "incomeTaxExpense": "18323000", "interestAndDebtExpense": "None", "netIncomeFromContinuingOperations": "32547000", "comprehensiveIncomeNetOfTax": "None", "ebit": "50607000", "ebitda": "54341000", "netIncome": "32547000"}, {"fiscalDateEnding": "2015-12-31", "reportedCurrency": "USD", "grossProfit": "71946000", "totalRevenue": "92999000", "costOfRevenue": "21053000", "costofGoodsAndServicesSold": "21053000", "operatingIncome": "48134000", "sellingGeneralAndAdministrative": "14825000", "researchAndDevelopment": "8987000", "operatingExpenses": "23812000", "investmentIncomeNet": "None", "netInterestIncome": "None", "interestIncome": "120000", "interestExpense": "120000", "nonInterestIncome": "None", "otherNonOperatingIncome": "None", "depreciation": "None", "depreciationAndAmortization": "3775000", "incomeBeforeTax": "48254000", "incomeTaxExpense": "17496000", "interestAndDebtExpense": "None", "netIncomeFromContinuingOperations": "30758000", "comprehensiveIncomeNetOfTax": "None", "ebit": "48134000", "ebitda": "51909000", "netIncome": "30758000"}, {"fiscalDateEnding": "2014-12-31", "reportedCurrency": "USD", "grossProfit": "84664521", "totalRevenue": "105594839", "costOfRevenue": "20930318", "costofGoodsAndServicesSold": "20930318", "operatingIncome": "61446884", "sellingGeneralAndAdministrative": "15073485", "researchAndDevelopment": "8144152", "operatingExpenses": "23217637", "investmentIncomeNet": "None", "netInterestIncome": "None", "interestIncome": "None", "interestExpense": "58137", "nonInterestIncome": "None", "otherNonOperatingIncome": "None", "depreciation": "None", "depreciationAndAmortization": "4705602", "incomeBeforeTax": "61505021", "incomeTaxExpense": "23185542", "interestAndDebtExpense": "None", "netIncomeFromContinuingOperations": "38319479", "comprehensiveIncomeNetOfTax": "None", "ebit": "61446884", "ebitda": "66152486", "netIncome": "38319479"}, {"fiscalDateEnding": "2013-12-31", "reportedCurrency": "USD", "grossProfit": "52315750", "totalRevenue": "75081154", "costOfRevenue": "22765404", "costofGoodsAndServicesSold": "22765404", "operatingIncome": "32606717", "sellingGeneralAndAdministrative": "12936000", "researchAndDevelopment": "7059875", "operatingExpenses": "19995876", "investmentIncomeNet": "None", "netInterestIncome": "None", "interestIncome": "None", "interestExpense": "127186", "nonInterestIncome": "None", "otherNonOperatingIncome": "None", "depreciation": "None", "depreciationAndAmortization": "4772491", "incomeBeforeTax": "32479531", "incomeTaxExpense": "11905010", "interestAndDebtExpense": "None", "netIncomeFromContinuingOperations": "20574521", "comprehensiveIncomeNetOfTax": "None", "ebit": "27260540", "ebitda": "32033031", "netIncome": "20574521"}, {"fiscalDateEnding": "2012-12-31", "reportedCurrency": "USD", "grossProfit": "42369884", "totalRevenue": "71358505", "costOfRevenue": "28988621", "costofGoodsAndServicesSold": "28988621", "operatingIncome": "19715198", "sellingGeneralAndAdministrative": "14728662", "researchAndDevelopment": "5388036", "operatingExpenses": "20116698", "investmentIncomeNet": "None", "netInterestIncome": "None", "interestIncome": "None", "interestExpense": "5263753", "nonInterestIncome": "None", "otherNonOperatingIncome": "None", "depreciation": "None", "depreciationAndAmortization": "4525247", "incomeBeforeTax": "19527421", "incomeTaxExpense": "7769961", "interestAndDebtExpense": "None", "netIncomeFromContinuingOperations": "11757460", "comprehensiveIncomeNetOfTax": "None", "ebit": "22253186", "ebitda": "26778433", "netIncome": "11757460"}, {"fiscalDateEnding": "2011-12-31", "reportedCurrency": "USD", "grossProfit": "37994897", "totalRevenue": "64778635", "costOfRevenue": "26783738", "costofGoodsAndServicesSold": "26783738", "operatingIncome": "13967402", "sellingGeneralAndAdministrative": "17858558", "researchAndDevelopment": "6168937", "operatingExpenses": "24027495", "investmentIncomeNet": "None", "netInterestIncome": "None", "interestIncome": "None", "interestExpense": "182388", "nonInterestIncome": "None", "otherNonOperatingIncome": "None", "depreciation": "None", "depreciationAndAmortization": "4002391", "incomeBeforeTax": "13785014", "incomeTaxExpense": "5318334", "interestAndDebtExpense": "None", "netIncomeFromContinuingOperations": "8466680", "comprehensiveIncomeNetOfTax": "None", "ebit": "13967402", "ebitda": "17969793", "netIncome": "8466680"}, {"fiscalDateEnding": "2010-12-31", "reportedCurrency": "USD", "grossProfit": "31729990", "totalRevenue": "55556594", "costOfRevenue": "23826604", "costofGoodsAndServicesSold": "23826604", "operatingIncome": "7537686", "sellingGeneralAndAdministrative": "17317671", "researchAndDevelopment": "6874633", "operatingExpenses": "24192304", "investmentIncomeNet": "None", "netInterestIncome": "None", "interestIncome": "None", "interestExpense": "194620", "nonInterestIncome": "None", "otherNonOperatingIncome": "None", "depreciation": "None", "depreciationAndAmortization": "3320352", "incomeBeforeTax": "7343066", "incomeTaxExpense": "3027071", "interestAndDebtExpense": "None", "netIncomeFromContinuingOperations": "None", "comprehensiveIncomeNetOfTax": "None", "ebit": "7537686", "ebitda": "10858038", "netIncome": "4315995"}, {"fiscalDateEnding": "2009-12-31", "reportedCurrency": "USD", "grossProfit": "26465476", "totalRevenue": "40135704", "costOfRevenue": "13670228", "costofGoodsAndServicesSold": "13670228", "operatingIncome": "5586739", "sellingGeneralAndAdministrative": "10545351", "researchAndDevelopment": "8181532", "operatingExpenses": "18726883", "investmentIncomeNet": "None", "netInterestIncome": "None", "interestIncome": "None", "interestExpense": "4378188", "nonInterestIncome": "None", "otherNonOperatingIncome": "None", "depreciation": "None", "depreciationAndAmortization": "1293468", "incomeBeforeTax": "5512259", "incomeTaxExpense": "1824692", "interestAndDebtExpense": "None", "netIncomeFromContinuingOperations": "None", "comprehensiveIncomeNetOfTax": "None", "ebit": "9890447", "ebitda": "11183915", "netIncome": "3687567"}, {"fiscalDateEnding": "2008-12-31", "reportedCurrency": "USD", "grossProfit": "22591271", "totalRevenue": "35779787", "costOfRevenue": "13188516", "costofGoodsAndServicesSold": "13188516", "operatingIncome": "4226729", "sellingGeneralAndAdministrative": "10965493", "researchAndDevelopment": "7399049", "operatingExpenses": "18364542", "investmentIncomeNet": "None", "netInterestIncome": "None", "interestIncome": "None", "interestExpense": "498512", "nonInterestIncome": "None", "otherNonOperatingIncome": "None", "depreciation": "None", "depreciationAndAmortization": "1433012", "incomeBeforeTax": "4725241", "incomeTaxExpense": "1096046", "interestAndDebtExpense": "None", "netIncomeFromContinuingOperations": "None", "comprehensiveIncomeNetOfTax": "None", "ebit": "4226729", "ebitda": "5659741", "netIncome": "3629195"}, {"fiscalDateEnding": "2007-12-31", "reportedCurrency": "USD", "grossProfit": "18948832", "totalRevenue": "30829821", "costOfRevenue": "11880989", "costofGoodsAndServicesSold": "11880989", "operatingIncome": "6587431", "sellingGeneralAndAdministrative": "7996781", "researchAndDevelopment": "4364620", "operatingExpenses": "12361401", "investmentIncomeNet": "None", "netInterestIncome": "None", "interestIncome": "None", "interestExpense": "2100663", "nonInterestIncome": "None", "otherNonOperatingIncome": "None", "depreciation": "None", "depreciationAndAmortization": "818727", "incomeBeforeTax": "8688094", "incomeTaxExpense": "2652840", "interestAndDebtExpense": "None", "netIncomeFromContinuingOperations": "None", "comprehensiveIncomeNetOfTax": "None", "ebit": "6587431", "ebitda": "7406158", "netIncome": "6035254"}, {"fiscalDateEnding": "2006-12-31", "reportedCurrency": "USD", "grossProfit": "15722753", "totalRevenue": "26840614", "costOfRevenue": "11117861", "costofGoodsAndServicesSold": "11117861", "operatingIncome": "5427473", "sellingGeneralAndAdministrative": "6678845", "researchAndDevelopment": "3616435", "operatingExpenses": "10295280", "investmentIncomeNet": "None", "netInterestIncome": "None", "interestIncome": "None", "interestExpense": "2100749", "nonInterestIncome": "None", "otherNonOperatingIncome": "None", "depreciation": "None", "depreciationAndAmortization": "384055", "incomeBeforeTax": "7528222", "incomeTaxExpense": "2924006", "interestAndDebtExpense": "None", "netIncomeFromContinuingOperations": "None", "comprehensiveIncomeNetOfTax": "None", "ebit": "5427473", "ebitda": "5811528", "netIncome": "4604216"}, {"fiscalDateEnding": "2005-12-31", "reportedCurrency": "USD", "grossProfit": "18691000", "totalRevenue": "29835000", "costOfRevenue": "11144000", "costofGoodsAndServicesSold": "11144000", "operatingIncome": "8551000", "sellingGeneralAndAdministrative": "5409000", "researchAndDevelopment": "4731000", "operatingExpenses": "10140000", "investmentIncomeNet": "None", "netInterestIncome": "None", "interestIncome": "None", "interestExpense": "1241000", "nonInterestIncome": "None", "otherNonOperatingIncome": "None", "depreciation": "None", "depreciationAndAmortization": "459000", "incomeBeforeTax": "9792000", "incomeTaxExpense": "3899000", "interestAndDebtExpense": "None", "netIncomeFromContinuingOperations": "None", "comprehensiveIncomeNetOfTax": "None", "ebit": "8551000", "ebitda": "9010000", "netIncome": "5893000"}], "quarterlyReports": [{"fiscalDateEnding": "2025-09-30", "reportedCurrency": "USD", "grossProfit": "15584000", "totalRevenue": "27817000", "costOfRevenue": "12233000", "costofGoodsAndServicesSold": "12233000", "operatingIncome": "-3233000", "sellingGeneralAndAdministrative": "11871000", "researchAndDevelopment": "6946000", "operatingExpenses": "18817000", "investmentIncomeNet": "None", "netInterestIncome": "997000", "interestIncome": "None", "interestExpense": "1211000", "nonInterestIncome": "None", "otherNonOperatingIncome": "None", "depreciation": "None", "depreciationAndAmortization": "1403000", "incomeBeforeTax": "-2236000", "incomeTaxExpense": "939000", "interestAndDebtExpense": "None", "netIncomeFromContinuingOperations": "-3175000", "comprehensiveIncomeNetOfTax": "None", "ebit": "-2236000", "ebitda": "-833000", "netIncome": "-2329000"}, {"fiscalDateEnding": "2025-06-30", "reportedCurrency": "USD", "grossProfit": "14363000", "totalRevenue": "28219000", "costOfRevenue": "13856000", "costofGoodsAndServicesSold": "13856000", "operatingIncome": "-4180000", "sellingGeneralAndAdministrative": "12230000", "researchAndDevelopment": "6313000", "operatingExpenses": "18543000", "investmentIncomeNet": "None", "netInterestIncome": "214000", "interestIncome": "214000", "interestExpense": "629000", "nonInterestIncome": "None", "otherNonOperatingIncome": "None", "depreciation": "None", "depreciationAndAmortization": "1416000", "incomeBeforeTax": "-3966000", "incomeTaxExpense": "681000", "interestAndDebtExpense": "None", "netIncomeFromContinuingOperations": "-4647000", "comprehensiveIncomeNetOfTax": "None", "ebit": "-4180000", "ebitda": "-2764000", "netIncome": "-3970000"}, {"fiscalDateEnding": "2025-03-31", "reportedCurrency": "USD", "grossProfit": "14681000", "totalRevenue": "26168000", "costOfRevenue": "11487000", "costofGoodsAndServicesSold": "11487000", "operatingIncome": "-4284000", "sellingGeneralAndAdministrative": "12906000", "researchAndDevelopment": "6059000", "operatingExpenses": "18965000", "investmentIncomeNet": "None", "netInterestIncome": "415000", "interestIncome": "None", "interestExpense": "415000", "nonInterestIncome": "None", "otherNonOperatingIncome": "None", "depreciation": "None", "depreciationAndAmortization": "1592000", "incomeBeforeTax": "-3869000", "incomeTaxExpense": "89000", "interestAndDebtExpense": "None", "netIncomeFromContinuingOperations": "-3958000", "comprehensiveIncomeNetOfTax": "None", "ebit": "-4284000", "ebitda": "-2692000", "netIncome": "-4873000"}, {"fiscalDateEnding": "2024-12-31", "reportedCurrency": "USD", "grossProfit": "22565000", "totalRevenue": "-1290000", "costOfRevenue": "-23855000", "costofGoodsAndServicesSold": "-23855000", "operatingIncome": "27818000", "sellingGeneralAndAdministrative": "4890000", "researchAndDevelopment": "2738000", "operatingExpenses": "-5253000", "investmentIncomeNet": "None", "netInterestIncome": "744000", "interestIncome": "None", "interestExpense": "None", "nonInterestIncome": "None", "otherNonOperatingIncome": "None", "depreciation": "None", "depreciationAndAmortization": "1812000", "incomeBeforeTax": "28562000", "incomeTaxExpense": "2870000", "interestAndDebtExpense": "None", "netIncomeFromContinuingOperations": "25692000", "comprehensiveIncomeNetOfTax": "None", "ebit": "24717000", "ebitda": "26529000", "netIncome": "-21865000"}, {"fiscalDateEnding": "2024-09-30", "reportedCurrency": "USD", "grossProfit": "1440000", "totalRevenue": "38753000", "costOfRevenue": "37313000", "costofGoodsAndServicesSold": "37313000", "operatingIncome": "-28017000", "sellingGeneralAndAdministrative": "19112000", "researchAndDevelopment": "7244000", "operatingExpenses": "29457000", "investmentIncomeNet": "None", "netInterestIncome": "406000", "interestIncome": "406000", "interestExpense": "None", "nonInterestIncome": "None", "otherNonOperatingIncome": "None", "depreciation": "None", "depreciationAndAmortization": "2188000", "incomeBeforeTax": "-27611000", "incomeTaxExpense": "2307000", "interestAndDebtExpense": "None", "netIncomeFromContinuingOperations": "-29918000", "comprehensiveIncomeNetOfTax": "None", "ebit": "-27611000", "ebitda": "-25423000", "netIncome": "-29918000"}, {"fiscalDateEnding": "2024-06-30", "reportedCurrency": "USD", "grossProfit": "20489000", "totalRevenue": "30724000", "costOfRevenue": "10235000", "costofGoodsAndServicesSold": "10235000", "operatingIncome": "-1810000", "sellingGeneralAndAdministrative": "19806000", "researchAndDevelopment": "6682000", "operatingExpenses": "22299000", "investmentIncomeNet": "None", "netInterestIncome": "595000", "interestIncome": "595000", "interestExpense": "None", "nonInterestIncome": "None", "otherNonOperatingIncome": "None", "depreciation": "None", "depreciationAndAmortization": "2058000", "incomeBeforeTax": "-1215000", "incomeTaxExpense": "1326000", "interestAndDebtExpense": "None", "netIncomeFromContinuingOperations": "-88000", "comprehensiveIncomeNetOfTax": "None", "ebit": "-1810000", "ebitda": "248000", "netIncome": "-88000"}, {"fiscalDateEnding": "2024-03-31", "reportedCurrency": "USD", "grossProfit": "24628000", "totalRevenue": "40523000", "costOfRevenue": "15895000", "costofGoodsAndServicesSold": "15895000", "operatingIncome": "-5063000", "sellingGeneralAndAdministrative": "21527000", "researchAndDevelopment": "8164000", "operatingExpenses": "29691000", "investmentIncomeNet": "None", "netInterestIncome": "592000", "interestIncome": "None", "interestExpense": "592000", "nonInterestIncome": "None", "otherNonOperatingIncome": "None", "depreciation": "None", "depreciationAndAmortization": "2599000", "incomeBeforeTax": "-4471000", "incomeTaxExpense": "43000", "interestAndDebtExpense": "None", "netIncomeFromContinuingOperations": "-4514000", "comprehensiveIncomeNetOfTax": "None", "ebit": "-4471000", "ebitda": "-1872000", "netIncome": "-4514000"}, {"fiscalDateEnding": "2023-12-31", "reportedCurrency": "USD", "grossProfit": "26329000", "totalRevenue": "42971000", "costOfRevenue": "16642000", "costofGoodsAndServicesSold": "16642000", "operatingIncome": "-63781000", "sellingGeneralAndAdministrative": "20335000", "researchAndDevelopment": "7585000", "operatingExpenses": "90110000", "investmentIncomeNet": "None", "netInterestIncome": "577000", "interestIncome": "None", "interestExpense": "1212000", "nonInterestIncome": "None", "otherNonOperatingIncome": "None", "depreciation": "None", "depreciationAndAmortization": "3574000", "incomeBeforeTax": "-63204000", "incomeTaxExpense": "-204000", "interestAndDebtExpense": "None", "netIncomeFromContinuingOperations": "-63000000", "comprehensiveIncomeNetOfTax": "None", "ebit": "-1591000", "ebitda": "1983000", "netIncome": "-63000000"}, {"fiscalDateEnding": "2023-09-30", "reportedCurrency": "USD", "grossProfit": "24944000", "totalRevenue": "41465000", "costOfRevenue": "16521000", "costofGoodsAndServicesSold": "16521000", "operatingIncome": "-7674000", "sellingGeneralAndAdministrative": "24827000", "researchAndDevelopment": "7791000", "operatingExpenses": "32618000", "investmentIncomeNet": "None", "netInterestIncome": "635000", "interestIncome": "635000", "interestExpense": "None", "nonInterestIncome": "None", "otherNonOperatingIncome": "None", "depreciation": "None", "depreciationAndAmortization": "3542000", "incomeBeforeTax": "-7039000", "incomeTaxExpense": "-463000", "interestAndDebtExpense": "None", "netIncomeFromContinuingOperations": "-6576000", "comprehensiveIncomeNetOfTax": "None", "ebit": "-7674000", "ebitda": "-4132000", "netIncome": "-6576000"}, {"fiscalDateEnding": "2023-06-30", "reportedCurrency": "USD", "grossProfit": "28972000", "totalRevenue": "44302000", "costOfRevenue": "15330000", "costofGoodsAndServicesSold": "15330000", "operatingIncome": "-3631000", "sellingGeneralAndAdministrative": "23689000", "researchAndDevelopment": "8914000", "operatingExpenses": "32603000", "investmentIncomeNet": "None", "netInterestIncome": "561000", "interestIncome": "None", "interestExpense": "561000", "nonInterestIncome": "None", "otherNonOperatingIncome": "None", "depreciation": "None", "depreciationAndAmortization": "3550000", "incomeBeforeTax": "-3070000", "incomeTaxExpense": "-329000", "interestAndDebtExpense": "None", "netIncomeFromContinuingOperations": "-2741000", "comprehensiveIncomeNetOfTax": "None", "ebit": "-3631000", "ebitda": "-81000", "netIncome": "-2741000"}, {"fiscalDateEnding": "2023-03-31", "reportedCurrency": "USD", "grossProfit": "22843000", "totalRevenue": "37924000", "costOfRevenue": "15081000", "costofGoodsAndServicesSold": "15081000", "operatingIncome": "-12553000", "sellingGeneralAndAdministrative": "26996000", "researchAndDevelopment": "8400000", "operatingExpenses": "35396000", "investmentIncomeNet": "None", "netInterestIncome": "539000", "interestIncome": "None", "interestExpense": "539000", "nonInterestIncome": "None", "otherNonOperatingIncome": "None", "depreciation": "None", "depreciationAndAmortization": "3551000", "incomeBeforeTax": "-12014000", "incomeTaxExpense": "-1664000", "interestAndDebtExpense": "None", "netIncomeFromContinuingOperations": "-10350000", "comprehensiveIncomeNetOfTax": "None", "ebit": "-12553000", "ebitda": "-9002000", "netIncome": "-10350000"}, {"fiscalDateEnding": "2022-12-31", "reportedCurrency": "USD", "grossProfit": "24131000", "totalRevenue": "39622000", "costOfRevenue": "15491000", "costofGoodsAndServicesSold": "15491000", "operatingIncome": "-6667000", "sellingGeneralAndAdministrative": "23049000", "researchAndDevelopment": "7749000", "operatingExpenses": "30798000", "investmentIncomeNet": "None", "netInterestIncome": "276000", "interestIncome": "None", "interestExpense": "276000", "nonInterestIncome": "None", "otherNonOperatingIncome": "None", "depreciation": "None", "depreciationAndAmortization": "3666000", "incomeBeforeTax": "-6391000", "incomeTaxExpense": "-1483000", "interestAndDebtExpense": "None", "netIncomeFromContinuingOperations": "-4908000", "comprehensiveIncomeNetOfTax": "None", "ebit": "-6667000", "ebitda": "-3001000", "netIncome": "-4908000"}, {"fiscalDateEnding": "2022-09-30", "reportedCurrency": "USD", "grossProfit": "22779000", "totalRevenue": "40264000", "costOfRevenue": "17485000", "costofGoodsAndServicesSold": "17485000", "operatingIncome": "-5798000", "sellingGeneralAndAdministrative": "21276000", "researchAndDevelopment": "7301000", "operatingExpenses": "28577000", "investmentIncomeNet": "None", "netInterestIncome": "436000", "interestIncome": "None", "interestExpense": "436000", "nonInterestIncome": "None", "otherNonOperatingIncome": "None", "depreciation": "None", "depreciationAndAmortization": "3495000", "incomeBeforeTax": "-5362000", "incomeTaxExpense": "-1187000", "interestAndDebtExpense": "None", "netIncomeFromContinuingOperations": "-4175000", "comprehensiveIncomeNetOfTax": "None", "ebit": "-5798000", "ebitda": "-2303000", "netIncome": "-4175000"}, {"fiscalDateEnding": "2022-06-30", "reportedCurrency": "USD", "grossProfit": "24862000", "totalRevenue": "39657000", "costOfRevenue": "14795000", "costofGoodsAndServicesSold": "14795000", "operatingIncome": "-3381000", "sellingGeneralAndAdministrative": "21268000", "researchAndDevelopment": "6975000", "operatingExpenses": "28243000", "investmentIncomeNet": "None", "netInterestIncome": "96000", "interestIncome": "None", "interestExpense": "96000", "nonInterestIncome": "None", "otherNonOperatingIncome": "None", "depreciation": "None", "depreciationAndAmortization": "3709000", "incomeBeforeTax": "-3285000", "incomeTaxExpense": "-442000", "interestAndDebtExpense": "None", "netIncomeFromContinuingOperations": "-2843000", "comprehensiveIncomeNetOfTax": "None", "ebit": "-3381000", "ebitda": "328000", "netIncome": "-2843000"}, {"fiscalDateEnding": "2022-03-31", "reportedCurrency": "USD", "grossProfit": "21804000", "totalRevenue": "36693000", "costOfRevenue": "14889000", "costofGoodsAndServicesSold": "14889000", "operatingIncome": "-3554000", "sellingGeneralAndAdministrative": "19201000", "researchAndDevelopment": "6157000", "operatingExpenses": "25358000", "investmentIncomeNet": "None", "netInterestIncome": "-154000", "interestIncome": "None", "interestExpense": "154000", "nonInterestIncome": "None", "otherNonOperatingIncome": "None", "depreciation": "None", "depreciationAndAmortization": "3617000", "incomeBeforeTax": "-3708000", "incomeTaxExpense": "-775000", "interestAndDebtExpense": "None", "netIncomeFromContinuingOperations": "-2933000", "comprehensiveIncomeNetOfTax": "None", "ebit": "-3554000", "ebitda": "63000", "netIncome": "-2933000"}, {"fiscalDateEnding": "2021-12-31", "reportedCurrency": "USD", "grossProfit": "18134000", "totalRevenue": "35821000", "costOfRevenue": "17687000", "costofGoodsAndServicesSold": "17687000", "operatingIncome": "-9123000", "sellingGeneralAndAdministrative": "21257000", "researchAndDevelopment": "6000000", "operatingExpenses": "27257000", "investmentIncomeNet": "None", "netInterestIncome": "-47000", "interestIncome": "None", "interestExpense": "47000", "nonInterestIncome": "None", "otherNonOperatingIncome": "None", "depreciation": "None", "depreciationAndAmortization": "3730000", "incomeBeforeTax": "-9170000", "incomeTaxExpense": "-3377000", "interestAndDebtExpense": "None", "netIncomeFromContinuingOperations": "-5793000", "comprehensiveIncomeNetOfTax": "None", "ebit": "-8298000", "ebitda": "-4568000", "netIncome": "-5793000"}, {"fiscalDateEnding": "2021-09-30", "reportedCurrency": "USD", "grossProfit": "23023000", "totalRevenue": "39536000", "costOfRevenue": "16513000", "costofGoodsAndServicesSold": "16513000", "operatingIncome": "1300000", "sellingGeneralAndAdministrative": "14050000", "researchAndDevelopment": "7673000", "operatingExpenses": "21723000", "investmentIncomeNet": "None", "netInterestIncome": "-48000", "interestIncome": "None", "interestExpense": "48000", "nonInterestIncome": "None", "otherNonOperatingIncome": "None", "depreciation": "None", "depreciationAndAmortization": "3576000", "incomeBeforeTax": "1252000", "incomeTaxExpense": "694000", "interestAndDebtExpense": "None", "netIncomeFromContinuingOperations": "558000", "comprehensiveIncomeNetOfTax": "None", "ebit": "-2150000", "ebitda": "1426000", "netIncome": "558000"}, {"fiscalDateEnding": "2021-06-30", "reportedCurrency": "USD", "grossProfit": "20812000", "totalRevenue": "38145000", "costOfRevenue": "17333000", "costofGoodsAndServicesSold": "17333000", "operatingIncome": "9180000", "sellingGeneralAndAdministrative": "17989000", "researchAndDevelopment": "7293000", "operatingExpenses": "11632000", "investmentIncomeNet": "None", "netInterestIncome": "-50000", "interestIncome": "None", "interestExpense": "50000", "nonInterestIncome": "None", "otherNonOperatingIncome": "None", "depreciation": "None", "depreciationAndAmortization": "3503000", "incomeBeforeTax": "9130000", "incomeTaxExpense": "2599000", "interestAndDebtExpense": "None", "netIncomeFromContinuingOperations": "6531000", "comprehensiveIncomeNetOfTax": "None", "ebit": "-4470000", "ebitda": "-967000", "netIncome": "6531000"}, {"fiscalDateEnding": "2021-03-31", "reportedCurrency": "USD", "grossProfit": "20974000", "totalRevenue": "34292000", "costOfRevenue": "13318000", "costofGoodsAndServicesSold": "13318000", "operatingIncome": "1258000", "sellingGeneralAndAdministrative": "15179000", "researchAndDevelopment": "6361000", "operatingExpenses": "19716000", "investmentIncomeNet": "None", "netInterestIncome": "-43000", "interestIncome": "None", "interestExpense": "43000", "nonInterestIncome": "None", "otherNonOperatingIncome": "None", "depreciation": "None", "depreciationAndAmortization": "3508000", "incomeBeforeTax": "1215000", "incomeTaxExpense": "-1623000", "interestAndDebtExpense": "None", "netIncomeFromContinuingOperations": "2838000", "comprehensiveIncomeNetOfTax": "None", "ebit": "-3562000", "ebitda": "-54000", "netIncome": "2838000"}, {"fiscalDateEnding": "2020-12-31", "reportedCurrency": "USD", "grossProfit": "16744000", "totalRevenue": "32688000", "costOfRevenue": "15944000", "costofGoodsAndServicesSold": "15944000", "operatingIncome": "-17953000", "sellingGeneralAndAdministrative": "15179000", "researchAndDevelopment": "7632000", "operatingExpenses": "34697000", "investmentIncomeNet": "None", "netInterestIncome": "-185000", "interestIncome": "None", "interestExpense": "300000", "nonInterestIncome": "None", "otherNonOperatingIncome": "None", "depreciation": "None", "depreciationAndAmortization": "3501000", "incomeBeforeTax": "-18137000", "incomeTaxExpense": "-2481000", "interestAndDebtExpense": "None", "netIncomeFromContinuingOperations": "-15656000", "comprehensiveIncomeNetOfTax": "None", "ebit": "-6067000", "ebitda": "-2566000", "netIncome": "-15656000"}, {"fiscalDateEnding": "2020-09-30", "reportedCurrency": "USD", "grossProfit": "17343000", "totalRevenue": "31694000", "costOfRevenue": "14351000", "costofGoodsAndServicesSold": "14351000", "operatingIncome": "-7927000", "sellingGeneralAndAdministrative": "15903000", "researchAndDevelopment": "5217000", "operatingExpenses": "25270000", "investmentIncomeNet": "None", "netInterestIncome": "-228000", "interestIncome": "None", "interestExpense": "300000", "nonInterestIncome": "None", "otherNonOperatingIncome": "None", "depreciation": "None", "depreciationAndAmortization": "3504000", "incomeBeforeTax": "-8155000", "incomeTaxExpense": "-1744000", "interestAndDebtExpense": "None", "netIncomeFromContinuingOperations": "-6411000", "comprehensiveIncomeNetOfTax": "None", "ebit": "-3777000", "ebitda": "-273000", "netIncome": "-6411000"}, {"fiscalDateEnding": "2020-06-30", "reportedCurrency": "USD", "grossProfit": "13742000", "totalRevenue": "30678000", "costOfRevenue": "16936000", "costofGoodsAndServicesSold": "16936000", "operatingIncome": "-9536000", "sellingGeneralAndAdministrative": "14550000", "researchAndDevelopment": "4532000", "operatingExpenses": "23278000", "investmentIncomeNet": "None", "netInterestIncome": "-169000", "interestIncome": "None", "interestExpense": "200000", "nonInterestIncome": "None", "otherNonOperatingIncome": "None", "depreciation": "None", "depreciationAndAmortization": "3698000", "incomeBeforeTax": "-9705000", "incomeTaxExpense": "-1997000", "interestAndDebtExpense": "None", "netIncomeFromContinuingOperations": "-7708000", "comprehensiveIncomeNetOfTax": "None", "ebit": "-5340000", "ebitda": "-1642000", "netIncome": "-7708000"}, {"fiscalDateEnding": "2020-03-31", "reportedCurrency": "USD", "grossProfit": "21197000", "totalRevenue": "35397000", "costOfRevenue": "14200000", "costofGoodsAndServicesSold": "14200000", "operatingIncome": "7094000", "sellingGeneralAndAdministrative": "14431000", "researchAndDevelopment": "6050000", "operatingExpenses": "14103000", "investmentIncomeNet": "None", "netInterestIncome": "279000", "interestIncome": "279000", "interestExpense": "279000", "nonInterestIncome": "None", "otherNonOperatingIncome": "None", "depreciation": "None", "depreciationAndAmortization": "2761000", "incomeBeforeTax": "7373000", "incomeTaxExpense": "1580000", "interestAndDebtExpense": "None", "netIncomeFromContinuingOperations": "5793000", "comprehensiveIncomeNetOfTax": "None", "ebit": "716000", "ebitda": "3477000", "netIncome": "5793000"}, {"fiscalDateEnding": "2019-12-31", "reportedCurrency": "USD", "grossProfit": "21123000", "totalRevenue": "29772000", "costOfRevenue": "8649000", "costofGoodsAndServicesSold": "8649000", "operatingIncome": "4802000", "sellingGeneralAndAdministrative": "12237000", "researchAndDevelopment": "4084000", "operatingExpenses": "16321000", "investmentIncomeNet": "None", "netInterestIncome": "360000", "interestIncome": "360000", "interestExpense": "360000", "nonInterestIncome": "None", "otherNonOperatingIncome": "None", "depreciation": "None", "depreciationAndAmortization": "1532000", "incomeBeforeTax": "5162000", "incomeTaxExpense": "1111000", "interestAndDebtExpense": "None", "netIncomeFromContinuingOperations": "4051000", "comprehensiveIncomeNetOfTax": "None", "ebit": "4802000", "ebitda": "6334000", "netIncome": "4051000"}, {"fiscalDateEnding": "2019-09-30", "reportedCurrency": "USD", "grossProfit": "23746000", "totalRevenue": "29697000", "costOfRevenue": "5951000", "costofGoodsAndServicesSold": "5951000", "operatingIncome": "12049000", "sellingGeneralAndAdministrative": "7539000", "researchAndDevelopment": "4158000", "operatingExpenses": "11697000", "investmentIncomeNet": "None", "netInterestIncome": "482000", "interestIncome": "482000", "interestExpense": "482000", "nonInterestIncome": "None", "otherNonOperatingIncome": "None", "depreciation": "None", "depreciationAndAmortization": "1516000", "incomeBeforeTax": "12531000", "incomeTaxExpense": "3331000", "interestAndDebtExpense": "None", "netIncomeFromContinuingOperations": "9200000", "comprehensiveIncomeNetOfTax": "None", "ebit": "12049000", "ebitda": "13565000", "netIncome": "9200000"}, {"fiscalDateEnding": "2019-06-30", "reportedCurrency": "USD", "grossProfit": "23582000", "totalRevenue": "30418000", "costOfRevenue": "6836000", "costofGoodsAndServicesSold": "6836000", "operatingIncome": "11915000", "sellingGeneralAndAdministrative": "7502000", "researchAndDevelopment": "4165000", "operatingExpenses": "11667000", "investmentIncomeNet": "None", "netInterestIncome": "533000", "interestIncome": "533000", "interestExpense": "533000", "nonInterestIncome": "None", "otherNonOperatingIncome": "None", "depreciation": "None", "depreciationAndAmortization": "1169000", "incomeBeforeTax": "12448000", "incomeTaxExpense": "3013000", "interestAndDebtExpense": "None", "netIncomeFromContinuingOperations": "9435000", "comprehensiveIncomeNetOfTax": "None", "ebit": "12448000", "ebitda": "13617000", "netIncome": "9435000"}, {"fiscalDateEnding": "2019-03-31", "reportedCurrency": "USD", "grossProfit": "17412000", "totalRevenue": "24723000", "costOfRevenue": "7311000", "costofGoodsAndServicesSold": "7311000", "operatingIncome": "5482000", "sellingGeneralAndAdministrative": "7672000", "researchAndDevelopment": "4258000", "operatingExpenses": "11930000", "investmentIncomeNet": "None", "netInterestIncome": "498000", "interestIncome": "498000", "interestExpense": "498000", "nonInterestIncome": "None", "otherNonOperatingIncome": "None", "depreciation": "None", "depreciationAndAmortization": "1774000", "incomeBeforeTax": "5980000", "incomeTaxExpense": "1473000", "interestAndDebtExpense": "None", "netIncomeFromContinuingOperations": "4507000", "comprehensiveIncomeNetOfTax": "None", "ebit": "5980000", "ebitda": "7754000", "netIncome": "4507000"}, {"fiscalDateEnding": "2018-12-31", "reportedCurrency": "USD", "grossProfit": "19955000", "totalRevenue": "26956000", "costOfRevenue": "7001000", "costofGoodsAndServicesSold": "7001000", "operatingIncome": "9762000", "sellingGeneralAndAdministrative": "6129000", "researchAndDevelopment": "4064000", "operatingExpenses": "10193000", "investmentIncomeNet": "None", "netInterestIncome": "None", "interestIncome": "None", "interestExpense": "551000", "nonInterestIncome": "None", "otherNonOperatingIncome": "None", "depreciation": "None", "depreciationAndAmortization": "1477000", "incomeBeforeTax": "10313000", "incomeTaxExpense": "2596000", "interestAndDebtExpense": "None", "netIncomeFromContinuingOperations": "7717000", "comprehensiveIncomeNetOfTax": "None", "ebit": "9762000", "ebitda": "11239000", "netIncome": "7717000"}, {"fiscalDateEnding": "2018-09-30", "reportedCurrency": "USD", "grossProfit": "18505000", "totalRevenue": "26787000", "costOfRevenue": "8282000", "costofGoodsAndServicesSold": "8282000", "operatingIncome": "8573000", "sellingGeneralAndAdministrative": "5700000", "researchAndDevelopment": "4232000", "operatingExpenses": "9932000", "investmentIncomeNet": "None", "netInterestIncome": "None", "interestIncome": "None", "interestExpense": "522000", "nonInterestIncome": "None", "otherNonOperatingIncome": "None", "depreciation": "None", "depreciationAndAmortization": "1513000", "incomeBeforeTax": "9095000", "incomeTaxExpense": "1496000", "interestAndDebtExpense": "None", "netIncomeFromContinuingOperations": "7599000", "comprehensiveIncomeNetOfTax": "None", "ebit": "8573000", "ebitda": "10086000", "netIncome": "7599000"}, {"fiscalDateEnding": "2018-06-30", "reportedCurrency": "USD", "grossProfit": "22396000", "totalRevenue": "30548000", "costOfRevenue": "8152000", "costofGoodsAndServicesSold": "8152000", "operatingIncome": "11246000", "sellingGeneralAndAdministrative": "6417000", "researchAndDevelopment": "4733000", "operatingExpenses": "11150000", "investmentIncomeNet": "None", "netInterestIncome": "None", "interestIncome": "None", "interestExpense": "290000", "nonInterestIncome": "None", "otherNonOperatingIncome": "None", "depreciation": "None", "depreciationAndAmortization": "1447000", "incomeBeforeTax": "11536000", "incomeTaxExpense": "1445000", "interestAndDebtExpense": "None", "netIncomeFromContinuingOperations": "10092000", "comprehensiveIncomeNetOfTax": "None", "ebit": "11246000", "ebitda": "12693000", "netIncome": "10091000"}, {"fiscalDateEnding": "2018-03-31", "reportedCurrency": "USD", "grossProfit": "13419000", "totalRevenue": "21264000", "costOfRevenue": "7845000", "costofGoodsAndServicesSold": "7845000", "operatingIncome": "-7832000", "sellingGeneralAndAdministrative": "16090000", "researchAndDevelopment": "5161000", "operatingExpenses": "21251000", "investmentIncomeNet": "None", "netInterestIncome": "None", "interestIncome": "None", "interestExpense": "95000", "nonInterestIncome": "None", "otherNonOperatingIncome": "None", "depreciation": "None", "depreciationAndAmortization": "1473000", "incomeBeforeTax": "-7737000", "incomeTaxExpense": "-1051000", "interestAndDebtExpense": "None", "netIncomeFromContinuingOperations": "-6686000", "comprehensiveIncomeNetOfTax": "None", "ebit": "-7737000", "ebitda": "-6264000", "netIncome": "-6686000"}, {"fiscalDateEnding": "2017-12-31", "reportedCurrency": "USD", "grossProfit": "20672000", "totalRevenue": "29388000", "costOfRevenue": "8716000", "costofGoodsAndServicesSold": "8716000", "operatingIncome": "9728000", "sellingGeneralAndAdministrative": "6678000", "researchAndDevelopment": "4266000", "operatingExpenses": "10944000", "investmentIncomeNet": "None", "netInterestIncome": "None", "interestIncome": "None", "interestExpense": "138000", "nonInterestIncome": "None", "otherNonOperatingIncome": "None", "depreciation": "None", "depreciationAndAmortization": "1066000", "incomeBeforeTax": "9866000", "incomeTaxExpense": "1799000", "interestAndDebtExpense": "None", "netIncomeFromContinuingOperations": "8067000", "comprehensiveIncomeNetOfTax": "None", "ebit": "9728000", "ebitda": "10794000", "netIncome": "8067000"}, {"fiscalDateEnding": "2017-09-30", "reportedCurrency": "USD", "grossProfit": "20934000", "totalRevenue": "27184000", "costOfRevenue": "6250000", "costofGoodsAndServicesSold": "6250000", "operatingIncome": "10269000", "sellingGeneralAndAdministrative": "4823000", "researchAndDevelopment": "5842000", "operatingExpenses": "10665000", "investmentIncomeNet": "None", "netInterestIncome": "None", "interestIncome": "None", "interestExpense": "261000", "nonInterestIncome": "None", "otherNonOperatingIncome": "None", "depreciation": "None", "depreciationAndAmortization": "1202000", "incomeBeforeTax": "10530000", "incomeTaxExpense": "3643000", "interestAndDebtExpense": "None", "netIncomeFromContinuingOperations": "6887000", "comprehensiveIncomeNetOfTax": "None", "ebit": "10269000", "ebitda": "11471000", "netIncome": "6887000"}, {"fiscalDateEnding": "2017-06-30", "reportedCurrency": "USD", "grossProfit": "27147000", "totalRevenue": "33462000", "costOfRevenue": "6315000", "costofGoodsAndServicesSold": "6315000", "operatingIncome": "17726000", "sellingGeneralAndAdministrative": "4972000", "researchAndDevelopment": "4449000", "operatingExpenses": "9421000", "investmentIncomeNet": "None", "netInterestIncome": "None", "interestIncome": "None", "interestExpense": "16000", "nonInterestIncome": "None", "otherNonOperatingIncome": "None", "depreciation": "None", "depreciationAndAmortization": "1008000", "incomeBeforeTax": "17742000", "incomeTaxExpense": "6373000", "interestAndDebtExpense": "None", "netIncomeFromContinuingOperations": "11369000", "comprehensiveIncomeNetOfTax": "None", "ebit": "17726000", "ebitda": "18734000", "netIncome": "11369000"}, {"fiscalDateEnding": "2017-03-31", "reportedCurrency": "USD", "grossProfit": "17303000", "totalRevenue": "23386000", "costOfRevenue": "6083000", "costofGoodsAndServicesSold": "6083000", "operatingIncome": "8006000", "sellingGeneralAndAdministrative": "5067000", "researchAndDevelopment": "4230000", "operatingExpenses": "9297000", "investmentIncomeNet": "None", "netInterestIncome": "None", "interestIncome": "None", "interestExpense": "58000", "nonInterestIncome": "None", "otherNonOperatingIncome": "None", "depreciation": "None", "depreciationAndAmortization": "1014000", "incomeBeforeTax": "8064000", "incomeTaxExpense": "2571000", "interestAndDebtExpense": "None", "netIncomeFromContinuingOperations": "5493000", "comprehensiveIncomeNetOfTax": "None", "ebit": "8006000", "ebitda": "9020000", "netIncome": "5493000"}, {"fiscalDateEnding": "2016-12-31", "reportedCurrency": "USD", "grossProfit": "21187000", "totalRevenue": "28726000", "costOfRevenue": "7539000", "costofGoodsAndServicesSold": "7539000", "operatingIncome": "12740000", "sellingGeneralAndAdministrative": "5488000", "researchAndDevelopment": "2959000", "operatingExpenses": "8447000", "investmentIncomeNet": "None", "netInterestIncome": "None", "interestIncome": "None", "interestExpense": "49000", "nonInterestIncome": "None", "otherNonOperatingIncome": "None", "depreciation": "None", "depreciationAndAmortization": "957000", "incomeBeforeTax": "12789000", "incomeTaxExpense": "4704000", "interestAndDebtExpense": "None", "netIncomeFromContinuingOperations": "8085000", "comprehensiveIncomeNetOfTax": "None", "ebit": "12740000", "ebitda": "13697000", "netIncome": "8085000"}, {"fiscalDateEnding": "2016-09-30", "reportedCurrency": "USD", "grossProfit": "20791000", "totalRevenue": "25789000", "costOfRevenue": "4998000", "costofGoodsAndServicesSold": "4998000", "operatingIncome": "13689000", "sellingGeneralAndAdministrative": "4280000", "researchAndDevelopment": "2822000", "operatingExpenses": "7102000", "investmentIncomeNet": "None", "netInterestIncome": "None", "interestIncome": "None", "interestExpense": "93000", "nonInterestIncome": "None", "otherNonOperatingIncome": "None", "depreciation": "None", "depreciationAndAmortization": "876000", "incomeBeforeTax": "13782000", "incomeTaxExpense": "4830000", "interestAndDebtExpense": "None", "netIncomeFromContinuingOperations": "8952000", "comprehensiveIncomeNetOfTax": "None", "ebit": "13689000", "ebitda": "14565000", "netIncome": "8952000"}, {"fiscalDateEnding": "2016-06-30", "reportedCurrency": "USD", "grossProfit": "20516000", "totalRevenue": "26581000", "costOfRevenue": "6065000", "costofGoodsAndServicesSold": "6065000", "operatingIncome": "13469000", "sellingGeneralAndAdministrative": "4255000", "researchAndDevelopment": "2792000", "operatingExpenses": "7047000", "investmentIncomeNet": "None", "netInterestIncome": "None", "interestIncome": "None", "interestExpense": "49000", "nonInterestIncome": "None", "otherNonOperatingIncome": "None", "depreciation": "None", "depreciationAndAmortization": "959000", "incomeBeforeTax": "13518000", "incomeTaxExpense": "4903000", "interestAndDebtExpense": "None", "netIncomeFromContinuingOperations": "8615000", "comprehensiveIncomeNetOfTax": "None", "ebit": "13469000", "ebitda": "14428000", "netIncome": "8615000"}, {"fiscalDateEnding": "2016-03-31", "reportedCurrency": "USD", "grossProfit": "16858000", "totalRevenue": "22283000", "costOfRevenue": "5425000", "costofGoodsAndServicesSold": "5425000", "operatingIncome": "10709000", "sellingGeneralAndAdministrative": "3990000", "researchAndDevelopment": "2159000", "operatingExpenses": "6149000", "investmentIncomeNet": "None", "netInterestIncome": "None", "interestIncome": "None", "interestExpense": "72000", "nonInterestIncome": "None", "otherNonOperatingIncome": "None", "depreciation": "None", "depreciationAndAmortization": "942000", "incomeBeforeTax": "10781000", "incomeTaxExpense": "3886000", "interestAndDebtExpense": "None", "netIncomeFromContinuingOperations": "6895000", "comprehensiveIncomeNetOfTax": "None", "ebit": "10709000", "ebitda": "11651000", "netIncome": "6895000"}, {"fiscalDateEnding": "2015-12-31", "reportedCurrency": "USD", "grossProfit": "24604000", "totalRevenue": "30894000", "costOfRevenue": "6290000", "costofGoodsAndServicesSold": "6290000", "operatingIncome": "17064000", "sellingGeneralAndAdministrative": "4523114", "researchAndDevelopment": "3016000", "operatingExpenses": "7540000", "investmentIncomeNet": "None", "netInterestIncome": "None", "interestIncome": "None", "interestExpense": "38703", "nonInterestIncome": "None", "otherNonOperatingIncome": "None", "depreciation": "None", "depreciationAndAmortization": "974842", "incomeBeforeTax": "17103000", "incomeTaxExpense": "6061000", "interestAndDebtExpense": "None", "netIncomeFromContinuingOperations": "11043021", "comprehensiveIncomeNetOfTax": "None", "ebit": "17065737", "ebitda": "18040579", "netIncome": "11042000"}, {"fiscalDateEnding": "2015-09-30", "reportedCurrency": "USD", "grossProfit": "18505534", "totalRevenue": "23681257", "costOfRevenue": "5175723", "costofGoodsAndServicesSold": "5175723", "operatingIncome": "13135114", "sellingGeneralAndAdministrative": "3308731", "researchAndDevelopment": "2061689", "operatingExpenses": "5370420", "investmentIncomeNet": "None", "netInterestIncome": "None", "interestIncome": "None", "interestExpense": "33667", "nonInterestIncome": "None", "otherNonOperatingIncome": "None", "depreciation": "None", "depreciationAndAmortization": "973088", "incomeBeforeTax": "13168781", "incomeTaxExpense": "4788916", "interestAndDebtExpense": "None", "netIncomeFromContinuingOperations": "8379865", "comprehensiveIncomeNetOfTax": "None", "ebit": "12162026", "ebitda": "13135114", "netIncome": "8379865"}, {"fiscalDateEnding": "2015-06-30", "reportedCurrency": "USD", "grossProfit": "17629502", "totalRevenue": "22903561", "costOfRevenue": "5274059", "costofGoodsAndServicesSold": "5274059", "operatingIncome": "12428688", "sellingGeneralAndAdministrative": "3388494", "researchAndDevelopment": "1812320", "operatingExpenses": "5200814", "investmentIncomeNet": "None", "netInterestIncome": "None", "interestIncome": "None", "interestExpense": "23907", "nonInterestIncome": "None", "otherNonOperatingIncome": "None", "depreciation": "None", "depreciationAndAmortization": "913211", "incomeBeforeTax": "12452595", "incomeTaxExpense": "4633038", "interestAndDebtExpense": "None", "netIncomeFromContinuingOperations": "7819557", "comprehensiveIncomeNetOfTax": "None", "ebit": "11515477", "ebitda": "12428688", "netIncome": "7819557"}, {"fiscalDateEnding": "2015-03-31", "reportedCurrency": "USD", "grossProfit": "11206884", "totalRevenue": "15520324", "costOfRevenue": "4313440", "costofGoodsAndServicesSold": "4313440", "operatingIncome": "5504461", "sellingGeneralAndAdministrative": "3604661", "researchAndDevelopment": "2097762", "operatingExpenses": "5702423", "investmentIncomeNet": "None", "netInterestIncome": "None", "interestIncome": "None", "interestExpense": "23723", "nonInterestIncome": "None", "otherNonOperatingIncome": "None", "depreciation": "None", "depreciationAndAmortization": "913859", "incomeBeforeTax": "5528184", "incomeTaxExpense": "2012627", "interestAndDebtExpense": "None", "netIncomeFromContinuingOperations": "3515557", "comprehensiveIncomeNetOfTax": "None", "ebit": "5504461", "ebitda": "6418320", "netIncome": "3515557"}, {"fiscalDateEnding": "2014-12-31", "reportedCurrency": "USD", "grossProfit": "17742883", "totalRevenue": "23254469", "costOfRevenue": "5511586", "costofGoodsAndServicesSold": "5511586", "operatingIncome": "12087385", "sellingGeneralAndAdministrative": "3672086", "researchAndDevelopment": "1983412", "operatingExpenses": "5655498", "investmentIncomeNet": "None", "netInterestIncome": "None", "interestIncome": "None", "interestExpense": "41798", "nonInterestIncome": "None", "otherNonOperatingIncome": "None", "depreciation": "None", "depreciationAndAmortization": "1129161", "incomeBeforeTax": "12129183", "incomeTaxExpense": "4313107", "interestAndDebtExpense": "None", "netIncomeFromContinuingOperations": "7816076", "comprehensiveIncomeNetOfTax": "None", "ebit": "12087385", "ebitda": "13216546", "netIncome": "7816076"}, {"fiscalDateEnding": "2014-09-30", "reportedCurrency": "USD", "grossProfit": "16330623", "totalRevenue": "22055423", "costOfRevenue": "5724800", "costofGoodsAndServicesSold": "5724800", "operatingIncome": "10286218", "sellingGeneralAndAdministrative": "4044538", "researchAndDevelopment": "1999867", "operatingExpenses": "6044405", "investmentIncomeNet": "None", "netInterestIncome": "None", "interestIncome": "None", "interestExpense": "9937", "nonInterestIncome": "None", "otherNonOperatingIncome": "None", "depreciation": "None", "depreciationAndAmortization": "1210030", "incomeBeforeTax": "10296155", "incomeTaxExpense": "4125355", "interestAndDebtExpense": "None", "netIncomeFromContinuingOperations": "6170800", "comprehensiveIncomeNetOfTax": "None", "ebit": "10286218", "ebitda": "11496248", "netIncome": "6170800"}, {"fiscalDateEnding": "2014-06-30", "reportedCurrency": "USD", "grossProfit": "20941747", "totalRevenue": "26274660", "costOfRevenue": "5332913", "costofGoodsAndServicesSold": "5332913", "operatingIncome": "15202713", "sellingGeneralAndAdministrative": "3865876", "researchAndDevelopment": "1873158", "operatingExpenses": "5739034", "investmentIncomeNet": "None", "netInterestIncome": "None", "interestIncome": "None", "interestExpense": "5935", "nonInterestIncome": "None", "otherNonOperatingIncome": "None", "depreciation": "None", "depreciationAndAmortization": "1167612", "incomeBeforeTax": "15208648", "incomeTaxExpense": "5906298", "interestAndDebtExpense": "None", "netIncomeFromContinuingOperations": "9302350", "comprehensiveIncomeNetOfTax": "None", "ebit": "15202713", "ebitda": "16370325", "netIncome": "9302350"}, {"fiscalDateEnding": "2014-03-31", "reportedCurrency": "USD", "grossProfit": "29649268", "totalRevenue": "34010287", "costOfRevenue": "4361019", "costofGoodsAndServicesSold": "4361019", "operatingIncome": "23870568", "sellingGeneralAndAdministrative": "3490985", "researchAndDevelopment": "2287715", "operatingExpenses": "5778700", "investmentIncomeNet": "None", "netInterestIncome": "None", "interestIncome": "None", "interestExpense": "467", "nonInterestIncome": "None", "otherNonOperatingIncome": "None", "depreciation": "None", "depreciationAndAmortization": "1198799", "incomeBeforeTax": "23871035", "incomeTaxExpense": "8840782", "interestAndDebtExpense": "None", "netIncomeFromContinuingOperations": "15030253", "comprehensiveIncomeNetOfTax": "None", "ebit": "23870568", "ebitda": "25069367", "netIncome": "15030253"}, {"fiscalDateEnding": "2013-12-31", "reportedCurrency": "USD", "grossProfit": "15015994", "totalRevenue": "21251328", "costOfRevenue": "6235334", "costofGoodsAndServicesSold": "6235334", "operatingIncome": "10430528", "sellingGeneralAndAdministrative": "2399539", "researchAndDevelopment": "2029901", "operatingExpenses": "4429440", "investmentIncomeNet": "None", "netInterestIncome": "None", "interestIncome": "None", "interestExpense": "330483", "nonInterestIncome": "None", "otherNonOperatingIncome": "None", "depreciation": "None", "depreciationAndAmortization": "1193017", "incomeBeforeTax": "10412097", "incomeTaxExpense": "3757728", "interestAndDebtExpense": "None", "netIncomeFromContinuingOperations": "6654369", "comprehensiveIncomeNetOfTax": "None", "ebit": "10586554", "ebitda": "11779571", "netIncome": "6654369"}, {"fiscalDateEnding": "2013-09-30", "reportedCurrency": "USD", "grossProfit": "12376870", "totalRevenue": "17754438", "costOfRevenue": "5377568", "costofGoodsAndServicesSold": "5377568", "operatingIncome": "7766273", "sellingGeneralAndAdministrative": "3188669", "researchAndDevelopment": "1618012", "operatingExpenses": "4806681", "investmentIncomeNet": "None", "netInterestIncome": "None", "interestIncome": "None", "interestExpense": "32816", "nonInterestIncome": "None", "otherNonOperatingIncome": "None", "depreciation": "None", "depreciationAndAmortization": "1308579", "incomeBeforeTax": "7733457", "incomeTaxExpense": "2776199", "interestAndDebtExpense": "None", "netIncomeFromContinuingOperations": "4957258", "comprehensiveIncomeNetOfTax": "None", "ebit": "7570189", "ebitda": "8878768", "netIncome": "4957258"}, {"fiscalDateEnding": "2013-06-30", "reportedCurrency": "USD", "grossProfit": "14517045", "totalRevenue": "20828377", "costOfRevenue": "6311332", "costofGoodsAndServicesSold": "6311332", "operatingIncome": "9398492", "sellingGeneralAndAdministrative": "3400679", "researchAndDevelopment": "1829052", "operatingExpenses": "5229731", "investmentIncomeNet": "None", "netInterestIncome": "None", "interestIncome": "None", "interestExpense": "36381", "nonInterestIncome": "None", "otherNonOperatingIncome": "None", "depreciation": "None", "depreciationAndAmortization": "1068687", "incomeBeforeTax": "9362111", "incomeTaxExpense": "3467219", "interestAndDebtExpense": "None", "netIncomeFromContinuingOperations": "5894892", "comprehensiveIncomeNetOfTax": "None", "ebit": "9287313", "ebitda": "10356000", "netIncome": "5894892"}, {"fiscalDateEnding": "2013-03-31", "reportedCurrency": "USD", "grossProfit": "10405841", "totalRevenue": "15247011", "costOfRevenue": "4841170", "costofGoodsAndServicesSold": "4841170", "operatingIncome": "5011424", "sellingGeneralAndAdministrative": "3947114", "researchAndDevelopment": "1582910", "operatingExpenses": "5530024", "investmentIncomeNet": "None", "netInterestIncome": "None", "interestIncome": "None", "interestExpense": "39558", "nonInterestIncome": "None", "otherNonOperatingIncome": "None", "depreciation": "None", "depreciationAndAmortization": "1202208", "incomeBeforeTax": "4971866", "incomeTaxExpense": "1903864", "interestAndDebtExpense": "None", "netIncomeFromContinuingOperations": "3068002", "comprehensiveIncomeNetOfTax": "None", "ebit": "4875817", "ebitda": "6078025", "netIncome": "3068002"}, {"fiscalDateEnding": "2012-12-31", "reportedCurrency": "USD", "grossProfit": "15336579", "totalRevenue": "22606465", "costOfRevenue": "7269886", "costofGoodsAndServicesSold": "7269886", "operatingIncome": "7791508", "sellingGeneralAndAdministrative": "3667406", "researchAndDevelopment": "1339677", "operatingExpenses": "5007083", "investmentIncomeNet": "None", "netInterestIncome": "None", "interestIncome": "None", "interestExpense": "2580272", "nonInterestIncome": "None", "otherNonOperatingIncome": "None", "depreciation": "None", "depreciationAndAmortization": "1160815", "incomeBeforeTax": "7749224", "incomeTaxExpense": "3286000", "interestAndDebtExpense": "None", "netIncomeFromContinuingOperations": "4463223", "comprehensiveIncomeNetOfTax": "None", "ebit": "10329496", "ebitda": "11490311", "netIncome": "4463223"}, {"fiscalDateEnding": "2012-09-30", "reportedCurrency": "USD", "grossProfit": "7545583", "totalRevenue": "14766611", "costOfRevenue": "7221028", "costofGoodsAndServicesSold": "7221028", "operatingIncome": "2726760", "sellingGeneralAndAdministrative": "3601737", "researchAndDevelopment": "1217086", "operatingExpenses": "4818823", "investmentIncomeNet": "None", "netInterestIncome": "None", "interestIncome": "None", "interestExpense": "45161", "nonInterestIncome": "None", "otherNonOperatingIncome": "None", "depreciation": "None", "depreciationAndAmortization": "1182303", "incomeBeforeTax": "2681599", "incomeTaxExpense": "1036349", "interestAndDebtExpense": "None", "netIncomeFromContinuingOperations": "1645250", "comprehensiveIncomeNetOfTax": "None", "ebit": "2726760", "ebitda": "3909063", "netIncome": "1645250"}, {"fiscalDateEnding": "2012-06-30", "reportedCurrency": "USD", "grossProfit": "11540543", "totalRevenue": "19624769", "costOfRevenue": "8084226", "costofGoodsAndServicesSold": "8084226", "operatingIncome": "6133870", "sellingGeneralAndAdministrative": "4108503", "researchAndDevelopment": "1298170", "operatingExpenses": "5406673", "investmentIncomeNet": "None", "netInterestIncome": "None", "interestIncome": "None", "interestExpense": "49129", "nonInterestIncome": "None", "otherNonOperatingIncome": "None", "depreciation": "None", "depreciationAndAmortization": "1195216", "incomeBeforeTax": "6084741", "incomeTaxExpense": "2347873", "interestAndDebtExpense": "None", "netIncomeFromContinuingOperations": "3736868", "comprehensiveIncomeNetOfTax": "None", "ebit": "4938654", "ebitda": "6133870", "netIncome": "3736868"}, {"fiscalDateEnding": "2012-03-31", "reportedCurrency": "USD", "grossProfit": "7947179", "totalRevenue": "14360660", "costOfRevenue": "6413481", "costofGoodsAndServicesSold": "6413481", "operatingIncome": "3063060", "sellingGeneralAndAdministrative": "3351016", "researchAndDevelopment": "1533103", "operatingExpenses": "4884119", "investmentIncomeNet": "None", "netInterestIncome": "None", "interestIncome": "None", "interestExpense": "51203", "nonInterestIncome": "None", "otherNonOperatingIncome": "None", "depreciation": "None", "depreciationAndAmortization": "986913", "incomeBeforeTax": "3011857", "incomeTaxExpense": "1099738", "interestAndDebtExpense": "None", "netIncomeFromContinuingOperations": "1912119", "comprehensiveIncomeNetOfTax": "None", "ebit": "2076147", "ebitda": "3063060", "netIncome": "1912119"}, {"fiscalDateEnding": "2011-12-31", "reportedCurrency": "USD", "grossProfit": "11315837", "totalRevenue": "18444287", "costOfRevenue": "7128450", "costofGoodsAndServicesSold": "7128450", "operatingIncome": "4915785", "sellingGeneralAndAdministrative": "4869290", "researchAndDevelopment": "1530762", "operatingExpenses": "6400052", "investmentIncomeNet": "None", "netInterestIncome": "None", "interestIncome": "None", "interestExpense": "49917", "nonInterestIncome": "None", "otherNonOperatingIncome": "None", "depreciation": "None", "depreciationAndAmortization": "1059096", "incomeBeforeTax": "4865868", "incomeTaxExpense": "1982758", "interestAndDebtExpense": "None", "netIncomeFromContinuingOperations": "0", "comprehensiveIncomeNetOfTax": "None", "ebit": "4915785", "ebitda": "5974881", "netIncome": "2883110"}, {"fiscalDateEnding": "2011-09-30", "reportedCurrency": "USD", "grossProfit": "11060895", "totalRevenue": "18455817", "costOfRevenue": "7394922", "costofGoodsAndServicesSold": "7394922", "operatingIncome": "4817362", "sellingGeneralAndAdministrative": "4712178", "researchAndDevelopment": "1531355", "operatingExpenses": "6243533", "investmentIncomeNet": "None", "netInterestIncome": "None", "interestIncome": "None", "interestExpense": "46269", "nonInterestIncome": "None", "otherNonOperatingIncome": "None", "depreciation": "None", "depreciationAndAmortization": "1002468", "incomeBeforeTax": "4771093", "incomeTaxExpense": "1794575", "interestAndDebtExpense": "None", "netIncomeFromContinuingOperations": "2976518", "comprehensiveIncomeNetOfTax": "None", "ebit": "3814894", "ebitda": "4817362", "netIncome": "2976518"}, {"fiscalDateEnding": "2011-06-30", "reportedCurrency": "USD", "grossProfit": "9485048", "totalRevenue": "16140852", "costOfRevenue": "6655804", "costofGoodsAndServicesSold": "6655804", "operatingIncome": "3677577", "sellingGeneralAndAdministrative": "4233316", "researchAndDevelopment": "1574155", "operatingExpenses": "5807471", "investmentIncomeNet": "None", "netInterestIncome": "None", "interestIncome": "None", "interestExpense": "45281", "nonInterestIncome": "None", "otherNonOperatingIncome": "None", "depreciation": "None", "depreciationAndAmortization": "1020417", "incomeBeforeTax": "3632296", "incomeTaxExpense": "1349655", "interestAndDebtExpense": "None", "netIncomeFromContinuingOperations": "2282641", "comprehensiveIncomeNetOfTax": "None", "ebit": "2657160", "ebitda": "3677577", "netIncome": "2282641"}, {"fiscalDateEnding": "2011-03-31", "reportedCurrency": "USD", "grossProfit": "6133117", "totalRevenue": "11737679", "costOfRevenue": "5604562", "costofGoodsAndServicesSold": "5604562", "operatingIncome": "556679", "sellingGeneralAndAdministrative": "4043774", "researchAndDevelopment": "1532664", "operatingExpenses": "5576438", "investmentIncomeNet": "None", "netInterestIncome": "None", "interestIncome": "None", "interestExpense": "40921", "nonInterestIncome": "None", "otherNonOperatingIncome": "None", "depreciation": "None", "depreciationAndAmortization": "920410", "incomeBeforeTax": "515758", "incomeTaxExpense": "191346", "interestAndDebtExpense": "None", "netIncomeFromContinuingOperations": "0", "comprehensiveIncomeNetOfTax": "None", "ebit": "-363731", "ebitda": "556679", "netIncome": "324412"}, {"fiscalDateEnding": "2010-12-31", "reportedCurrency": "USD", "grossProfit": "8018819", "totalRevenue": "14721493", "costOfRevenue": "6702674", "costofGoodsAndServicesSold": "6702674", "operatingIncome": "2478210", "sellingGeneralAndAdministrative": "4152896", "researchAndDevelopment": "1387713", "operatingExpenses": "5540609", "investmentIncomeNet": "None", "netInterestIncome": "None", "interestIncome": "None", "interestExpense": "45525", "nonInterestIncome": "None", "otherNonOperatingIncome": "None", "depreciation": "None", "depreciationAndAmortization": "864651", "incomeBeforeTax": "2432685", "incomeTaxExpense": "1081985", "interestAndDebtExpense": "None", "netIncomeFromContinuingOperations": "0", "comprehensiveIncomeNetOfTax": "None", "ebit": "2478210", "ebitda": "3342861", "netIncome": "1350700"}, {"fiscalDateEnding": "2010-09-30", "reportedCurrency": "USD", "grossProfit": "7760712", "totalRevenue": "13869214", "costOfRevenue": "6108502", "costofGoodsAndServicesSold": "6108502", "operatingIncome": "2077637", "sellingGeneralAndAdministrative": "3908452", "researchAndDevelopment": "1774623", "operatingExpenses": "5683075", "investmentIncomeNet": "None", "netInterestIncome": "None", "interestIncome": "None", "interestExpense": "39888", "nonInterestIncome": "None", "otherNonOperatingIncome": "None", "depreciation": "None", "depreciationAndAmortization": "794869", "incomeBeforeTax": "2037749", "incomeTaxExpense": "853485", "interestAndDebtExpense": "None", "netIncomeFromContinuingOperations": "0", "comprehensiveIncomeNetOfTax": "None", "ebit": "1282768", "ebitda": "2077637", "netIncome": "1184264"}, {"fiscalDateEnding": "2010-06-30", "reportedCurrency": "USD", "grossProfit": "8608048", "totalRevenue": "14499800", "costOfRevenue": "5891752", "costofGoodsAndServicesSold": "5891752", "operatingIncome": "1804049", "sellingGeneralAndAdministrative": "4967346", "researchAndDevelopment": "1836653", "operatingExpenses": "6804000", "investmentIncomeNet": "None", "netInterestIncome": "None", "interestIncome": "None", "interestExpense": "59287", "nonInterestIncome": "None", "otherNonOperatingIncome": "None", "depreciation": "None", "depreciationAndAmortization": "809933", "incomeBeforeTax": "1744762", "incomeTaxExpense": "678010", "interestAndDebtExpense": "None", "netIncomeFromContinuingOperations": "0", "comprehensiveIncomeNetOfTax": "None", "ebit": "994116", "ebitda": "1804049", "netIncome": "1066752"}, {"fiscalDateEnding": "2010-03-31", "reportedCurrency": "USD", "grossProfit": "7342412", "totalRevenue": "12466087", "costOfRevenue": "5123675", "costofGoodsAndServicesSold": "5123675", "operatingIncome": "1177790", "sellingGeneralAndAdministrative": "4288978", "researchAndDevelopment": "1875644", "operatingExpenses": "6164622", "investmentIncomeNet": "None", "netInterestIncome": "None", "interestIncome": "None", "interestExpense": "49920", "nonInterestIncome": "None", "otherNonOperatingIncome": "None", "depreciation": "None", "depreciationAndAmortization": "850899", "incomeBeforeTax": "1127870", "incomeTaxExpense": "413590", "interestAndDebtExpense": "None", "netIncomeFromContinuingOperations": "0", "comprehensiveIncomeNetOfTax": "None", "ebit": "326891", "ebitda": "1177790", "netIncome": "714280"}, {"fiscalDateEnding": "2009-12-31", "reportedCurrency": "USD", "grossProfit": "7005912", "totalRevenue": "10618940", "costOfRevenue": "3613028", "costofGoodsAndServicesSold": "3613028", "operatingIncome": "1603383", "sellingGeneralAndAdministrative": "1931826", "researchAndDevelopment": "1318849", "operatingExpenses": "3250675", "investmentIncomeNet": "None", "netInterestIncome": "None", "interestIncome": "None", "interestExpense": "2182296", "nonInterestIncome": "None", "otherNonOperatingIncome": "None", "depreciation": "None", "depreciationAndAmortization": "295771", "incomeBeforeTax": "1572941", "incomeTaxExpense": "875793", "interestAndDebtExpense": "None", "netIncomeFromContinuingOperations": "0", "comprehensiveIncomeNetOfTax": "None", "ebit": "3755237", "ebitda": "4051008", "netIncome": "697148"}, {"fiscalDateEnding": "2009-09-30", "reportedCurrency": "USD", "grossProfit": "7241390", "totalRevenue": "10792764", "costOfRevenue": "3551374", "costofGoodsAndServicesSold": "3551374", "operatingIncome": "2016253", "sellingGeneralAndAdministrative": "2842991", "researchAndDevelopment": "2382146", "operatingExpenses": "5225137", "investmentIncomeNet": "None", "netInterestIncome": "None", "interestIncome": "None", "interestExpense": "44096", "nonInterestIncome": "None", "otherNonOperatingIncome": "None", "depreciation": "None", "depreciationAndAmortization": "329202", "incomeBeforeTax": "1972157", "incomeTaxExpense": "460232", "interestAndDebtExpense": "None", "netIncomeFromContinuingOperations": "0", "comprehensiveIncomeNetOfTax": "None", "ebit": "1687051", "ebitda": "2016253", "netIncome": "1511925"}, {"fiscalDateEnding": "2009-06-30", "reportedCurrency": "USD", "grossProfit": "6229516", "totalRevenue": "9523676", "costOfRevenue": "3294160", "costofGoodsAndServicesSold": "3294160", "operatingIncome": "1207735", "sellingGeneralAndAdministrative": "2735552", "researchAndDevelopment": "2286229", "operatingExpenses": "5021781", "investmentIncomeNet": "None", "netInterestIncome": "None", "interestIncome": "None", "interestExpense": "1382", "nonInterestIncome": "None", "otherNonOperatingIncome": "None", "depreciation": "None", "depreciationAndAmortization": "335035", "incomeBeforeTax": "1206353", "incomeTaxExpense": "250579", "interestAndDebtExpense": "None", "netIncomeFromContinuingOperations": "0", "comprehensiveIncomeNetOfTax": "None", "ebit": "1207735", "ebitda": "1542770", "netIncome": "955774"}, {"fiscalDateEnding": "2009-03-31", "reportedCurrency": "USD", "grossProfit": "5988658", "totalRevenue": "9200324", "costOfRevenue": "3211666", "costofGoodsAndServicesSold": "3211666", "operatingIncome": "759368", "sellingGeneralAndAdministrative": "3034982", "researchAndDevelopment": "2194308", "operatingExpenses": "5229290", "investmentIncomeNet": "None", "netInterestIncome": "None", "interestIncome": "None", "interestExpense": "1440", "nonInterestIncome": "None", "otherNonOperatingIncome": "None", "depreciation": "None", "depreciationAndAmortization": "333460", "incomeBeforeTax": "760808", "incomeTaxExpense": "238088", "interestAndDebtExpense": "None", "netIncomeFromContinuingOperations": "0", "comprehensiveIncomeNetOfTax": "None", "ebit": "425908", "ebitda": "759368", "netIncome": "522720"}, {"fiscalDateEnding": "2008-12-31", "reportedCurrency": "USD", "grossProfit": "6142874", "totalRevenue": "8965804", "costOfRevenue": "2822930", "costofGoodsAndServicesSold": "2822930", "operatingIncome": "1248624", "sellingGeneralAndAdministrative": "2449721", "researchAndDevelopment": "2444529", "operatingExpenses": "4894250", "investmentIncomeNet": "None", "netInterestIncome": "None", "interestIncome": "None", "interestExpense": "20745", "nonInterestIncome": "None", "otherNonOperatingIncome": "None", "depreciation": "None", "depreciationAndAmortization": "350718", "incomeBeforeTax": "1269369", "incomeTaxExpense": "174864", "interestAndDebtExpense": "None", "netIncomeFromContinuingOperations": "0", "comprehensiveIncomeNetOfTax": "None", "ebit": "1248624", "ebitda": "1599342", "netIncome": "1094505"}, {"fiscalDateEnding": "2008-09-30", "reportedCurrency": "USD", "grossProfit": "5700029", "totalRevenue": "9205015", "costOfRevenue": "3504986", "costofGoodsAndServicesSold": "3504986", "operatingIncome": "1331468", "sellingGeneralAndAdministrative": "2567000", "researchAndDevelopment": "1801561", "operatingExpenses": "4368561", "investmentIncomeNet": "None", "netInterestIncome": "None", "interestIncome": "None", "interestExpense": "130486", "nonInterestIncome": "None", "otherNonOperatingIncome": "None", "depreciation": "None", "depreciationAndAmortization": "340380", "incomeBeforeTax": "1461954", "incomeTaxExpense": "357751", "interestAndDebtExpense": "None", "netIncomeFromContinuingOperations": "0", "comprehensiveIncomeNetOfTax": "None", "ebit": "991088", "ebitda": "1331468", "netIncome": "1104203"}, {"fiscalDateEnding": "2008-06-30", "reportedCurrency": "USD", "grossProfit": "5415659", "totalRevenue": "9060189", "costOfRevenue": "3644530", "costofGoodsAndServicesSold": "3644530", "operatingIncome": "890884", "sellingGeneralAndAdministrative": "2880156", "researchAndDevelopment": "1644619", "operatingExpenses": "4524775", "investmentIncomeNet": "None", "netInterestIncome": "None", "interestIncome": "None", "interestExpense": "157875", "nonInterestIncome": "None", "otherNonOperatingIncome": "None", "depreciation": "None", "depreciationAndAmortization": "374797", "incomeBeforeTax": "1048759", "incomeTaxExpense": "235830", "interestAndDebtExpense": "None", "netIncomeFromContinuingOperations": "0", "comprehensiveIncomeNetOfTax": "None", "ebit": "516087", "ebitda": "890884", "netIncome": "812929"}, {"fiscalDateEnding": "2008-03-31", "reportedCurrency": "USD", "grossProfit": "5332709", "totalRevenue": "8548779", "costOfRevenue": "3216070", "costofGoodsAndServicesSold": "3216070", "operatingIncome": "755753", "sellingGeneralAndAdministrative": "3068616", "researchAndDevelopment": "1508340", "operatingExpenses": "4576956", "investmentIncomeNet": "None", "netInterestIncome": "None", "interestIncome": "None", "interestExpense": "189406", "nonInterestIncome": "None", "otherNonOperatingIncome": "None", "depreciation": "None", "depreciationAndAmortization": "367117", "incomeBeforeTax": "945159", "incomeTaxExpense": "327601", "interestAndDebtExpense": "None", "netIncomeFromContinuingOperations": "0", "comprehensiveIncomeNetOfTax": "None", "ebit": "388636", "ebitda": "755753", "netIncome": "617558"}, {"fiscalDateEnding": "2007-12-31", "reportedCurrency": "USD", "grossProfit": "6400854", "totalRevenue": "9626833", "costOfRevenue": "3225979", "costofGoodsAndServicesSold": "3225979", "operatingIncome": "2120818", "sellingGeneralAndAdministrative": "2884634", "researchAndDevelopment": "1395402", "operatingExpenses": "4280036", "investmentIncomeNet": "None", "netInterestIncome": "None", "interestIncome": "None", "interestExpense": "408041", "nonInterestIncome": "None", "otherNonOperatingIncome": "None", "depreciation": "None", "depreciationAndAmortization": "281670", "incomeBeforeTax": "2528859", "incomeTaxExpense": "855463", "interestAndDebtExpense": "None", "netIncomeFromContinuingOperations": "0", "comprehensiveIncomeNetOfTax": "None", "ebit": "2120818", "ebitda": "2402488", "netIncome": "1673396"}, {"fiscalDateEnding": "2007-09-30", "reportedCurrency": "USD", "grossProfit": "4827073", "totalRevenue": "7965380", "costOfRevenue": "3138307", "costofGoodsAndServicesSold": "3138307", "operatingIncome": "1880249", "sellingGeneralAndAdministrative": "1820998", "researchAndDevelopment": "1125826", "operatingExpenses": "2946824", "investmentIncomeNet": "None", "netInterestIncome": "None", "interestIncome": "None", "interestExpense": "550014", "nonInterestIncome": "None", "otherNonOperatingIncome": "None", "depreciation": "None", "depreciationAndAmortization": "189370", "incomeBeforeTax": "2430263", "incomeTaxExpense": "634033", "interestAndDebtExpense": "None", "netIncomeFromContinuingOperations": "0", "comprehensiveIncomeNetOfTax": "None", "ebit": "1880249", "ebitda": "2069619", "netIncome": "1796230"}, {"fiscalDateEnding": "2007-06-30", "reportedCurrency": "USD", "grossProfit": "4075781", "totalRevenue": "7099562", "costOfRevenue": "3023781", "costofGoodsAndServicesSold": "3023781", "operatingIncome": "1363631", "sellingGeneralAndAdministrative": "1716099", "researchAndDevelopment": "996051", "operatingExpenses": "2712150", "investmentIncomeNet": "None", "netInterestIncome": "None", "interestIncome": "None", "interestExpense": "575831", "nonInterestIncome": "None", "otherNonOperatingIncome": "None", "depreciation": "None", "depreciationAndAmortization": "186029", "incomeBeforeTax": "1939462", "incomeTaxExpense": "574611", "interestAndDebtExpense": "None", "netIncomeFromContinuingOperations": "0", "comprehensiveIncomeNetOfTax": "None", "ebit": "1363631", "ebitda": "1549660", "netIncome": "1364851"}, {"fiscalDateEnding": "2007-03-31", "reportedCurrency": "USD", "grossProfit": "3645124", "totalRevenue": "6138046", "costOfRevenue": "2492922", "costofGoodsAndServicesSold": "2492922", "operatingIncome": "1222733", "sellingGeneralAndAdministrative": "1575050", "researchAndDevelopment": "847341", "operatingExpenses": "2422391", "investmentIncomeNet": "None", "netInterestIncome": "None", "interestIncome": "None", "interestExpense": "566777", "nonInterestIncome": "None", "otherNonOperatingIncome": "None", "depreciation": "None", "depreciationAndAmortization": "161658", "incomeBeforeTax": "1789510", "incomeTaxExpense": "588733", "interestAndDebtExpense": "None", "netIncomeFromContinuingOperations": "0", "comprehensiveIncomeNetOfTax": "None", "ebit": "1222733", "ebitda": "1384391", "netIncome": "1200777"}, {"fiscalDateEnding": "2006-12-31", "reportedCurrency": "USD", "grossProfit": "2834845", "totalRevenue": "5888956", "costOfRevenue": "3054111", "costofGoodsAndServicesSold": "3054111", "operatingIncome": "870515", "sellingGeneralAndAdministrative": "1459853", "researchAndDevelopment": "504477", "operatingExpenses": "1964330", "investmentIncomeNet": "None", "netInterestIncome": "None", "interestIncome": "None", "interestExpense": "580674", "nonInterestIncome": "None", "otherNonOperatingIncome": "None", "depreciation": "None", "depreciationAndAmortization": "90295", "incomeBeforeTax": "1451189", "incomeTaxExpense": "404427", "interestAndDebtExpense": "None", "netIncomeFromContinuingOperations": "0", "comprehensiveIncomeNetOfTax": "None", "ebit": "870515", "ebitda": "960810", "netIncome": "1046762"}, {"fiscalDateEnding": "2006-09-30", "reportedCurrency": "USD", "grossProfit": "4075629", "totalRevenue": "6200657", "costOfRevenue": "2125028", "costofGoodsAndServicesSold": "2125028", "operatingIncome": "1716947", "sellingGeneralAndAdministrative": "1453393", "researchAndDevelopment": "905289", "operatingExpenses": "2358682", "investmentIncomeNet": "None", "netInterestIncome": "None", "interestIncome": "None", "interestExpense": "569229", "nonInterestIncome": "None", "otherNonOperatingIncome": "None", "depreciation": "None", "depreciationAndAmortization": "90404", "incomeBeforeTax": "2286176", "incomeTaxExpense": "961536", "interestAndDebtExpense": "None", "netIncomeFromContinuingOperations": "0", "comprehensiveIncomeNetOfTax": "None", "ebit": "1716947", "ebitda": "1807351", "netIncome": "1324640"}, {"fiscalDateEnding": "2006-06-30", "reportedCurrency": "USD", "grossProfit": "4907137", "totalRevenue": "7798041", "costOfRevenue": "2890904", "costofGoodsAndServicesSold": "2890904", "operatingIncome": "1800660", "sellingGeneralAndAdministrative": "1976600", "researchAndDevelopment": "1129877", "operatingExpenses": "3106477", "investmentIncomeNet": "None", "netInterestIncome": "None", "interestIncome": "None", "interestExpense": "489772", "nonInterestIncome": "None", "otherNonOperatingIncome": "None", "depreciation": "None", "depreciationAndAmortization": "116265", "incomeBeforeTax": "2290432", "incomeTaxExpense": "938367", "interestAndDebtExpense": "None", "netIncomeFromContinuingOperations": "0", "comprehensiveIncomeNetOfTax": "None", "ebit": "1800660", "ebitda": "1916925", "netIncome": "1352065"}, {"fiscalDateEnding": "2006-03-31", "reportedCurrency": "USD", "grossProfit": "3905142", "totalRevenue": "6952960", "costOfRevenue": "3047818", "costofGoodsAndServicesSold": "3047818", "operatingIncome": "1039351", "sellingGeneralAndAdministrative": "1789000", "researchAndDevelopment": "1076792", "operatingExpenses": "2865791", "investmentIncomeNet": "None", "netInterestIncome": "None", "interestIncome": "None", "interestExpense": "461074", "nonInterestIncome": "None", "otherNonOperatingIncome": "None", "depreciation": "None", "depreciationAndAmortization": "87091", "incomeBeforeTax": "1500425", "incomeTaxExpense": "619676", "interestAndDebtExpense": "None", "netIncomeFromContinuingOperations": "0", "comprehensiveIncomeNetOfTax": "None", "ebit": "1039351", "ebitda": "1126442", "netIncome": "880749"}, {"fiscalDateEnding": "2005-12-31", "reportedCurrency": "USD", "grossProfit": "3200000", "totalRevenue": "5466000", "costOfRevenue": "2266000", "costofGoodsAndServicesSold": "2266000", "operatingIncome": "858000", "sellingGeneralAndAdministrative": "1249000", "researchAndDevelopment": "1093000", "operatingExpenses": "2342000", "investmentIncomeNet": "None", "netInterestIncome": "None", "interestIncome": "None", "interestExpense": "422000", "nonInterestIncome": "None", "otherNonOperatingIncome": "None", "depreciation": "None", "depreciationAndAmortization": "115000", "incomeBeforeTax": "1280000", "incomeTaxExpense": "458000", "interestAndDebtExpense": "None", "netIncomeFromContinuingOperations": "0", "comprehensiveIncomeNetOfTax": "None", "ebit": "858000", "ebitda": "973000", "netIncome": "822000"}, {"fiscalDateEnding": "2005-09-30", "reportedCurrency": "USD", "grossProfit": "6291000", "totalRevenue": "10058000", "costOfRevenue": "3767000", "costofGoodsAndServicesSold": "3767000", "operatingIncome": "3919000", "sellingGeneralAndAdministrative": "1393000", "researchAndDevelopment": "979000", "operatingExpenses": "2372000", "investmentIncomeNet": "None", "netInterestIncome": "None", "interestIncome": "None", "interestExpense": "332000", "nonInterestIncome": "None", "otherNonOperatingIncome": "None", "depreciation": "None", "depreciationAndAmortization": "121000", "incomeBeforeTax": "4251000", "incomeTaxExpense": "1720000", "interestAndDebtExpense": "None", "netIncomeFromContinuingOperations": "0", "comprehensiveIncomeNetOfTax": "None", "ebit": "3919000", "ebitda": "4040000", "netIncome": "2531000"}]}