{"symbol": "DXC", "annualReports": [{"fiscalDateEnding": "2025-03-31", "reportedCurrency": "USD", "grossProfit": "3101000000", "totalRevenue": "12871000000", "costOfRevenue": "9770000000", "costofGoodsAndServicesSold": "9770000000", "operatingIncome": "698000000", "sellingGeneralAndAdministrative": "1116000000", "researchAndDevelopment": "None", "operatingExpenses": "2403000000", "investmentIncomeNet": "None", "netInterestIncome": "-66000000", "interestIncome": "199000000", "interestExpense": "265000000", "nonInterestIncome": "None", "otherNonOperatingIncome": "None", "depreciation": "None", "depreciationAndAmortization": "1313000000", "incomeBeforeTax": "630000000", "incomeTaxExpense": "234000000", "interestAndDebtExpense": "None", "netIncomeFromContinuingOperations": "396000000", "comprehensiveIncomeNetOfTax": "None", "ebit": "895000000", "ebitda": "2208000000", "netIncome": "389000000"}, {"fiscalDateEnding": "2024-03-31", "reportedCurrency": "USD", "grossProfit": "3091000000", "totalRevenue": "13667000000", "costOfRevenue": "10576000000", "costofGoodsAndServicesSold": "10576000000", "operatingIncome": "-2000000", "sellingGeneralAndAdministrative": "1689000000", "researchAndDevelopment": "None", "operatingExpenses": "3093000000", "investmentIncomeNet": "None", "netInterestIncome": "-84000000", "interestIncome": "214000000", "interestExpense": "298000000", "nonInterestIncome": "None", "otherNonOperatingIncome": "None", "depreciation": "None", "depreciationAndAmortization": "1433000000", "incomeBeforeTax": "109000000", "incomeTaxExpense": "23000000", "interestAndDebtExpense": "None", "netIncomeFromContinuingOperations": "86000000", "comprehensiveIncomeNetOfTax": "None", "ebit": "407000000", "ebitda": "1840000000", "netIncome": "91000000"}, {"fiscalDateEnding": "2023-03-31", "reportedCurrency": "USD", "grossProfit": "3184000000", "totalRevenue": "14430000000", "costOfRevenue": "11246000000", "costofGoodsAndServicesSold": "11246000000", "operatingIncome": "-1141000000", "sellingGeneralAndAdministrative": "2806000000", "researchAndDevelopment": "None", "operatingExpenses": "4325000000", "investmentIncomeNet": "None", "netInterestIncome": "-65000000", "interestIncome": "135000000", "interestExpense": "200000000", "nonInterestIncome": "None", "otherNonOperatingIncome": "325000000", "depreciation": "None", "depreciationAndAmortization": "1551000000", "incomeBeforeTax": "-885000000", "incomeTaxExpense": "-319000000", "interestAndDebtExpense": "None", "netIncomeFromContinuingOperations": "-566000000", "comprehensiveIncomeNetOfTax": "None", "ebit": "-685000000", "ebitda": "866000000", "netIncome": "-568000000"}, {"fiscalDateEnding": "2022-03-31", "reportedCurrency": "USD", "grossProfit": "3582000000", "totalRevenue": "16265000000", "costOfRevenue": "12683000000", "costofGoodsAndServicesSold": "12683000000", "operatingIncome": "1141000000", "sellingGeneralAndAdministrative": "724000000", "researchAndDevelopment": "None", "operatingExpenses": "2441000000", "investmentIncomeNet": "None", "netInterestIncome": "-139000000", "interestIncome": "65000000", "interestExpense": "204000000", "nonInterestIncome": "None", "otherNonOperatingIncome": "125000000", "depreciation": "None", "depreciationAndAmortization": "1742000000", "incomeBeforeTax": "1141000000", "incomeTaxExpense": "405000000", "interestAndDebtExpense": "None", "netIncomeFromContinuingOperations": "736000000", "comprehensiveIncomeNetOfTax": "None", "ebit": "1345000000", "ebitda": "3087000000", "netIncome": "718000000"}, {"fiscalDateEnding": "2021-03-31", "reportedCurrency": "USD", "grossProfit": "3582000000", "totalRevenue": "16265000000", "costOfRevenue": "12683000000", "costofGoodsAndServicesSold": "12683000000", "operatingIncome": "1141000000", "sellingGeneralAndAdministrative": "724000000", "researchAndDevelopment": "None", "operatingExpenses": "2441000000", "investmentIncomeNet": "None", "netInterestIncome": "-263000000", "interestIncome": "98000000", "interestExpense": "361000000", "nonInterestIncome": "None", "otherNonOperatingIncome": "2061000000", "depreciation": "None", "depreciationAndAmortization": "1742000000", "incomeBeforeTax": "1141000000", "incomeTaxExpense": "405000000", "interestAndDebtExpense": "None", "netIncomeFromContinuingOperations": "-146000000", "comprehensiveIncomeNetOfTax": "None", "ebit": "1345000000", "ebitda": "3087000000", "netIncome": "718000000"}, {"fiscalDateEnding": "2020-03-31", "reportedCurrency": "USD", "grossProfit": "2662000000", "totalRevenue": "19577000000", "costOfRevenue": "16915000000", "costofGoodsAndServicesSold": "16915000000", "operatingIncome": "1002000000", "sellingGeneralAndAdministrative": "2050000000", "researchAndDevelopment": "None", "operatingExpenses": "1660000000", "investmentIncomeNet": "None", "netInterestIncome": "-218000000", "interestIncome": "156000000", "interestExpense": "383000000", "nonInterestIncome": "None", "otherNonOperatingIncome": "165000000", "depreciation": "None", "depreciationAndAmortization": "2032000000", "incomeBeforeTax": "-5228000000", "incomeTaxExpense": "130000000", "interestAndDebtExpense": "None", "netIncomeFromContinuingOperations": "-5358000000", "comprehensiveIncomeNetOfTax": "None", "ebit": "-4845000000", "ebitda": "-2813000000", "netIncome": "-5369000000"}, {"fiscalDateEnding": "2019-03-31", "reportedCurrency": "USD", "grossProfit": "5807000000", "totalRevenue": "20753000000", "costOfRevenue": "14946000000", "costofGoodsAndServicesSold": "14946000000", "operatingIncome": "1880000000", "sellingGeneralAndAdministrative": "1959000000", "researchAndDevelopment": "None", "operatingExpenses": "3927000000", "investmentIncomeNet": "None", "netInterestIncome": "-206000000", "interestIncome": "253000000", "interestExpense": "334000000", "nonInterestIncome": "None", "otherNonOperatingIncome": "None", "depreciation": "None", "depreciationAndAmortization": "2023000000", "incomeBeforeTax": "1515000000", "incomeTaxExpense": "288000000", "interestAndDebtExpense": "None", "netIncomeFromContinuingOperations": "1227000000", "comprehensiveIncomeNetOfTax": "None", "ebit": "1849000000", "ebitda": "3872000000", "netIncome": "1257000000"}, {"fiscalDateEnding": "2018-03-31", "reportedCurrency": "USD", "grossProfit": "5416000000", "totalRevenue": "21733000000", "costOfRevenue": "16317000000", "costofGoodsAndServicesSold": "16317000000", "operatingIncome": "2638000000", "sellingGeneralAndAdministrative": "2010000000", "researchAndDevelopment": "0", "operatingExpenses": "3685000000", "investmentIncomeNet": "None", "netInterestIncome": "-246000000", "interestIncome": "160000000", "interestExpense": "320000000", "nonInterestIncome": "None", "otherNonOperatingIncome": "None", "depreciation": "None", "depreciationAndAmortization": "2014000000", "incomeBeforeTax": "1304000000", "incomeTaxExpense": "-242000000", "interestAndDebtExpense": "None", "netIncomeFromContinuingOperations": "1782000000", "comprehensiveIncomeNetOfTax": "None", "ebit": "1624000000", "ebitda": "3638000000", "netIncome": "1751000000"}, {"fiscalDateEnding": "2017-03-31", "reportedCurrency": "USD", "grossProfit": "2062000000", "totalRevenue": "7607000000", "costOfRevenue": "5545000000", "costofGoodsAndServicesSold": "5545000000", "operatingIncome": "136000000", "sellingGeneralAndAdministrative": "1279000000", "researchAndDevelopment": "None", "operatingExpenses": "1926000000", "investmentIncomeNet": "None", "netInterestIncome": "-82000000", "interestIncome": "10000000", "interestExpense": "117000000", "nonInterestIncome": "None", "otherNonOperatingIncome": "None", "depreciation": "None", "depreciationAndAmortization": "658000000", "incomeBeforeTax": "-174000000", "incomeTaxExpense": "-74000000", "interestAndDebtExpense": "None", "netIncomeFromContinuingOperations": "-100000000", "comprehensiveIncomeNetOfTax": "None", "ebit": "-57000000", "ebitda": "601000000", "netIncome": "-123000000"}, {"fiscalDateEnding": "2016-03-31", "reportedCurrency": "USD", "grossProfit": "1921000000", "totalRevenue": "7106000000", "costOfRevenue": "5185000000", "costofGoodsAndServicesSold": "5185000000", "operatingIncome": "223000000", "sellingGeneralAndAdministrative": "1040000000", "researchAndDevelopment": "None", "operatingExpenses": "1698000000", "investmentIncomeNet": "None", "netInterestIncome": "None", "interestIncome": "85000000", "interestExpense": "123000000", "nonInterestIncome": "None", "otherNonOperatingIncome": "None", "depreciation": "None", "depreciationAndAmortization": "669000000", "incomeBeforeTax": "10000000", "incomeTaxExpense": "-55000000", "interestAndDebtExpense": "None", "netIncomeFromContinuingOperations": "72000000", "comprehensiveIncomeNetOfTax": "None", "ebit": "133000000", "ebitda": "802000000", "netIncome": "244000000"}, {"fiscalDateEnding": "2015-03-31", "reportedCurrency": "USD", "grossProfit": "2639000000", "totalRevenue": "12173000000", "costOfRevenue": "9534000000", "costofGoodsAndServicesSold": "9534000000", "operatingIncome": "125000000", "sellingGeneralAndAdministrative": "1220000000", "researchAndDevelopment": "67000000", "operatingExpenses": "2514000000", "investmentIncomeNet": "None", "netInterestIncome": "None", "interestIncome": "None", "interestExpense": "126000000", "nonInterestIncome": "None", "otherNonOperatingIncome": "None", "depreciation": "None", "depreciationAndAmortization": "977000000", "incomeBeforeTax": "-276000000", "incomeTaxExpense": "-312000000", "interestAndDebtExpense": "None", "netIncomeFromContinuingOperations": "-207000000", "comprehensiveIncomeNetOfTax": "None", "ebit": "-655000000", "ebitda": "322000000", "netIncome": "-8000000"}, {"fiscalDateEnding": "2014-03-31", "reportedCurrency": "USD", "grossProfit": "3431000000", "totalRevenue": "12998000000", "costOfRevenue": "9567000000", "costofGoodsAndServicesSold": "9567000000", "operatingIncome": "1135000000", "sellingGeneralAndAdministrative": "1237000000", "researchAndDevelopment": "56000000", "operatingExpenses": "2296000000", "investmentIncomeNet": "None", "netInterestIncome": "None", "interestIncome": "None", "interestExpense": "128000000", "nonInterestIncome": "None", "otherNonOperatingIncome": "None", "depreciation": "None", "depreciationAndAmortization": "1018000000", "incomeBeforeTax": "910000000", "incomeTaxExpense": "289000000", "interestAndDebtExpense": "None", "netIncomeFromContinuingOperations": "520000000", "comprehensiveIncomeNetOfTax": "None", "ebit": "1057000000", "ebitda": "2075000000", "netIncome": "674000000"}, {"fiscalDateEnding": "2013-03-31", "reportedCurrency": "USD", "grossProfit": "3095000000", "totalRevenue": "14195000000", "costOfRevenue": "11100000000", "costofGoodsAndServicesSold": "11100000000", "operatingIncome": "871000000", "sellingGeneralAndAdministrative": "1142000000", "researchAndDevelopment": "55000000", "operatingExpenses": "2246000000", "investmentIncomeNet": "None", "netInterestIncome": "None", "interestIncome": "None", "interestExpense": "183000000", "nonInterestIncome": "None", "otherNonOperatingIncome": "None", "depreciation": "None", "depreciationAndAmortization": "1134000000", "incomeBeforeTax": "449000000", "incomeTaxExpense": "-49000000", "interestAndDebtExpense": "None", "netIncomeFromContinuingOperations": "None", "comprehensiveIncomeNetOfTax": "None", "ebit": "913000000", "ebitda": "2047000000", "netIncome": "961000000"}, {"fiscalDateEnding": "2012-03-31", "reportedCurrency": "USD", "grossProfit": "963000000", "totalRevenue": "15877000000", "costOfRevenue": "14914000000", "costofGoodsAndServicesSold": "14914000000", "operatingIncome": "-1324000000", "sellingGeneralAndAdministrative": "1118000000", "researchAndDevelopment": "None", "operatingExpenses": "2287000000", "investmentIncomeNet": "None", "netInterestIncome": "None", "interestIncome": "None", "interestExpense": "176000000", "nonInterestIncome": "None", "otherNonOperatingIncome": "None", "depreciation": "None", "depreciationAndAmortization": "1212000000", "incomeBeforeTax": "-4347000000", "incomeTaxExpense": "-121000000", "interestAndDebtExpense": "None", "netIncomeFromContinuingOperations": "None", "comprehensiveIncomeNetOfTax": "None", "ebit": "-894000000", "ebitda": "318000000", "netIncome": "-4242000000"}, {"fiscalDateEnding": "2011-03-31", "reportedCurrency": "USD", "grossProfit": "3117000000", "totalRevenue": "16042000000", "costOfRevenue": "12925000000", "costofGoodsAndServicesSold": "12925000000", "operatingIncome": "1099000000", "sellingGeneralAndAdministrative": "965000000", "researchAndDevelopment": "None", "operatingExpenses": "2018000000", "investmentIncomeNet": "None", "netInterestIncome": "None", "interestIncome": "None", "interestExpense": "168000000", "nonInterestIncome": "None", "otherNonOperatingIncome": "None", "depreciation": "None", "depreciationAndAmortization": "1140000000", "incomeBeforeTax": "968000000", "incomeTaxExpense": "243000000", "interestAndDebtExpense": "None", "netIncomeFromContinuingOperations": "None", "comprehensiveIncomeNetOfTax": "None", "ebit": "1045000000", "ebitda": "2185000000", "netIncome": "740000000"}, {"fiscalDateEnding": "2010-03-31", "reportedCurrency": "USD", "grossProfit": "3331000000", "totalRevenue": "16128000000", "costOfRevenue": "12797000000", "costofGoodsAndServicesSold": "12797000000", "operatingIncome": "1263000000", "sellingGeneralAndAdministrative": "991000000", "researchAndDevelopment": "None", "operatingExpenses": "2068000000", "investmentIncomeNet": "None", "netInterestIncome": "None", "interestIncome": "None", "interestExpense": "252000000", "nonInterestIncome": "None", "otherNonOperatingIncome": "None", "depreciation": "None", "depreciationAndAmortization": "1156000000", "incomeBeforeTax": "1038000000", "incomeTaxExpense": "204000000", "interestAndDebtExpense": "None", "netIncomeFromContinuingOperations": "None", "comprehensiveIncomeNetOfTax": "None", "ebit": "1274000000", "ebitda": "2430000000", "netIncome": "817000000"}, {"fiscalDateEnding": "2009-03-31", "reportedCurrency": "USD", "grossProfit": "3479200000", "totalRevenue": "16739900000", "costOfRevenue": "13260700000", "costofGoodsAndServicesSold": "13260700000", "operatingIncome": "1187500000", "sellingGeneralAndAdministrative": "1082800000", "researchAndDevelopment": "None", "operatingExpenses": "2291700000", "investmentIncomeNet": "None", "netInterestIncome": "None", "interestIncome": "None", "interestExpense": "260500000", "nonInterestIncome": "None", "otherNonOperatingIncome": "None", "depreciation": "None", "depreciationAndAmortization": "1270000000", "incomeBeforeTax": "949100000", "incomeTaxExpense": "-166100000", "interestAndDebtExpense": "None", "netIncomeFromContinuingOperations": "None", "comprehensiveIncomeNetOfTax": "None", "ebit": "1217000000", "ebitda": "2487000000", "netIncome": "1115200000"}, {"fiscalDateEnding": "2008-03-31", "reportedCurrency": "USD", "grossProfit": "3347600000", "totalRevenue": "16499500000", "costOfRevenue": "13151900000", "costofGoodsAndServicesSold": "13151900000", "operatingIncome": "1222000000", "sellingGeneralAndAdministrative": "975400000", "researchAndDevelopment": "None", "operatingExpenses": "2125600000", "investmentIncomeNet": "None", "netInterestIncome": "None", "interestIncome": "None", "interestExpense": "185400000", "nonInterestIncome": "None", "otherNonOperatingIncome": "None", "depreciation": "None", "depreciationAndAmortization": "1286400000", "incomeBeforeTax": "917900000", "incomeTaxExpense": "373300000", "interestAndDebtExpense": "None", "netIncomeFromContinuingOperations": "None", "comprehensiveIncomeNetOfTax": "None", "ebit": "1103300000", "ebitda": "2389700000", "netIncome": "544600000"}, {"fiscalDateEnding": "2007-03-31", "reportedCurrency": "USD", "grossProfit": "3038800000", "totalRevenue": "14856600000", "costOfRevenue": "11817800000", "costofGoodsAndServicesSold": "11817800000", "operatingIncome": "1048800000", "sellingGeneralAndAdministrative": "918300000", "researchAndDevelopment": "None", "operatingExpenses": "1990000000", "investmentIncomeNet": "None", "netInterestIncome": "None", "interestIncome": "None", "interestExpense": "175200000", "nonInterestIncome": "None", "otherNonOperatingIncome": "None", "depreciation": "None", "depreciationAndAmortization": "1162000000", "incomeBeforeTax": "607000000", "incomeTaxExpense": "218200000", "interestAndDebtExpense": "None", "netIncomeFromContinuingOperations": "None", "comprehensiveIncomeNetOfTax": "None", "ebit": "824200000", "ebitda": "1986200000", "netIncome": "388800000"}, {"fiscalDateEnding": "2006-03-31", "reportedCurrency": "USD", "grossProfit": "2895800000", "totalRevenue": "14615600000", "costOfRevenue": "11719800000", "costofGoodsAndServicesSold": "11719800000", "operatingIncome": "961800000", "sellingGeneralAndAdministrative": "842200000", "researchAndDevelopment": "None", "operatingExpenses": "1934000000", "investmentIncomeNet": "None", "netInterestIncome": "None", "interestIncome": "None", "interestExpense": "104200000", "nonInterestIncome": "None", "otherNonOperatingIncome": "None", "depreciation": "None", "depreciationAndAmortization": "1187500000", "incomeBeforeTax": "821100000", "incomeTaxExpense": "244100000", "interestAndDebtExpense": "None", "netIncomeFromContinuingOperations": "None", "comprehensiveIncomeNetOfTax": "None", "ebit": "924200000", "ebitda": "2111700000", "netIncome": "634000000"}], "quarterlyReports": [{"fiscalDateEnding": "2025-12-31", "reportedCurrency": "USD", "grossProfit": "476000000", "totalRevenue": "3194000000", "costOfRevenue": "2718000000", "costofGoodsAndServicesSold": "2718000000", "operatingIncome": "167000000", "sellingGeneralAndAdministrative": "320000000", "researchAndDevelopment": "None", "operatingExpenses": "309000000", "investmentIncomeNet": "None", "netInterestIncome": "-8000000", "interestIncome": "46000000", "interestExpense": "54000000", "nonInterestIncome": "None", "otherNonOperatingIncome": "None", "depreciation": "None", "depreciationAndAmortization": "283000000", "incomeBeforeTax": "171000000", "incomeTaxExpense": "61000000", "interestAndDebtExpense": "None", "netIncomeFromContinuingOperations": "110000000", "comprehensiveIncomeNetOfTax": "None", "ebit": "225000000", "ebitda": "508000000", "netIncome": "107000000"}, {"fiscalDateEnding": "2025-09-30", "reportedCurrency": "USD", "grossProfit": "483000000", "totalRevenue": "3161000000", "costOfRevenue": "2678000000", "costofGoodsAndServicesSold": "2678000000", "operatingIncome": "118000000", "sellingGeneralAndAdministrative": "366000000", "researchAndDevelopment": "None", "operatingExpenses": "365000000", "investmentIncomeNet": "None", "netInterestIncome": "-7000000", "interestIncome": "46000000", "interestExpense": "53000000", "nonInterestIncome": "None", "otherNonOperatingIncome": "None", "depreciation": "None", "depreciationAndAmortization": "295000000", "incomeBeforeTax": "131000000", "incomeTaxExpense": "91000000", "interestAndDebtExpense": "None", "netIncomeFromContinuingOperations": "40000000", "comprehensiveIncomeNetOfTax": "None", "ebit": "184000000", "ebitda": "479000000", "netIncome": "36000000"}, {"fiscalDateEnding": "2025-06-30", "reportedCurrency": "USD", "grossProfit": "771000000", "totalRevenue": "3159000000", "costOfRevenue": "2388000000", "costofGoodsAndServicesSold": "2388000000", "operatingIncome": "73000000", "sellingGeneralAndAdministrative": "393000000", "researchAndDevelopment": "None", "operatingExpenses": "698000000", "investmentIncomeNet": "None", "netInterestIncome": "-8000000", "interestIncome": "3000000", "interestExpense": "54000000", "nonInterestIncome": "None", "otherNonOperatingIncome": "None", "depreciation": "None", "depreciationAndAmortization": "309000000", "incomeBeforeTax": "67000000", "incomeTaxExpense": "49000000", "interestAndDebtExpense": "None", "netIncomeFromContinuingOperations": "18000000", "comprehensiveIncomeNetOfTax": "None", "ebit": "121000000", "ebitda": "430000000", "netIncome": "16000000"}, {"fiscalDateEnding": "2025-03-31", "reportedCurrency": "USD", "grossProfit": "768000000", "totalRevenue": "3169000000", "costOfRevenue": "2401000000", "costofGoodsAndServicesSold": "2401000000", "operatingIncome": "329000000", "sellingGeneralAndAdministrative": "301000000", "researchAndDevelopment": "None", "operatingExpenses": "439000000", "investmentIncomeNet": "None", "netInterestIncome": "-12000000", "interestIncome": "46000000", "interestExpense": "58000000", "nonInterestIncome": "None", "otherNonOperatingIncome": "None", "depreciation": "None", "depreciationAndAmortization": "318000000", "incomeBeforeTax": "338000000", "incomeTaxExpense": "75000000", "interestAndDebtExpense": "None", "netIncomeFromContinuingOperations": "263000000", "comprehensiveIncomeNetOfTax": "None", "ebit": "396000000", "ebitda": "714000000", "netIncome": "264000000"}, {"fiscalDateEnding": "2024-12-31", "reportedCurrency": "USD", "grossProfit": "809000000", "totalRevenue": "3225000000", "costOfRevenue": "2416000000", "costofGoodsAndServicesSold": "2416000000", "operatingIncome": "154000000", "sellingGeneralAndAdministrative": "335000000", "researchAndDevelopment": "None", "operatingExpenses": "655000000", "investmentIncomeNet": "None", "netInterestIncome": "-15000000", "interestIncome": "51000000", "interestExpense": "66000000", "nonInterestIncome": "None", "otherNonOperatingIncome": "None", "depreciation": "None", "depreciationAndAmortization": "327000000", "incomeBeforeTax": "131000000", "incomeTaxExpense": "68000000", "interestAndDebtExpense": "None", "netIncomeFromContinuingOperations": "63000000", "comprehensiveIncomeNetOfTax": "None", "ebit": "197000000", "ebitda": "524000000", "netIncome": "57000000"}, {"fiscalDateEnding": "2024-09-30", "reportedCurrency": "USD", "grossProfit": "814000000", "totalRevenue": "3241000000", "costOfRevenue": "2427000000", "costofGoodsAndServicesSold": "2427000000", "operatingIncome": "132000000", "sellingGeneralAndAdministrative": "353000000", "researchAndDevelopment": "None", "operatingExpenses": "682000000", "investmentIncomeNet": "None", "netInterestIncome": "-18000000", "interestIncome": "51000000", "interestExpense": "69000000", "nonInterestIncome": "None", "otherNonOperatingIncome": "None", "depreciation": "None", "depreciationAndAmortization": "335000000", "incomeBeforeTax": "93000000", "incomeTaxExpense": "48000000", "interestAndDebtExpense": "None", "netIncomeFromContinuingOperations": "45000000", "comprehensiveIncomeNetOfTax": "None", "ebit": "162000000", "ebitda": "497000000", "netIncome": "42000000"}, {"fiscalDateEnding": "2024-06-30", "reportedCurrency": "USD", "grossProfit": "710000000", "totalRevenue": "3236000000", "costOfRevenue": "2526000000", "costofGoodsAndServicesSold": "2526000000", "operatingIncome": "83000000", "sellingGeneralAndAdministrative": "301000000", "researchAndDevelopment": "None", "operatingExpenses": "627000000", "investmentIncomeNet": "None", "netInterestIncome": "-21000000", "interestIncome": "51000000", "interestExpense": "72000000", "nonInterestIncome": "None", "otherNonOperatingIncome": "None", "depreciation": "None", "depreciationAndAmortization": "333000000", "incomeBeforeTax": "68000000", "incomeTaxExpense": "43000000", "interestAndDebtExpense": "None", "netIncomeFromContinuingOperations": "25000000", "comprehensiveIncomeNetOfTax": "None", "ebit": "140000000", "ebitda": "473000000", "netIncome": "26000000"}, {"fiscalDateEnding": "2024-03-31", "reportedCurrency": "USD", "grossProfit": "809000000", "totalRevenue": "3225000000", "costOfRevenue": "2416000000", "costofGoodsAndServicesSold": "2416000000", "operatingIncome": "154000000", "sellingGeneralAndAdministrative": "740000000", "researchAndDevelopment": "None", "operatingExpenses": "655000000", "investmentIncomeNet": "None", "netInterestIncome": "-20000000", "interestIncome": "56000000", "interestExpense": "76000000", "nonInterestIncome": "None", "otherNonOperatingIncome": "None", "depreciation": "None", "depreciationAndAmortization": "327000000", "incomeBeforeTax": "131000000", "incomeTaxExpense": "68000000", "interestAndDebtExpense": "None", "netIncomeFromContinuingOperations": "-195000000", "comprehensiveIncomeNetOfTax": "None", "ebit": "197000000", "ebitda": "524000000", "netIncome": "57000000"}, {"fiscalDateEnding": "2023-12-31", "reportedCurrency": "USD", "grossProfit": "814000000", "totalRevenue": "3241000000", "costOfRevenue": "2427000000", "costofGoodsAndServicesSold": "2427000000", "operatingIncome": "132000000", "sellingGeneralAndAdministrative": "294000000", "researchAndDevelopment": "None", "operatingExpenses": "682000000", "investmentIncomeNet": "None", "netInterestIncome": "-22000000", "interestIncome": "56000000", "interestExpense": "78000000", "nonInterestIncome": "None", "otherNonOperatingIncome": "None", "depreciation": "None", "depreciationAndAmortization": "335000000", "incomeBeforeTax": "93000000", "incomeTaxExpense": "48000000", "interestAndDebtExpense": "None", "netIncomeFromContinuingOperations": "140000000", "comprehensiveIncomeNetOfTax": "None", "ebit": "162000000", "ebitda": "497000000", "netIncome": "42000000"}, {"fiscalDateEnding": "2023-09-30", "reportedCurrency": "USD", "grossProfit": "710000000", "totalRevenue": "3236000000", "costOfRevenue": "2526000000", "costofGoodsAndServicesSold": "2526000000", "operatingIncome": "83000000", "sellingGeneralAndAdministrative": "301000000", "researchAndDevelopment": "None", "operatingExpenses": "627000000", "investmentIncomeNet": "None", "netInterestIncome": "-25000000", "interestIncome": "53000000", "interestExpense": "78000000", "nonInterestIncome": "None", "otherNonOperatingIncome": "None", "depreciation": "None", "depreciationAndAmortization": "333000000", "incomeBeforeTax": "68000000", "incomeTaxExpense": "43000000", "interestAndDebtExpense": "None", "netIncomeFromContinuingOperations": "99000000", "comprehensiveIncomeNetOfTax": "None", "ebit": "140000000", "ebitda": "473000000", "netIncome": "26000000"}, {"fiscalDateEnding": "2023-06-30", "reportedCurrency": "USD", "grossProfit": "383000000", "totalRevenue": "3446000000", "costOfRevenue": "3063000000", "costofGoodsAndServicesSold": "3063000000", "operatingIncome": "57000000", "sellingGeneralAndAdministrative": "327000000", "researchAndDevelopment": "None", "operatingExpenses": "326000000", "investmentIncomeNet": "None", "netInterestIncome": "-17000000", "interestIncome": "49000000", "interestExpense": "66000000", "nonInterestIncome": "None", "otherNonOperatingIncome": "44000000", "depreciation": "None", "depreciationAndAmortization": "351000000", "incomeBeforeTax": "78000000", "incomeTaxExpense": "36000000", "interestAndDebtExpense": "None", "netIncomeFromContinuingOperations": "42000000", "comprehensiveIncomeNetOfTax": "None", "ebit": "144000000", "ebitda": "495000000", "netIncome": "36000000"}, {"fiscalDateEnding": "2023-03-31", "reportedCurrency": "USD", "grossProfit": "474000000", "totalRevenue": "3591000000", "costOfRevenue": "3117000000", "costofGoodsAndServicesSold": "3117000000", "operatingIncome": "91000000", "sellingGeneralAndAdministrative": "387000000", "researchAndDevelopment": "None", "operatingExpenses": "383000000", "investmentIncomeNet": "None", "netInterestIncome": "-17000000", "interestIncome": "17000000", "interestExpense": "63000000", "nonInterestIncome": "None", "otherNonOperatingIncome": "248000000", "depreciation": "None", "depreciationAndAmortization": "382000000", "incomeBeforeTax": "-1163000000", "incomeTaxExpense": "-405000000", "interestAndDebtExpense": "None", "netIncomeFromContinuingOperations": "-758000000", "comprehensiveIncomeNetOfTax": "None", "ebit": "-1100000000", "ebitda": "-718000000", "netIncome": "-756000000"}, {"fiscalDateEnding": "2022-12-31", "reportedCurrency": "USD", "grossProfit": "392000000", "totalRevenue": "3566000000", "costOfRevenue": "3174000000", "costofGoodsAndServicesSold": "3174000000", "operatingIncome": "83000000", "sellingGeneralAndAdministrative": "315000000", "researchAndDevelopment": "None", "operatingExpenses": "309000000", "investmentIncomeNet": "None", "netInterestIncome": "-15000000", "interestIncome": "41000000", "interestExpense": "56000000", "nonInterestIncome": "None", "otherNonOperatingIncome": "32000000", "depreciation": "None", "depreciationAndAmortization": "383000000", "incomeBeforeTax": "102000000", "incomeTaxExpense": "41000000", "interestAndDebtExpense": "None", "netIncomeFromContinuingOperations": "61000000", "comprehensiveIncomeNetOfTax": "None", "ebit": "158000000", "ebitda": "541000000", "netIncome": "59000000"}, {"fiscalDateEnding": "2022-09-30", "reportedCurrency": "USD", "grossProfit": "411000000", "totalRevenue": "3566000000", "costOfRevenue": "3155000000", "costofGoodsAndServicesSold": "3155000000", "operatingIncome": "91000000", "sellingGeneralAndAdministrative": "320000000", "researchAndDevelopment": "None", "operatingExpenses": "320000000", "investmentIncomeNet": "None", "netInterestIncome": "-16000000", "interestIncome": "15000000", "interestExpense": "44000000", "nonInterestIncome": "None", "otherNonOperatingIncome": "-4000000", "depreciation": "None", "depreciationAndAmortization": "388000000", "incomeBeforeTax": "54000000", "incomeTaxExpense": "26000000", "interestAndDebtExpense": "None", "netIncomeFromContinuingOperations": "28000000", "comprehensiveIncomeNetOfTax": "None", "ebit": "98000000", "ebitda": "486000000", "netIncome": "27000000"}, {"fiscalDateEnding": "2022-06-30", "reportedCurrency": "USD", "grossProfit": "388000000", "totalRevenue": "3707000000", "costOfRevenue": "3319000000", "costofGoodsAndServicesSold": "3319000000", "operatingIncome": "41000000", "sellingGeneralAndAdministrative": "349000000", "researchAndDevelopment": "None", "operatingExpenses": "347000000", "investmentIncomeNet": "None", "netInterestIncome": "-17000000", "interestIncome": "20000000", "interestExpense": "37000000", "nonInterestIncome": "None", "otherNonOperatingIncome": "49000000", "depreciation": "None", "depreciationAndAmortization": "398000000", "incomeBeforeTax": "122000000", "incomeTaxExpense": "19000000", "interestAndDebtExpense": "None", "netIncomeFromContinuingOperations": "103000000", "comprehensiveIncomeNetOfTax": "None", "ebit": "159000000", "ebitda": "557000000", "netIncome": "102000000"}, {"fiscalDateEnding": "2022-03-31", "reportedCurrency": "USD", "grossProfit": "424000000", "totalRevenue": "4008000000", "costOfRevenue": "3584000000", "costofGoodsAndServicesSold": "3584000000", "operatingIncome": "112000000", "sellingGeneralAndAdministrative": "315000000", "researchAndDevelopment": "None", "operatingExpenses": "312000000", "investmentIncomeNet": "None", "netInterestIncome": "-29000000", "interestIncome": "14000000", "interestExpense": "43000000", "nonInterestIncome": "None", "otherNonOperatingIncome": "12000000", "depreciation": "None", "depreciationAndAmortization": "433000000", "incomeBeforeTax": "799000000", "incomeTaxExpense": "260000000", "interestAndDebtExpense": "None", "netIncomeFromContinuingOperations": "539000000", "comprehensiveIncomeNetOfTax": "None", "ebit": "842000000", "ebitda": "1275000000", "netIncome": "530000000"}, {"fiscalDateEnding": "2021-12-31", "reportedCurrency": "USD", "grossProfit": "486000000", "totalRevenue": "4089000000", "costOfRevenue": "3603000000", "costofGoodsAndServicesSold": "3603000000", "operatingIncome": "157000000", "sellingGeneralAndAdministrative": "340000000", "researchAndDevelopment": "None", "operatingExpenses": "329000000", "investmentIncomeNet": "None", "netInterestIncome": "-23000000", "interestIncome": "15000000", "interestExpense": "38000000", "nonInterestIncome": "None", "otherNonOperatingIncome": "9000000", "depreciation": "None", "depreciationAndAmortization": "430000000", "incomeBeforeTax": "166000000", "incomeTaxExpense": "64000000", "interestAndDebtExpense": "None", "netIncomeFromContinuingOperations": "102000000", "comprehensiveIncomeNetOfTax": "None", "ebit": "204000000", "ebitda": "634000000", "netIncome": "98000000"}, {"fiscalDateEnding": "2021-09-30", "reportedCurrency": "USD", "grossProfit": "491000000", "totalRevenue": "4027000000", "costOfRevenue": "3536000000", "costofGoodsAndServicesSold": "3536000000", "operatingIncome": "124000000", "sellingGeneralAndAdministrative": "370000000", "researchAndDevelopment": "None", "operatingExpenses": "367000000", "investmentIncomeNet": "None", "netInterestIncome": "-45000000", "interestIncome": "16000000", "interestExpense": "61000000", "nonInterestIncome": "None", "otherNonOperatingIncome": "-265000000", "depreciation": "None", "depreciationAndAmortization": "452000000", "incomeBeforeTax": "-248000000", "incomeTaxExpense": "-61000000", "interestAndDebtExpense": "None", "netIncomeFromContinuingOperations": "-187000000", "comprehensiveIncomeNetOfTax": "None", "ebit": "-187000000", "ebitda": "265000000", "netIncome": "-188000000"}, {"fiscalDateEnding": "2021-06-30", "reportedCurrency": "USD", "grossProfit": "464000000", "totalRevenue": "4141000000", "costOfRevenue": "3677000000", "costofGoodsAndServicesSold": "3677000000", "operatingIncome": "90000000", "sellingGeneralAndAdministrative": "374000000", "researchAndDevelopment": "None", "operatingExpenses": "374000000", "investmentIncomeNet": "None", "netInterestIncome": "-42000000", "interestIncome": "42000000", "interestExpense": "62000000", "nonInterestIncome": "None", "otherNonOperatingIncome": "369000000", "depreciation": "None", "depreciationAndAmortization": "427000000", "incomeBeforeTax": "424000000", "incomeTaxExpense": "142000000", "interestAndDebtExpense": "None", "netIncomeFromContinuingOperations": "282000000", "comprehensiveIncomeNetOfTax": "None", "ebit": "486000000", "ebitda": "913000000", "netIncome": "278000000"}, {"fiscalDateEnding": "2021-03-31", "reportedCurrency": "USD", "grossProfit": "346000000", "totalRevenue": "4385000000", "costOfRevenue": "4039000000", "costofGoodsAndServicesSold": "4039000000", "operatingIncome": "-74000000", "sellingGeneralAndAdministrative": "471000000", "researchAndDevelopment": "None", "operatingExpenses": "420000000", "investmentIncomeNet": "None", "netInterestIncome": "-55000000", "interestIncome": "22000000", "interestExpense": "77000000", "nonInterestIncome": "None", "otherNonOperatingIncome": "-61000000", "depreciation": "None", "depreciationAndAmortization": "482000000", "incomeBeforeTax": "-793000000", "incomeTaxExpense": "11000000", "interestAndDebtExpense": "None", "netIncomeFromContinuingOperations": "-804000000", "comprehensiveIncomeNetOfTax": "None", "ebit": "-716000000", "ebitda": "-234000000", "netIncome": "-798000000"}, {"fiscalDateEnding": "2020-12-31", "reportedCurrency": "USD", "grossProfit": "480000000", "totalRevenue": "4288000000", "costOfRevenue": "3808000000", "costofGoodsAndServicesSold": "3808000000", "operatingIncome": "59000000", "sellingGeneralAndAdministrative": "517000000", "researchAndDevelopment": "None", "operatingExpenses": "421000000", "investmentIncomeNet": "None", "netInterestIncome": "-54000000", "interestIncome": "28000000", "interestExpense": "82000000", "nonInterestIncome": "None", "otherNonOperatingIncome": "2074000000", "depreciation": "None", "depreciationAndAmortization": "481000000", "incomeBeforeTax": "1978000000", "incomeTaxExpense": "875000000", "interestAndDebtExpense": "None", "netIncomeFromContinuingOperations": "1103000000", "comprehensiveIncomeNetOfTax": "None", "ebit": "2060000000", "ebitda": "2541000000", "netIncome": "1098000000"}, {"fiscalDateEnding": "2020-09-30", "reportedCurrency": "USD", "grossProfit": "466000000", "totalRevenue": "4554000000", "costOfRevenue": "4088000000", "costofGoodsAndServicesSold": "4088000000", "operatingIncome": "28000000", "sellingGeneralAndAdministrative": "539000000", "researchAndDevelopment": "None", "operatingExpenses": "438000000", "investmentIncomeNet": "None", "netInterestIncome": "-71000000", "interestIncome": "71000000", "interestExpense": "96000000", "nonInterestIncome": "None", "otherNonOperatingIncome": "25000000", "depreciation": "None", "depreciationAndAmortization": "529000000", "incomeBeforeTax": "-306000000", "incomeTaxExpense": "-60000000", "interestAndDebtExpense": "None", "netIncomeFromContinuingOperations": "-246000000", "comprehensiveIncomeNetOfTax": "None", "ebit": "-210000000", "ebitda": "319000000", "netIncome": "-244000000"}, {"fiscalDateEnding": "2020-06-30", "reportedCurrency": "USD", "grossProfit": "381000000", "totalRevenue": "4502000000", "costOfRevenue": "4121000000", "costofGoodsAndServicesSold": "4121000000", "operatingIncome": "-48000000", "sellingGeneralAndAdministrative": "539000000", "researchAndDevelopment": "None", "operatingExpenses": "429000000", "investmentIncomeNet": "None", "netInterestIncome": "-83000000", "interestIncome": "83000000", "interestExpense": "106000000", "nonInterestIncome": "None", "otherNonOperatingIncome": "23000000", "depreciation": "None", "depreciationAndAmortization": "496000000", "incomeBeforeTax": "-225000000", "incomeTaxExpense": "-26000000", "interestAndDebtExpense": "None", "netIncomeFromContinuingOperations": "-199000000", "comprehensiveIncomeNetOfTax": "None", "ebit": "-119000000", "ebitda": "377000000", "netIncome": "-205000000"}, {"fiscalDateEnding": "2020-03-31", "reportedCurrency": "USD", "grossProfit": "516000000", "totalRevenue": "4815000000", "costOfRevenue": "4299000000", "costofGoodsAndServicesSold": "4299000000", "operatingIncome": "72000000", "sellingGeneralAndAdministrative": "536000000", "researchAndDevelopment": "None", "operatingExpenses": "444000000", "investmentIncomeNet": "None", "netInterestIncome": "-60000000", "interestIncome": "44000000", "interestExpense": "95000000", "nonInterestIncome": "None", "otherNonOperatingIncome": "None", "depreciation": "None", "depreciationAndAmortization": "531000000", "incomeBeforeTax": "-3562000000", "incomeTaxExpense": "-61000000", "interestAndDebtExpense": "None", "netIncomeFromContinuingOperations": "-3501000000", "comprehensiveIncomeNetOfTax": "None", "ebit": "-3467000000", "ebitda": "-2936000000", "netIncome": "-3495000000"}, {"fiscalDateEnding": "2019-12-31", "reportedCurrency": "USD", "grossProfit": "715000000", "totalRevenue": "5021000000", "costOfRevenue": "4306000000", "costofGoodsAndServicesSold": "4306000000", "operatingIncome": "265000000", "sellingGeneralAndAdministrative": "518000000", "researchAndDevelopment": "None", "operatingExpenses": "450000000", "investmentIncomeNet": "None", "netInterestIncome": "-60000000", "interestIncome": "61000000", "interestExpense": "93000000", "nonInterestIncome": "None", "otherNonOperatingIncome": "None", "depreciation": "None", "depreciationAndAmortization": "483000000", "incomeBeforeTax": "127000000", "incomeTaxExpense": "37000000", "interestAndDebtExpense": "None", "netIncomeFromContinuingOperations": "90000000", "comprehensiveIncomeNetOfTax": "None", "ebit": "220000000", "ebitda": "703000000", "netIncome": "82000000"}, {"fiscalDateEnding": "2019-09-30", "reportedCurrency": "USD", "grossProfit": "1172000000", "totalRevenue": "4851000000", "costOfRevenue": "3679000000", "costofGoodsAndServicesSold": "3679000000", "operatingIncome": "216000000", "sellingGeneralAndAdministrative": "489000000", "researchAndDevelopment": "None", "operatingExpenses": "956000000", "investmentIncomeNet": "None", "netInterestIncome": "-37000000", "interestIncome": "4000000", "interestExpense": "104000000", "nonInterestIncome": "None", "otherNonOperatingIncome": "None", "depreciation": "None", "depreciationAndAmortization": "472000000", "incomeBeforeTax": "-1999000000", "incomeTaxExpense": "116000000", "interestAndDebtExpense": "None", "netIncomeFromContinuingOperations": "-2115000000", "comprehensiveIncomeNetOfTax": "None", "ebit": "-1895000000", "ebitda": "-1423000000", "netIncome": "-2119000000"}, {"fiscalDateEnding": "2019-06-30", "reportedCurrency": "USD", "grossProfit": "1268000000", "totalRevenue": "4890000000", "costOfRevenue": "3622000000", "costofGoodsAndServicesSold": "3622000000", "operatingIncome": "291000000", "sellingGeneralAndAdministrative": "507000000", "researchAndDevelopment": "None", "operatingExpenses": "977000000", "investmentIncomeNet": "None", "netInterestIncome": "-61000000", "interestIncome": "80000000", "interestExpense": "91000000", "nonInterestIncome": "None", "otherNonOperatingIncome": "None", "depreciation": "None", "depreciationAndAmortization": "474000000", "incomeBeforeTax": "206000000", "incomeTaxExpense": "38000000", "interestAndDebtExpense": "None", "netIncomeFromContinuingOperations": "168000000", "comprehensiveIncomeNetOfTax": "None", "ebit": "297000000", "ebitda": "771000000", "netIncome": "163000000"}, {"fiscalDateEnding": "2019-03-31", "reportedCurrency": "USD", "grossProfit": "1444000000", "totalRevenue": "5280000000", "costOfRevenue": "3836000000", "costofGoodsAndServicesSold": "3836000000", "operatingIncome": "480000000", "sellingGeneralAndAdministrative": "459000000", "researchAndDevelopment": "None", "operatingExpenses": "964000000", "investmentIncomeNet": "None", "netInterestIncome": "-49000000", "interestIncome": "3000000", "interestExpense": "85000000", "nonInterestIncome": "None", "otherNonOperatingIncome": "None", "depreciation": "None", "depreciationAndAmortization": "509000000", "incomeBeforeTax": "354000000", "incomeTaxExpense": "83000000", "interestAndDebtExpense": "None", "netIncomeFromContinuingOperations": "271000000", "comprehensiveIncomeNetOfTax": "None", "ebit": "439000000", "ebitda": "948000000", "netIncome": "274000000"}, {"fiscalDateEnding": "2018-12-31", "reportedCurrency": "USD", "grossProfit": "1453000000", "totalRevenue": "5178000000", "costOfRevenue": "3725000000", "costofGoodsAndServicesSold": "3725000000", "operatingIncome": "454000000", "sellingGeneralAndAdministrative": "491000000", "researchAndDevelopment": "0", "operatingExpenses": "999000000", "investmentIncomeNet": "None", "netInterestIncome": "None", "interestIncome": "None", "interestExpense": "81000000", "nonInterestIncome": "None", "otherNonOperatingIncome": "None", "depreciation": "None", "depreciationAndAmortization": "512000000", "incomeBeforeTax": "469000000", "incomeTaxExpense": "3000000", "interestAndDebtExpense": "None", "netIncomeFromContinuingOperations": "466000000", "comprehensiveIncomeNetOfTax": "None", "ebit": "550000000", "ebitda": "1062000000", "netIncome": "462000000"}, {"fiscalDateEnding": "2018-09-30", "reportedCurrency": "USD", "grossProfit": "1495000000", "totalRevenue": "5013000000", "costOfRevenue": "3518000000", "costofGoodsAndServicesSold": "3518000000", "operatingIncome": "442000000", "sellingGeneralAndAdministrative": "569000000", "researchAndDevelopment": "0", "operatingExpenses": "1053000000", "investmentIncomeNet": "None", "netInterestIncome": "None", "interestIncome": "None", "interestExpense": "83000000", "nonInterestIncome": "None", "otherNonOperatingIncome": "None", "depreciation": "None", "depreciationAndAmortization": "493000000", "incomeBeforeTax": "332000000", "incomeTaxExpense": "73000000", "interestAndDebtExpense": "None", "netIncomeFromContinuingOperations": "259000000", "comprehensiveIncomeNetOfTax": "None", "ebit": "415000000", "ebitda": "908000000", "netIncome": "262000000"}, {"fiscalDateEnding": "2018-06-30", "reportedCurrency": "USD", "grossProfit": "1415000000", "totalRevenue": "5282000000", "costOfRevenue": "3867000000", "costofGoodsAndServicesSold": "3867000000", "operatingIncome": "504000000", "sellingGeneralAndAdministrative": "440000000", "researchAndDevelopment": "0", "operatingExpenses": "911000000", "investmentIncomeNet": "None", "netInterestIncome": "None", "interestIncome": "None", "interestExpense": "85000000", "nonInterestIncome": "None", "otherNonOperatingIncome": "None", "depreciation": "None", "depreciationAndAmortization": "509000000", "incomeBeforeTax": "360000000", "incomeTaxExpense": "129000000", "interestAndDebtExpense": "None", "netIncomeFromContinuingOperations": "231000000", "comprehensiveIncomeNetOfTax": "None", "ebit": "445000000", "ebitda": "954000000", "netIncome": "259000000"}, {"fiscalDateEnding": "2018-03-31", "reportedCurrency": "USD", "grossProfit": "1971000000", "totalRevenue": "6294000000", "costOfRevenue": "4323000000", "costofGoodsAndServicesSold": "4323000000", "operatingIncome": "933000000", "sellingGeneralAndAdministrative": "453000000", "researchAndDevelopment": "0", "operatingExpenses": "1038000000", "investmentIncomeNet": "None", "netInterestIncome": "None", "interestIncome": "None", "interestExpense": "104000000", "nonInterestIncome": "None", "otherNonOperatingIncome": "None", "depreciation": "None", "depreciationAndAmortization": "627000000", "incomeBeforeTax": "661000000", "incomeTaxExpense": "96000000", "interestAndDebtExpense": "None", "netIncomeFromContinuingOperations": "565000000", "comprehensiveIncomeNetOfTax": "None", "ebit": "765000000", "ebitda": "1392000000", "netIncome": "560000000"}, {"fiscalDateEnding": "2017-12-31", "reportedCurrency": "USD", "grossProfit": "1665000000", "totalRevenue": "6186000000", "costOfRevenue": "4521000000", "costofGoodsAndServicesSold": "4521000000", "operatingIncome": "709000000", "sellingGeneralAndAdministrative": "475000000", "researchAndDevelopment": "0", "operatingExpenses": "956000000", "investmentIncomeNet": "None", "netInterestIncome": "None", "interestIncome": "None", "interestExpense": "73000000", "nonInterestIncome": "None", "otherNonOperatingIncome": "None", "depreciation": "None", "depreciationAndAmortization": "481000000", "incomeBeforeTax": "438000000", "incomeTaxExpense": "-341000000", "interestAndDebtExpense": "None", "netIncomeFromContinuingOperations": "779000000", "comprehensiveIncomeNetOfTax": "None", "ebit": "517000000", "ebitda": "998000000", "netIncome": "776000000"}, {"fiscalDateEnding": "2017-09-30", "reportedCurrency": "USD", "grossProfit": "1851000000", "totalRevenue": "6163000000", "costOfRevenue": "4312000000", "costofGoodsAndServicesSold": "4312000000", "operatingIncome": "642000000", "sellingGeneralAndAdministrative": "672000000", "researchAndDevelopment": "0", "operatingExpenses": "1209000000", "investmentIncomeNet": "None", "netInterestIncome": "None", "interestIncome": "None", "interestExpense": "73000000", "nonInterestIncome": "None", "otherNonOperatingIncome": "None", "depreciation": "None", "depreciationAndAmortization": "541000000", "incomeBeforeTax": "387000000", "incomeTaxExpense": "122000000", "interestAndDebtExpense": "None", "netIncomeFromContinuingOperations": "265000000", "comprehensiveIncomeNetOfTax": "None", "ebit": "465000000", "ebitda": "1006000000", "netIncome": "256000000"}, {"fiscalDateEnding": "2017-06-30", "reportedCurrency": "USD", "grossProfit": "1125000000", "totalRevenue": "5913000000", "costOfRevenue": "4788000000", "costofGoodsAndServicesSold": "4788000000", "operatingIncome": "354000000", "sellingGeneralAndAdministrative": "410000000", "researchAndDevelopment": "0", "operatingExpenses": "771000000", "investmentIncomeNet": "None", "netInterestIncome": "None", "interestIncome": "None", "interestExpense": "74000000", "nonInterestIncome": "None", "otherNonOperatingIncome": "None", "depreciation": "None", "depreciationAndAmortization": "363000000", "incomeBeforeTax": "185000000", "incomeTaxExpense": "12000000", "interestAndDebtExpense": "None", "netIncomeFromContinuingOperations": "173000000", "comprehensiveIncomeNetOfTax": "None", "ebit": "261000000", "ebitda": "624000000", "netIncome": "159000000"}, {"fiscalDateEnding": "2017-03-31", "reportedCurrency": "USD", "grossProfit": "475000000", "totalRevenue": "1889000000", "costOfRevenue": "1414000000", "costofGoodsAndServicesSold": "1414000000", "operatingIncome": "-26000000", "sellingGeneralAndAdministrative": "348000000", "researchAndDevelopment": "0", "operatingExpenses": "501000000", "investmentIncomeNet": "None", "netInterestIncome": "None", "interestIncome": "None", "interestExpense": "30000000", "nonInterestIncome": "None", "otherNonOperatingIncome": "None", "depreciation": "None", "depreciationAndAmortization": "155000000", "incomeBeforeTax": "-187000000", "incomeTaxExpense": "-49000000", "interestAndDebtExpense": "None", "netIncomeFromContinuingOperations": "-100000000", "comprehensiveIncomeNetOfTax": "None", "ebit": "-157000000", "ebitda": "-2000000", "netIncome": "-148000000"}, {"fiscalDateEnding": "2016-12-31", "reportedCurrency": "USD", "grossProfit": "570000000", "totalRevenue": "1917000000", "costOfRevenue": "1347000000", "costofGoodsAndServicesSold": "1347000000", "operatingIncome": "76000000", "sellingGeneralAndAdministrative": "333000000", "researchAndDevelopment": "0", "operatingExpenses": "494000000", "investmentIncomeNet": "None", "netInterestIncome": "None", "interestIncome": "None", "interestExpense": "33000000", "nonInterestIncome": "None", "otherNonOperatingIncome": "-26000000", "depreciation": "None", "depreciationAndAmortization": "164000000", "incomeBeforeTax": "50000000", "incomeTaxExpense": "13000000", "interestAndDebtExpense": "None", "netIncomeFromContinuingOperations": "-37000000", "comprehensiveIncomeNetOfTax": "None", "ebit": "83000000", "ebitda": "247000000", "netIncome": "31000000"}, {"fiscalDateEnding": "2016-09-30", "reportedCurrency": "USD", "grossProfit": "508000000", "totalRevenue": "1871000000", "costOfRevenue": "1363000000", "costofGoodsAndServicesSold": "1363000000", "operatingIncome": "48000000", "sellingGeneralAndAdministrative": "240000000", "researchAndDevelopment": "0", "operatingExpenses": "460000000", "investmentIncomeNet": "None", "netInterestIncome": "None", "interestIncome": "None", "interestExpense": "29000000", "nonInterestIncome": "None", "otherNonOperatingIncome": "None", "depreciation": "None", "depreciationAndAmortization": "170000000", "incomeBeforeTax": "-1000000", "incomeTaxExpense": "-22000000", "interestAndDebtExpense": "None", "netIncomeFromContinuingOperations": "0", "comprehensiveIncomeNetOfTax": "None", "ebit": "28000000", "ebitda": "198000000", "netIncome": "15000000"}, {"fiscalDateEnding": "2016-06-30", "reportedCurrency": "USD", "grossProfit": "509000000", "totalRevenue": "1930000000", "costOfRevenue": "1421000000", "costofGoodsAndServicesSold": "1421000000", "operatingIncome": "38000000", "sellingGeneralAndAdministrative": "249000000", "researchAndDevelopment": "0", "operatingExpenses": "471000000", "investmentIncomeNet": "None", "netInterestIncome": "None", "interestIncome": "None", "interestExpense": "25000000", "nonInterestIncome": "None", "otherNonOperatingIncome": "None", "depreciation": "None", "depreciationAndAmortization": "169000000", "incomeBeforeTax": "-36000000", "incomeTaxExpense": "-16000000", "interestAndDebtExpense": "None", "netIncomeFromContinuingOperations": "0", "comprehensiveIncomeNetOfTax": "None", "ebit": "-11000000", "ebitda": "158000000", "netIncome": "-21000000"}, {"fiscalDateEnding": "2016-03-31", "reportedCurrency": "USD", "grossProfit": "347000000", "totalRevenue": "1807000000", "costOfRevenue": "1460000000", "costofGoodsAndServicesSold": "1460000000", "operatingIncome": "-59000000", "sellingGeneralAndAdministrative": "847000000", "researchAndDevelopment": "65000000", "operatingExpenses": "406000000", "investmentIncomeNet": "None", "netInterestIncome": "None", "interestIncome": "None", "interestExpense": "31000000", "nonInterestIncome": "None", "otherNonOperatingIncome": "None", "depreciation": "None", "depreciationAndAmortization": "155000000", "incomeBeforeTax": "-187000000", "incomeTaxExpense": "-86000000", "interestAndDebtExpense": "None", "netIncomeFromContinuingOperations": "72000000", "comprehensiveIncomeNetOfTax": "None", "ebit": "-41000000", "ebitda": "114000000", "netIncome": "-126000000"}, {"fiscalDateEnding": "2015-12-31", "reportedCurrency": "USD", "grossProfit": "534000000", "totalRevenue": "1750000000", "costOfRevenue": "1216000000", "costofGoodsAndServicesSold": "1216000000", "operatingIncome": "116000000", "sellingGeneralAndAdministrative": "250000000", "researchAndDevelopment": "0", "operatingExpenses": "418000000", "investmentIncomeNet": "None", "netInterestIncome": "None", "interestIncome": "None", "interestExpense": "33000000", "nonInterestIncome": "None", "otherNonOperatingIncome": "None", "depreciation": "None", "depreciationAndAmortization": "161000000", "incomeBeforeTax": "78000000", "incomeTaxExpense": "63000000", "interestAndDebtExpense": "None", "netIncomeFromContinuingOperations": "0", "comprehensiveIncomeNetOfTax": "None", "ebit": "148000000", "ebitda": "309000000", "netIncome": "43000000"}, {"fiscalDateEnding": "2015-09-30", "reportedCurrency": "USD", "grossProfit": "742000000", "totalRevenue": "2712000000", "costOfRevenue": "1970000000", "costofGoodsAndServicesSold": "1970000000", "operatingIncome": "253000000", "sellingGeneralAndAdministrative": "260000000", "researchAndDevelopment": "0", "operatingExpenses": "489000000", "investmentIncomeNet": "None", "netInterestIncome": "None", "interestIncome": "None", "interestExpense": "35000000", "nonInterestIncome": "None", "otherNonOperatingIncome": "None", "depreciation": "None", "depreciationAndAmortization": "203000000", "incomeBeforeTax": "176000000", "incomeTaxExpense": "3000000", "interestAndDebtExpense": "None", "netIncomeFromContinuingOperations": "0", "comprehensiveIncomeNetOfTax": "None", "ebit": "76000000", "ebitda": "279000000", "netIncome": "167000000"}, {"fiscalDateEnding": "2015-06-30", "reportedCurrency": "USD", "grossProfit": "735000000", "totalRevenue": "2761000000", "costOfRevenue": "2026000000", "costofGoodsAndServicesSold": "2026000000", "operatingIncome": "244000000", "sellingGeneralAndAdministrative": "265000000", "researchAndDevelopment": "None", "operatingExpenses": "491000000", "investmentIncomeNet": "None", "netInterestIncome": "None", "interestIncome": "None", "interestExpense": "35000000", "nonInterestIncome": "None", "otherNonOperatingIncome": "None", "depreciation": "None", "depreciationAndAmortization": "207000000", "incomeBeforeTax": "228000000", "incomeTaxExpense": "64000000", "interestAndDebtExpense": "None", "netIncomeFromContinuingOperations": "None", "comprehensiveIncomeNetOfTax": "None", "ebit": "102000000", "ebitda": "309000000", "netIncome": "160000000"}, {"fiscalDateEnding": "2015-03-31", "reportedCurrency": "USD", "grossProfit": "476000000", "totalRevenue": "2909000000", "costOfRevenue": "2433000000", "costofGoodsAndServicesSold": "2433000000", "operatingIncome": "-35000000", "sellingGeneralAndAdministrative": "954000000", "researchAndDevelopment": "67000000", "operatingExpenses": "511000000", "investmentIncomeNet": "None", "netInterestIncome": "None", "interestIncome": "None", "interestExpense": "36000000", "nonInterestIncome": "None", "otherNonOperatingIncome": "None", "depreciation": "None", "depreciationAndAmortization": "215000000", "incomeBeforeTax": "-317000000", "incomeTaxExpense": "-330000000", "interestAndDebtExpense": "None", "netIncomeFromContinuingOperations": "-207000000", "comprehensiveIncomeNetOfTax": "None", "ebit": "-35000000", "ebitda": "180000000", "netIncome": "9000000"}, {"fiscalDateEnding": "2014-12-31", "reportedCurrency": "USD", "grossProfit": "417000000", "totalRevenue": "2947000000", "costOfRevenue": "2530000000", "costofGoodsAndServicesSold": "2530000000", "operatingIncome": "-372000000", "sellingGeneralAndAdministrative": "322000000", "researchAndDevelopment": "0", "operatingExpenses": "594000000", "investmentIncomeNet": "None", "netInterestIncome": "None", "interestIncome": "None", "interestExpense": "37000000", "nonInterestIncome": "None", "otherNonOperatingIncome": "None", "depreciation": "None", "depreciationAndAmortization": "238000000", "incomeBeforeTax": "-418000000", "incomeTaxExpense": "-105000000", "interestAndDebtExpense": "None", "netIncomeFromContinuingOperations": "0", "comprehensiveIncomeNetOfTax": "None", "ebit": "-354000000", "ebitda": "-116000000", "netIncome": "-314000000"}, {"fiscalDateEnding": "2014-09-30", "reportedCurrency": "USD", "grossProfit": "873000000", "totalRevenue": "3080000000", "costOfRevenue": "2207000000", "costofGoodsAndServicesSold": "2207000000", "operatingIncome": "275000000", "sellingGeneralAndAdministrative": "288000000", "researchAndDevelopment": "0", "operatingExpenses": "598000000", "investmentIncomeNet": "None", "netInterestIncome": "None", "interestIncome": "None", "interestExpense": "36000000", "nonInterestIncome": "None", "otherNonOperatingIncome": "None", "depreciation": "None", "depreciationAndAmortization": "252000000", "incomeBeforeTax": "245000000", "incomeTaxExpense": "68000000", "interestAndDebtExpense": "None", "netIncomeFromContinuingOperations": "0", "comprehensiveIncomeNetOfTax": "None", "ebit": "281000000", "ebitda": "533000000", "netIncome": "151000000"}, {"fiscalDateEnding": "2014-06-30", "reportedCurrency": "USD", "grossProfit": "873000000", "totalRevenue": "3237000000", "costOfRevenue": "2364000000", "costofGoodsAndServicesSold": "2364000000", "operatingIncome": "257000000", "sellingGeneralAndAdministrative": "344000000", "researchAndDevelopment": "None", "operatingExpenses": "616000000", "investmentIncomeNet": "None", "netInterestIncome": "None", "interestIncome": "None", "interestExpense": "39000000", "nonInterestIncome": "None", "otherNonOperatingIncome": "None", "depreciation": "None", "depreciationAndAmortization": "272000000", "incomeBeforeTax": "214000000", "incomeTaxExpense": "55000000", "interestAndDebtExpense": "None", "netIncomeFromContinuingOperations": "None", "comprehensiveIncomeNetOfTax": "None", "ebit": "253000000", "ebitda": "525000000", "netIncome": "146000000"}, {"fiscalDateEnding": "2014-03-31", "reportedCurrency": "USD", "grossProfit": "918000000", "totalRevenue": "3329000000", "costOfRevenue": "2411000000", "costofGoodsAndServicesSold": "2411000000", "operatingIncome": "337000000", "sellingGeneralAndAdministrative": "321000000", "researchAndDevelopment": "0", "operatingExpenses": "581000000", "investmentIncomeNet": "None", "netInterestIncome": "None", "interestIncome": "None", "interestExpense": "35000000", "nonInterestIncome": "None", "otherNonOperatingIncome": "None", "depreciation": "None", "depreciationAndAmortization": "265000000", "incomeBeforeTax": "262000000", "incomeTaxExpense": "83000000", "interestAndDebtExpense": "None", "netIncomeFromContinuingOperations": "520000000", "comprehensiveIncomeNetOfTax": "None", "ebit": "297000000", "ebitda": "562000000", "netIncome": "174000000"}, {"fiscalDateEnding": "2013-12-31", "reportedCurrency": "USD", "grossProfit": "866000000", "totalRevenue": "3228000000", "costOfRevenue": "2362000000", "costofGoodsAndServicesSold": "2362000000", "operatingIncome": "261000000", "sellingGeneralAndAdministrative": "314000000", "researchAndDevelopment": "0", "operatingExpenses": "605000000", "investmentIncomeNet": "None", "netInterestIncome": "None", "interestIncome": "None", "interestExpense": "38000000", "nonInterestIncome": "None", "otherNonOperatingIncome": "None", "depreciation": "None", "depreciationAndAmortization": "251000000", "incomeBeforeTax": "221000000", "incomeTaxExpense": "70000000", "interestAndDebtExpense": "None", "netIncomeFromContinuingOperations": "0", "comprehensiveIncomeNetOfTax": "None", "ebit": "396000000", "ebitda": "647000000", "netIncome": "141000000"}, {"fiscalDateEnding": "2013-09-30", "reportedCurrency": "USD", "grossProfit": "849000000", "totalRevenue": "3187000000", "costOfRevenue": "2338000000", "costofGoodsAndServicesSold": "2338000000", "operatingIncome": "285000000", "sellingGeneralAndAdministrative": "314000000", "researchAndDevelopment": "0", "operatingExpenses": "564000000", "investmentIncomeNet": "None", "netInterestIncome": "None", "interestIncome": "None", "interestExpense": "35000000", "nonInterestIncome": "None", "otherNonOperatingIncome": "None", "depreciation": "None", "depreciationAndAmortization": "247000000", "incomeBeforeTax": "216000000", "incomeTaxExpense": "70000000", "interestAndDebtExpense": "None", "netIncomeFromContinuingOperations": "0", "comprehensiveIncomeNetOfTax": "None", "ebit": "275000000", "ebitda": "522000000", "netIncome": "203000000"}, {"fiscalDateEnding": "2013-06-30", "reportedCurrency": "USD", "grossProfit": "794000000", "totalRevenue": "3260000000", "costOfRevenue": "2466000000", "costofGoodsAndServicesSold": "2466000000", "operatingIncome": "247000000", "sellingGeneralAndAdministrative": "288000000", "researchAndDevelopment": "0", "operatingExpenses": "547000000", "investmentIncomeNet": "None", "netInterestIncome": "None", "interestIncome": "None", "interestExpense": "39000000", "nonInterestIncome": "None", "otherNonOperatingIncome": "None", "depreciation": "None", "depreciationAndAmortization": "255000000", "incomeBeforeTax": "206000000", "incomeTaxExpense": "65000000", "interestAndDebtExpense": "None", "netIncomeFromContinuingOperations": "0", "comprehensiveIncomeNetOfTax": "None", "ebit": "273000000", "ebitda": "528000000", "netIncome": "156000000"}, {"fiscalDateEnding": "2013-03-31", "reportedCurrency": "USD", "grossProfit": "849000000", "totalRevenue": "3559000000", "costOfRevenue": "2710000000", "costofGoodsAndServicesSold": "2710000000", "operatingIncome": "248000000", "sellingGeneralAndAdministrative": "277000000", "researchAndDevelopment": "55000000", "operatingExpenses": "601000000", "investmentIncomeNet": "None", "netInterestIncome": "None", "interestIncome": "None", "interestExpense": "36000000", "nonInterestIncome": "None", "otherNonOperatingIncome": "None", "depreciation": "None", "depreciationAndAmortization": "292000000", "incomeBeforeTax": "100000000", "incomeTaxExpense": "-141000000", "interestAndDebtExpense": "None", "netIncomeFromContinuingOperations": "0", "comprehensiveIncomeNetOfTax": "None", "ebit": "306000000", "ebitda": "598000000", "netIncome": "281000000"}, {"fiscalDateEnding": "2012-12-31", "reportedCurrency": "USD", "grossProfit": "786000000", "totalRevenue": "3781000000", "costOfRevenue": "2995000000", "costofGoodsAndServicesSold": "2995000000", "operatingIncome": "238000000", "sellingGeneralAndAdministrative": "271000000", "researchAndDevelopment": "0", "operatingExpenses": "548000000", "investmentIncomeNet": "None", "netInterestIncome": "None", "interestIncome": "None", "interestExpense": "57000000", "nonInterestIncome": "None", "otherNonOperatingIncome": "None", "depreciation": "None", "depreciationAndAmortization": "282000000", "incomeBeforeTax": "155000000", "incomeTaxExpense": "32000000", "interestAndDebtExpense": "None", "netIncomeFromContinuingOperations": "0", "comprehensiveIncomeNetOfTax": "None", "ebit": "238000000", "ebitda": "520000000", "netIncome": "510000000"}, {"fiscalDateEnding": "2012-09-30", "reportedCurrency": "USD", "grossProfit": "860000000", "totalRevenue": "3854000000", "costOfRevenue": "2994000000", "costofGoodsAndServicesSold": "2994000000", "operatingIncome": "286000000", "sellingGeneralAndAdministrative": "294000000", "researchAndDevelopment": "0", "operatingExpenses": "560000000", "investmentIncomeNet": "None", "netInterestIncome": "None", "interestIncome": "None", "interestExpense": "45000000", "nonInterestIncome": "None", "otherNonOperatingIncome": "None", "depreciation": "None", "depreciationAndAmortization": "273000000", "incomeBeforeTax": "202000000", "incomeTaxExpense": "64000000", "interestAndDebtExpense": "None", "netIncomeFromContinuingOperations": "0", "comprehensiveIncomeNetOfTax": "None", "ebit": "305000000", "ebitda": "578000000", "netIncome": "130000000"}, {"fiscalDateEnding": "2012-06-30", "reportedCurrency": "USD", "grossProfit": "704000000", "totalRevenue": "3957000000", "costOfRevenue": "3253000000", "costofGoodsAndServicesSold": "3253000000", "operatingIncome": "150000000", "sellingGeneralAndAdministrative": "281000000", "researchAndDevelopment": "0", "operatingExpenses": "554000000", "investmentIncomeNet": "None", "netInterestIncome": "None", "interestIncome": "None", "interestExpense": "45000000", "nonInterestIncome": "None", "otherNonOperatingIncome": "None", "depreciation": "None", "depreciationAndAmortization": "279000000", "incomeBeforeTax": "74000000", "incomeTaxExpense": "32000000", "interestAndDebtExpense": "None", "netIncomeFromContinuingOperations": "0", "comprehensiveIncomeNetOfTax": "None", "ebit": "155000000", "ebitda": "434000000", "netIncome": "40000000"}, {"fiscalDateEnding": "2012-03-31", "reportedCurrency": "USD", "grossProfit": "593000000", "totalRevenue": "4114000000", "costOfRevenue": "3521000000", "costofGoodsAndServicesSold": "3521000000", "operatingIncome": "22000000", "sellingGeneralAndAdministrative": "279000000", "researchAndDevelopment": "0", "operatingExpenses": "571000000", "investmentIncomeNet": "None", "netInterestIncome": "None", "interestIncome": "None", "interestExpense": "45000000", "nonInterestIncome": "None", "otherNonOperatingIncome": "None", "depreciation": "None", "depreciationAndAmortization": "279000000", "incomeBeforeTax": "-156000000", "incomeTaxExpense": "-3000000", "interestAndDebtExpense": "None", "netIncomeFromContinuingOperations": "0", "comprehensiveIncomeNetOfTax": "None", "ebit": "31000000", "ebitda": "310000000", "netIncome": "-158000000"}, {"fiscalDateEnding": "2011-12-31", "reportedCurrency": "USD", "grossProfit": "-754000000", "totalRevenue": "3764000000", "costOfRevenue": "4518000000", "costofGoodsAndServicesSold": "4518000000", "operatingIncome": "-1331000000", "sellingGeneralAndAdministrative": "269000000", "researchAndDevelopment": "0", "operatingExpenses": "577000000", "investmentIncomeNet": "None", "netInterestIncome": "None", "interestIncome": "None", "interestExpense": "43000000", "nonInterestIncome": "None", "otherNonOperatingIncome": "None", "depreciation": "None", "depreciationAndAmortization": "322000000", "incomeBeforeTax": "-1438000000", "incomeTaxExpense": "-45000000", "interestAndDebtExpense": "None", "netIncomeFromContinuingOperations": "0", "comprehensiveIncomeNetOfTax": "None", "ebit": "-1323000000", "ebitda": "-1001000000", "netIncome": "-1390000000"}, {"fiscalDateEnding": "2011-09-30", "reportedCurrency": "USD", "grossProfit": "456000000", "totalRevenue": "3966000000", "costOfRevenue": "3510000000", "costofGoodsAndServicesSold": "3510000000", "operatingIncome": "-141000000", "sellingGeneralAndAdministrative": "293000000", "researchAndDevelopment": "0", "operatingExpenses": "597000000", "investmentIncomeNet": "None", "netInterestIncome": "None", "interestIncome": "None", "interestExpense": "46000000", "nonInterestIncome": "None", "otherNonOperatingIncome": "None", "depreciation": "None", "depreciationAndAmortization": "319000000", "incomeBeforeTax": "-2854000000", "incomeTaxExpense": "12000000", "interestAndDebtExpense": "None", "netIncomeFromContinuingOperations": "0", "comprehensiveIncomeNetOfTax": "None", "ebit": "-129000000", "ebitda": "190000000", "netIncome": "-2877000000"}, {"fiscalDateEnding": "2011-06-30", "reportedCurrency": "USD", "grossProfit": "668000000", "totalRevenue": "4033000000", "costOfRevenue": "3365000000", "costofGoodsAndServicesSold": "3365000000", "operatingIncome": "131000000", "sellingGeneralAndAdministrative": "264000000", "researchAndDevelopment": "0", "operatingExpenses": "542000000", "investmentIncomeNet": "None", "netInterestIncome": "None", "interestIncome": "None", "interestExpense": "42000000", "nonInterestIncome": "None", "otherNonOperatingIncome": "None", "depreciation": "None", "depreciationAndAmortization": "292000000", "incomeBeforeTax": "101000000", "incomeTaxExpense": "-85000000", "interestAndDebtExpense": "None", "netIncomeFromContinuingOperations": "0", "comprehensiveIncomeNetOfTax": "None", "ebit": "143000000", "ebitda": "435000000", "netIncome": "183000000"}, {"fiscalDateEnding": "2011-03-31", "reportedCurrency": "USD", "grossProfit": "803000000", "totalRevenue": "4117000000", "costOfRevenue": "3314000000", "costofGoodsAndServicesSold": "3314000000", "operatingIncome": "317000000", "sellingGeneralAndAdministrative": "235000000", "researchAndDevelopment": "0", "operatingExpenses": "486000000", "investmentIncomeNet": "None", "netInterestIncome": "None", "interestIncome": "None", "interestExpense": "42000000", "nonInterestIncome": "None", "otherNonOperatingIncome": "None", "depreciation": "None", "depreciationAndAmortization": "283000000", "incomeBeforeTax": "247000000", "incomeTaxExpense": "106000000", "interestAndDebtExpense": "None", "netIncomeFromContinuingOperations": "0", "comprehensiveIncomeNetOfTax": "None", "ebit": "329000000", "ebitda": "612000000", "netIncome": "171000000"}, {"fiscalDateEnding": "2010-12-31", "reportedCurrency": "USD", "grossProfit": "776000000", "totalRevenue": "4008000000", "costOfRevenue": "3232000000", "costofGoodsAndServicesSold": "3232000000", "operatingIncome": "264000000", "sellingGeneralAndAdministrative": "241000000", "researchAndDevelopment": "0", "operatingExpenses": "512000000", "investmentIncomeNet": "None", "netInterestIncome": "None", "interestIncome": "None", "interestExpense": "43000000", "nonInterestIncome": "None", "otherNonOperatingIncome": "None", "depreciation": "None", "depreciationAndAmortization": "286000000", "incomeBeforeTax": "231000000", "incomeTaxExpense": "-12000000", "interestAndDebtExpense": "None", "netIncomeFromContinuingOperations": "0", "comprehensiveIncomeNetOfTax": "None", "ebit": "273000000", "ebitda": "559000000", "netIncome": "242000000"}, {"fiscalDateEnding": "2010-09-30", "reportedCurrency": "USD", "grossProfit": "793000000", "totalRevenue": "3975000000", "costOfRevenue": "3182000000", "costofGoodsAndServicesSold": "3182000000", "operatingIncome": "308000000", "sellingGeneralAndAdministrative": "246000000", "researchAndDevelopment": "0", "operatingExpenses": "485000000", "investmentIncomeNet": "None", "netInterestIncome": "None", "interestIncome": "None", "interestExpense": "42000000", "nonInterestIncome": "None", "otherNonOperatingIncome": "None", "depreciation": "None", "depreciationAndAmortization": "294000000", "incomeBeforeTax": "275000000", "incomeTaxExpense": "82000000", "interestAndDebtExpense": "None", "netIncomeFromContinuingOperations": "0", "comprehensiveIncomeNetOfTax": "None", "ebit": "287000000", "ebitda": "581000000", "netIncome": "184000000"}, {"fiscalDateEnding": "2010-06-30", "reportedCurrency": "USD", "grossProfit": "745000000", "totalRevenue": "3942000000", "costOfRevenue": "3197000000", "costofGoodsAndServicesSold": "3197000000", "operatingIncome": "248000000", "sellingGeneralAndAdministrative": "243000000", "researchAndDevelopment": "0", "operatingExpenses": "497000000", "investmentIncomeNet": "None", "netInterestIncome": "None", "interestIncome": "None", "interestExpense": "41000000", "nonInterestIncome": "None", "otherNonOperatingIncome": "None", "depreciation": "None", "depreciationAndAmortization": "277000000", "incomeBeforeTax": "215000000", "incomeTaxExpense": "67000000", "interestAndDebtExpense": "None", "netIncomeFromContinuingOperations": "0", "comprehensiveIncomeNetOfTax": "None", "ebit": "252000000", "ebitda": "529000000", "netIncome": "143000000"}, {"fiscalDateEnding": "2010-03-31", "reportedCurrency": "USD", "grossProfit": "915000000", "totalRevenue": "4236000000", "costOfRevenue": "3321000000", "costofGoodsAndServicesSold": "3321000000", "operatingIncome": "389000000", "sellingGeneralAndAdministrative": "259000000", "researchAndDevelopment": "0", "operatingExpenses": "526000000", "investmentIncomeNet": "None", "netInterestIncome": "None", "interestIncome": "None", "interestExpense": "94000000", "nonInterestIncome": "None", "otherNonOperatingIncome": "None", "depreciation": "None", "depreciationAndAmortization": "278000000", "incomeBeforeTax": "302000000", "incomeTaxExpense": "38000000", "interestAndDebtExpense": "None", "netIncomeFromContinuingOperations": "0", "comprehensiveIncomeNetOfTax": "None", "ebit": "396000000", "ebitda": "674000000", "netIncome": "259000000"}, {"fiscalDateEnding": "2009-12-31", "reportedCurrency": "USD", "grossProfit": "848000000", "totalRevenue": "3953000000", "costOfRevenue": "3105000000", "costofGoodsAndServicesSold": "3105000000", "operatingIncome": "335000000", "sellingGeneralAndAdministrative": "239000000", "researchAndDevelopment": "0", "operatingExpenses": "513000000", "investmentIncomeNet": "None", "netInterestIncome": "None", "interestIncome": "None", "interestExpense": "50000000", "nonInterestIncome": "None", "otherNonOperatingIncome": "None", "depreciation": "None", "depreciationAndAmortization": "301000000", "incomeBeforeTax": "291000000", "incomeTaxExpense": "75000000", "interestAndDebtExpense": "None", "netIncomeFromContinuingOperations": "0", "comprehensiveIncomeNetOfTax": "None", "ebit": "341000000", "ebitda": "642000000", "netIncome": "211000000"}, {"fiscalDateEnding": "2009-09-30", "reportedCurrency": "USD", "grossProfit": "826000000", "totalRevenue": "4041000000", "costOfRevenue": "3215000000", "costofGoodsAndServicesSold": "3215000000", "operatingIncome": "306000000", "sellingGeneralAndAdministrative": "246000000", "researchAndDevelopment": "0", "operatingExpenses": "520000000", "investmentIncomeNet": "None", "netInterestIncome": "None", "interestIncome": "None", "interestExpense": "53000000", "nonInterestIncome": "None", "otherNonOperatingIncome": "None", "depreciation": "None", "depreciationAndAmortization": "294000000", "incomeBeforeTax": "260000000", "incomeTaxExpense": "39000000", "interestAndDebtExpense": "None", "netIncomeFromContinuingOperations": "0", "comprehensiveIncomeNetOfTax": "None", "ebit": "313000000", "ebitda": "607000000", "netIncome": "216000000"}, {"fiscalDateEnding": "2009-06-30", "reportedCurrency": "USD", "grossProfit": "742000000", "totalRevenue": "3898000000", "costOfRevenue": "3156000000", "costofGoodsAndServicesSold": "3156000000", "operatingIncome": "233000000", "sellingGeneralAndAdministrative": "247000000", "researchAndDevelopment": "0", "operatingExpenses": "509000000", "investmentIncomeNet": "None", "netInterestIncome": "None", "interestIncome": "None", "interestExpense": "55000000", "nonInterestIncome": "None", "otherNonOperatingIncome": "None", "depreciation": "None", "depreciationAndAmortization": "283000000", "incomeBeforeTax": "185000000", "incomeTaxExpense": "52000000", "interestAndDebtExpense": "None", "netIncomeFromContinuingOperations": "0", "comprehensiveIncomeNetOfTax": "None", "ebit": "240000000", "ebitda": "523000000", "netIncome": "131000000"}, {"fiscalDateEnding": "2009-03-31", "reportedCurrency": "USD", "grossProfit": "942400000", "totalRevenue": "4111700000", "costOfRevenue": "3169300000", "costofGoodsAndServicesSold": "3169300000", "operatingIncome": "386200000", "sellingGeneralAndAdministrative": "259000000", "researchAndDevelopment": "0", "operatingExpenses": "556200000", "investmentIncomeNet": "None", "netInterestIncome": "None", "interestIncome": "None", "interestExpense": "69000000", "nonInterestIncome": "None", "otherNonOperatingIncome": "None", "depreciation": "None", "depreciationAndAmortization": "283100000", "incomeBeforeTax": "330500000", "incomeTaxExpense": "-51800000", "interestAndDebtExpense": "None", "netIncomeFromContinuingOperations": "0", "comprehensiveIncomeNetOfTax": "None", "ebit": "408300000", "ebitda": "691400000", "netIncome": "382300000"}, {"fiscalDateEnding": "2008-12-31", "reportedCurrency": "USD", "grossProfit": "869000000", "totalRevenue": "3952400000", "costOfRevenue": "3083400000", "costofGoodsAndServicesSold": "3083400000", "operatingIncome": "325600000", "sellingGeneralAndAdministrative": "261000000", "researchAndDevelopment": "0", "operatingExpenses": "552300000", "investmentIncomeNet": "None", "netInterestIncome": "None", "interestIncome": "None", "interestExpense": "68700000", "nonInterestIncome": "None", "otherNonOperatingIncome": "None", "depreciation": "None", "depreciationAndAmortization": "282200000", "incomeBeforeTax": "260100000", "incomeTaxExpense": "99500000", "interestAndDebtExpense": "None", "netIncomeFromContinuingOperations": "0", "comprehensiveIncomeNetOfTax": "None", "ebit": "328800000", "ebitda": "611000000", "netIncome": "160600000"}, {"fiscalDateEnding": "2008-09-30", "reportedCurrency": "USD", "grossProfit": "832000000", "totalRevenue": "4238700000", "costOfRevenue": "3406700000", "costofGoodsAndServicesSold": "3406700000", "operatingIncome": "234600000", "sellingGeneralAndAdministrative": "285000000", "researchAndDevelopment": "0", "operatingExpenses": "597400000", "investmentIncomeNet": "None", "netInterestIncome": "None", "interestIncome": "None", "interestExpense": "59000000", "nonInterestIncome": "None", "otherNonOperatingIncome": "None", "depreciation": "None", "depreciationAndAmortization": "341300000", "incomeBeforeTax": "185100000", "incomeTaxExpense": "-266600000", "interestAndDebtExpense": "None", "netIncomeFromContinuingOperations": "0", "comprehensiveIncomeNetOfTax": "None", "ebit": "234400000", "ebitda": "575700000", "netIncome": "451700000"}, {"fiscalDateEnding": "2008-06-30", "reportedCurrency": "USD", "grossProfit": "835800000", "totalRevenue": "4437100000", "costOfRevenue": "3601300000", "costofGoodsAndServicesSold": "3601300000", "operatingIncome": "241100000", "sellingGeneralAndAdministrative": "278000000", "researchAndDevelopment": "0", "operatingExpenses": "594700000", "investmentIncomeNet": "None", "netInterestIncome": "None", "interestIncome": "None", "interestExpense": "64000000", "nonInterestIncome": "None", "otherNonOperatingIncome": "None", "depreciation": "None", "depreciationAndAmortization": "339600000", "incomeBeforeTax": "173400000", "incomeTaxExpense": "52800000", "interestAndDebtExpense": "None", "netIncomeFromContinuingOperations": "0", "comprehensiveIncomeNetOfTax": "None", "ebit": "244400000", "ebitda": "584000000", "netIncome": "120600000"}, {"fiscalDateEnding": "2008-03-31", "reportedCurrency": "USD", "grossProfit": "986000000", "totalRevenue": "4484400000", "costOfRevenue": "3498400000", "costofGoodsAndServicesSold": "3498400000", "operatingIncome": "460600000", "sellingGeneralAndAdministrative": "253500000", "researchAndDevelopment": "0", "operatingExpenses": "525400000", "investmentIncomeNet": "None", "netInterestIncome": "None", "interestIncome": "None", "interestExpense": "56300000", "nonInterestIncome": "None", "otherNonOperatingIncome": "None", "depreciation": "None", "depreciationAndAmortization": "292100000", "incomeBeforeTax": "310300000", "incomeTaxExpense": "128600000", "interestAndDebtExpense": "None", "netIncomeFromContinuingOperations": "0", "comprehensiveIncomeNetOfTax": "None", "ebit": "370100000", "ebitda": "662200000", "netIncome": "181700000"}, {"fiscalDateEnding": "2007-12-31", "reportedCurrency": "USD", "grossProfit": "858400000", "totalRevenue": "4160000000", "costOfRevenue": "3301600000", "costofGoodsAndServicesSold": "3301600000", "operatingIncome": "311100000", "sellingGeneralAndAdministrative": "240200000", "researchAndDevelopment": "0", "operatingExpenses": "547300000", "investmentIncomeNet": "None", "netInterestIncome": "None", "interestIncome": "None", "interestExpense": "51100000", "nonInterestIncome": "None", "otherNonOperatingIncome": "None", "depreciation": "None", "depreciationAndAmortization": "361100000", "incomeBeforeTax": "266300000", "incomeTaxExpense": "87300000", "interestAndDebtExpense": "None", "netIncomeFromContinuingOperations": "0", "comprehensiveIncomeNetOfTax": "None", "ebit": "339900000", "ebitda": "701000000", "netIncome": "179000000"}, {"fiscalDateEnding": "2007-09-30", "reportedCurrency": "USD", "grossProfit": "763400000", "totalRevenue": "4017200000", "costOfRevenue": "3253800000", "costofGoodsAndServicesSold": "3253800000", "operatingIncome": "230100000", "sellingGeneralAndAdministrative": "241100000", "researchAndDevelopment": "0", "operatingExpenses": "533300000", "investmentIncomeNet": "None", "netInterestIncome": "None", "interestIncome": "None", "interestExpense": "48800000", "nonInterestIncome": "None", "otherNonOperatingIncome": "None", "depreciation": "None", "depreciationAndAmortization": "329600000", "incomeBeforeTax": "171600000", "incomeTaxExpense": "95800000", "interestAndDebtExpense": "None", "netIncomeFromContinuingOperations": "0", "comprehensiveIncomeNetOfTax": "None", "ebit": "201300000", "ebitda": "530900000", "netIncome": "75800000"}, {"fiscalDateEnding": "2007-06-30", "reportedCurrency": "USD", "grossProfit": "739800000", "totalRevenue": "3837900000", "costOfRevenue": "3098100000", "costofGoodsAndServicesSold": "3098100000", "operatingIncome": "220200000", "sellingGeneralAndAdministrative": "240600000", "researchAndDevelopment": "0", "operatingExpenses": "519600000", "investmentIncomeNet": "None", "netInterestIncome": "None", "interestIncome": "None", "interestExpense": "29200000", "nonInterestIncome": "None", "otherNonOperatingIncome": "None", "depreciation": "None", "depreciationAndAmortization": "303600000", "incomeBeforeTax": "169700000", "incomeTaxExpense": "61600000", "interestAndDebtExpense": "None", "netIncomeFromContinuingOperations": "0", "comprehensiveIncomeNetOfTax": "None", "ebit": "220200000", "ebitda": "523800000", "netIncome": "108100000"}, {"fiscalDateEnding": "2007-03-31", "reportedCurrency": "USD", "grossProfit": "923000000", "totalRevenue": "4058300000", "costOfRevenue": "3135300000", "costofGoodsAndServicesSold": "3135300000", "operatingIncome": "404200000", "sellingGeneralAndAdministrative": "236300000", "researchAndDevelopment": "0", "operatingExpenses": "518800000", "investmentIncomeNet": "None", "netInterestIncome": "None", "interestIncome": "None", "interestExpense": "57700000", "nonInterestIncome": "None", "otherNonOperatingIncome": "None", "depreciation": "None", "depreciationAndAmortization": "255400000", "incomeBeforeTax": "307900000", "incomeTaxExpense": "72100000", "interestAndDebtExpense": "None", "netIncomeFromContinuingOperations": "0", "comprehensiveIncomeNetOfTax": "None", "ebit": "202800000", "ebitda": "458200000", "netIncome": "235800000"}, {"fiscalDateEnding": "2006-12-31", "reportedCurrency": "USD", "grossProfit": "733800000", "totalRevenue": "3636900000", "costOfRevenue": "2903100000", "costofGoodsAndServicesSold": "2903100000", "operatingIncome": "243900000", "sellingGeneralAndAdministrative": "227900000", "researchAndDevelopment": "0", "operatingExpenses": "489900000", "investmentIncomeNet": "None", "netInterestIncome": "None", "interestIncome": "None", "interestExpense": "56300000", "nonInterestIncome": "None", "otherNonOperatingIncome": "None", "depreciation": "None", "depreciationAndAmortization": "298800000", "incomeBeforeTax": "171900000", "incomeTaxExpense": "57100000", "interestAndDebtExpense": "None", "netIncomeFromContinuingOperations": "0", "comprehensiveIncomeNetOfTax": "None", "ebit": "261200000", "ebitda": "560000000", "netIncome": "114800000"}, {"fiscalDateEnding": "2006-09-30", "reportedCurrency": "USD", "grossProfit": "708800000", "totalRevenue": "3605200000", "costOfRevenue": "2896400000", "costofGoodsAndServicesSold": "2896400000", "operatingIncome": "216000000", "sellingGeneralAndAdministrative": "226500000", "researchAndDevelopment": "0", "operatingExpenses": "492800000", "investmentIncomeNet": "None", "netInterestIncome": "None", "interestIncome": "None", "interestExpense": "56000000", "nonInterestIncome": "None", "otherNonOperatingIncome": "None", "depreciation": "None", "depreciationAndAmortization": "308700000", "incomeBeforeTax": "144200000", "incomeTaxExpense": "50800000", "interestAndDebtExpense": "None", "netIncomeFromContinuingOperations": "0", "comprehensiveIncomeNetOfTax": "None", "ebit": "220900000", "ebitda": "529600000", "netIncome": "93400000"}, {"fiscalDateEnding": "2006-06-30", "reportedCurrency": "USD", "grossProfit": "672900000", "totalRevenue": "3556200000", "costOfRevenue": "2883300000", "costofGoodsAndServicesSold": "2883300000", "operatingIncome": "184400000", "sellingGeneralAndAdministrative": "227600000", "researchAndDevelopment": "0", "operatingExpenses": "488500000", "investmentIncomeNet": "None", "netInterestIncome": "None", "interestIncome": "None", "interestExpense": "47900000", "nonInterestIncome": "None", "otherNonOperatingIncome": "None", "depreciation": "None", "depreciationAndAmortization": "299100000", "incomeBeforeTax": "-17200000", "incomeTaxExpense": "38100000", "interestAndDebtExpense": "None", "netIncomeFromContinuingOperations": "0", "comprehensiveIncomeNetOfTax": "None", "ebit": "185000000", "ebitda": "484100000", "netIncome": "-55300000"}, {"fiscalDateEnding": "2006-03-31", "reportedCurrency": "USD", "grossProfit": "817100000", "totalRevenue": "3883500000", "costOfRevenue": "3066400000", "costofGoodsAndServicesSold": "3066400000", "operatingIncome": "316000000", "sellingGeneralAndAdministrative": "229200000", "researchAndDevelopment": "0", "operatingExpenses": "501100000", "investmentIncomeNet": "None", "netInterestIncome": "None", "interestIncome": "None", "interestExpense": "33800000", "nonInterestIncome": "None", "otherNonOperatingIncome": "None", "depreciation": "None", "depreciationAndAmortization": "316100000", "incomeBeforeTax": "273800000", "incomeTaxExpense": "70100000", "interestAndDebtExpense": "None", "netIncomeFromContinuingOperations": "0", "comprehensiveIncomeNetOfTax": "None", "ebit": "279500000", "ebitda": "595600000", "netIncome": "199400000"}, {"fiscalDateEnding": "2005-12-31", "reportedCurrency": "USD", "grossProfit": "727000000", "totalRevenue": "3577000000", "costOfRevenue": "2850000000", "costofGoodsAndServicesSold": "2850000000", "operatingIncome": "251400000", "sellingGeneralAndAdministrative": "216300000", "researchAndDevelopment": "0", "operatingExpenses": "475600000", "investmentIncomeNet": "None", "netInterestIncome": "None", "interestIncome": "None", "interestExpense": "37100000", "nonInterestIncome": "None", "otherNonOperatingIncome": "None", "depreciation": "None", "depreciationAndAmortization": "259200000", "incomeBeforeTax": "240600000", "incomeTaxExpense": "75500000", "interestAndDebtExpense": "None", "netIncomeFromContinuingOperations": "0", "comprehensiveIncomeNetOfTax": "None", "ebit": "253000000", "ebitda": "512200000", "netIncome": "203500000"}]}