{"symbol": "AHCO", "annualReports": [{"fiscalDateEnding": "2024-12-31", "reportedCurrency": "USD", "grossProfit": "681093000", "totalRevenue": "3260975000", "costOfRevenue": "2579882000", "costofGoodsAndServicesSold": "2579882000", "operatingIncome": "263732000", "sellingGeneralAndAdministrative": "359238000", "researchAndDevelopment": "None", "operatingExpenses": "417361000", "investmentIncomeNet": "None", "netInterestIncome": "-126668000", "interestIncome": "None", "interestExpense": "126668000", "nonInterestIncome": "None", "otherNonOperatingIncome": "None", "depreciation": "None", "depreciationAndAmortization": "365334000", "incomeBeforeTax": "136019000", "incomeTaxExpense": "41239000", "interestAndDebtExpense": "None", "netIncomeFromContinuingOperations": "94780000", "comprehensiveIncomeNetOfTax": "None", "ebit": "262687000", "ebitda": "628021000", "netIncome": "90422000"}, {"fiscalDateEnding": "2023-12-31", "reportedCurrency": "USD", "grossProfit": "681774000", "totalRevenue": "3200177000", "costOfRevenue": "2518403000", "costofGoodsAndServicesSold": "2518403000", "operatingIncome": "-598401000", "sellingGeneralAndAdministrative": "190091000", "researchAndDevelopment": "None", "operatingExpenses": "1280175000", "investmentIncomeNet": "None", "netInterestIncome": "-127322000", "interestIncome": "None", "interestExpense": "130299000", "nonInterestIncome": "None", "otherNonOperatingIncome": "None", "depreciation": "None", "depreciationAndAmortization": "420594000", "incomeBeforeTax": "-723784000", "incomeTaxExpense": "-49004000", "interestAndDebtExpense": "None", "netIncomeFromContinuingOperations": "-422776000", "comprehensiveIncomeNetOfTax": "None", "ebit": "-591685000", "ebitda": "-171091000", "netIncome": "-678895000"}, {"fiscalDateEnding": "2022-12-31", "reportedCurrency": "USD", "grossProfit": "417426000", "totalRevenue": "2970595000", "costOfRevenue": "2553169000", "costofGoodsAndServicesSold": "2553169000", "operatingIncome": "190411000", "sellingGeneralAndAdministrative": "162125000", "researchAndDevelopment": "None", "operatingExpenses": "227015000", "investmentIncomeNet": "None", "netInterestIncome": "-109414000", "interestIncome": "None", "interestExpense": "109414000", "nonInterestIncome": "None", "otherNonOperatingIncome": "None", "depreciation": "None", "depreciationAndAmortization": "423442000", "incomeBeforeTax": "97902000", "incomeTaxExpense": "24769000", "interestAndDebtExpense": "None", "netIncomeFromContinuingOperations": "73133000", "comprehensiveIncomeNetOfTax": "None", "ebit": "207316000", "ebitda": "630758000", "netIncome": "69316000"}, {"fiscalDateEnding": "2021-12-31", "reportedCurrency": "USD", "grossProfit": "445610000", "totalRevenue": "2454535000", "costOfRevenue": "2008925000", "costofGoodsAndServicesSold": "2008925000", "operatingIncome": "225605000", "sellingGeneralAndAdministrative": "167505000", "researchAndDevelopment": "None", "operatingExpenses": "220005000", "investmentIncomeNet": "None", "netInterestIncome": "-95195000", "interestIncome": "None", "interestExpense": "95195000", "nonInterestIncome": "None", "otherNonOperatingIncome": "31160000", "depreciation": "None", "depreciationAndAmortization": "258053000", "incomeBeforeTax": "190959000", "incomeTaxExpense": "32806000", "interestAndDebtExpense": "None", "netIncomeFromContinuingOperations": "158153000", "comprehensiveIncomeNetOfTax": "None", "ebit": "286154000", "ebitda": "544207000", "netIncome": "156175000"}, {"fiscalDateEnding": "2020-12-31", "reportedCurrency": "USD", "grossProfit": "157788000", "totalRevenue": "1056389000", "costOfRevenue": "898601000", "costofGoodsAndServicesSold": "898601000", "operatingIncome": "71346000", "sellingGeneralAndAdministrative": "89346000", "researchAndDevelopment": "None", "operatingExpenses": "86442000", "investmentIncomeNet": "None", "netInterestIncome": "-41430000", "interestIncome": "None", "interestExpense": "41430000", "nonInterestIncome": "None", "otherNonOperatingIncome": "-137240000", "depreciation": "None", "depreciationAndAmortization": "82445000", "incomeBeforeTax": "-206041000", "incomeTaxExpense": "-11955000", "interestAndDebtExpense": "None", "netIncomeFromContinuingOperations": "-58718000", "comprehensiveIncomeNetOfTax": "None", "ebit": "-164611000", "ebitda": "-82166000", "netIncome": "-161632000"}, {"fiscalDateEnding": "2019-12-31", "reportedCurrency": "USD", "grossProfit": "88939000", "totalRevenue": "529644000", "costOfRevenue": "440705000", "costofGoodsAndServicesSold": "440705000", "operatingIncome": "29378000", "sellingGeneralAndAdministrative": "56493000", "researchAndDevelopment": "None", "operatingExpenses": "59561000", "investmentIncomeNet": "None", "netInterestIncome": "-39304488", "interestIncome": "39304490", "interestExpense": "39304000", "nonInterestIncome": "None", "otherNonOperatingIncome": "None", "depreciation": "None", "depreciationAndAmortization": "62567000", "incomeBeforeTax": "-21862000", "incomeTaxExpense": "739000", "interestAndDebtExpense": "None", "netIncomeFromContinuingOperations": "-12885112", "comprehensiveIncomeNetOfTax": "None", "ebit": "17442000", "ebitda": "80009000", "netIncome": "-21341000"}, {"fiscalDateEnding": "2018-12-31", "reportedCurrency": "USD", "grossProfit": "60075444", "totalRevenue": "345278337", "costOfRevenue": "285202893", "costofGoodsAndServicesSold": "285202893", "operatingIncome": "-1233716", "sellingGeneralAndAdministrative": "1036124", "researchAndDevelopment": "None", "operatingExpenses": "1233716", "investmentIncomeNet": "None", "netInterestIncome": "4149617", "interestIncome": "4149617", "interestExpense": "4149617", "nonInterestIncome": "None", "otherNonOperatingIncome": "None", "depreciation": "None", "depreciationAndAmortization": "8299234", "incomeBeforeTax": "2915901", "incomeTaxExpense": "829807", "interestAndDebtExpense": "None", "netIncomeFromContinuingOperations": "2086094", "comprehensiveIncomeNetOfTax": "None", "ebit": "-1233716", "ebitda": "7065518", "netIncome": "2086094"}, {"fiscalDateEnding": "2017-12-31", "reportedCurrency": "USD", "grossProfit": "29658753", "totalRevenue": "192559144", "costOfRevenue": "162900391", "costofGoodsAndServicesSold": "162900391", "operatingIncome": "-690", "sellingGeneralAndAdministrative": "690", "researchAndDevelopment": "310000", "operatingExpenses": "690", "investmentIncomeNet": "None", "netInterestIncome": "None", "interestIncome": "None", "interestExpense": "0", "nonInterestIncome": "None", "otherNonOperatingIncome": "None", "depreciation": "None", "depreciationAndAmortization": "27816290", "incomeBeforeTax": "-690", "incomeTaxExpense": "248808", "interestAndDebtExpense": "None", "netIncomeFromContinuingOperations": "10474235", "comprehensiveIncomeNetOfTax": "None", "ebit": "-690", "ebitda": "-690", "netIncome": "-690"}, {"fiscalDateEnding": "2016-12-31", "reportedCurrency": "USD", "grossProfit": "15627327", "totalRevenue": "174316366", "costOfRevenue": "158689039", "costofGoodsAndServicesSold": "158689039", "operatingIncome": "2322512", "sellingGeneralAndAdministrative": "8004773", "researchAndDevelopment": "None", "operatingExpenses": "13304815", "investmentIncomeNet": "None", "netInterestIncome": "None", "interestIncome": "None", "interestExpense": "0", "nonInterestIncome": "None", "otherNonOperatingIncome": "None", "depreciation": "None", "depreciationAndAmortization": "26562594", "incomeBeforeTax": "-3438844", "incomeTaxExpense": "-208445", "interestAndDebtExpense": "None", "netIncomeFromContinuingOperations": "-3230399", "comprehensiveIncomeNetOfTax": "None", "ebit": "2322512", "ebitda": "28885106", "netIncome": "-3793424"}], "quarterlyReports": [{"fiscalDateEnding": "2025-09-30", "reportedCurrency": "USD", "grossProfit": "151841000", "totalRevenue": "820314000", "costOfRevenue": "668473000", "costofGoodsAndServicesSold": "668473000", "operatingIncome": "65930000", "sellingGeneralAndAdministrative": "90111000", "researchAndDevelopment": "None", "operatingExpenses": "85911000", "investmentIncomeNet": "None", "netInterestIncome": "-25380000", "interestIncome": "None", "interestExpense": "25380000", "nonInterestIncome": "None", "otherNonOperatingIncome": "None", "depreciation": "None", "depreciationAndAmortization": "109208000", "incomeBeforeTax": "36350000", "incomeTaxExpense": "10600000", "interestAndDebtExpense": "None", "netIncomeFromContinuingOperations": "25750000", "comprehensiveIncomeNetOfTax": "None", "ebit": "61730000", "ebitda": "170938000", "netIncome": "22451000"}, {"fiscalDateEnding": "2025-06-30", "reportedCurrency": "USD", "grossProfit": "-53903000", "totalRevenue": "591811000", "costOfRevenue": "645714000", "costofGoodsAndServicesSold": "645714000", "operatingIncome": "79252000", "sellingGeneralAndAdministrative": "97436000", "researchAndDevelopment": "None", "operatingExpenses": "-133155000", "investmentIncomeNet": "None", "netInterestIncome": "-27533000", "interestIncome": "None", "interestExpense": "27533000", "nonInterestIncome": "None", "otherNonOperatingIncome": "None", "depreciation": "None", "depreciationAndAmortization": "92360000", "incomeBeforeTax": "51719000", "incomeTaxExpense": "35891000", "interestAndDebtExpense": "None", "netIncomeFromContinuingOperations": "15828000", "comprehensiveIncomeNetOfTax": "None", "ebit": "79252000", "ebitda": "171612000", "netIncome": "14674000"}, {"fiscalDateEnding": "2025-03-31", "reportedCurrency": "USD", "grossProfit": "-76973000", "totalRevenue": "580471000", "costOfRevenue": "657444000", "costofGoodsAndServicesSold": "657444000", "operatingIncome": "23170000", "sellingGeneralAndAdministrative": "86854000", "researchAndDevelopment": "None", "operatingExpenses": "-100143000", "investmentIncomeNet": "None", "netInterestIncome": "-28399000", "interestIncome": "None", "interestExpense": "28399000", "nonInterestIncome": "None", "otherNonOperatingIncome": "None", "depreciation": "None", "depreciationAndAmortization": "94345000", "incomeBeforeTax": "-5229000", "incomeTaxExpense": "850000", "interestAndDebtExpense": "None", "netIncomeFromContinuingOperations": "-6079000", "comprehensiveIncomeNetOfTax": "None", "ebit": "23170000", "ebitda": "117515000", "netIncome": "-7207000"}, {"fiscalDateEnding": "2024-12-31", "reportedCurrency": "USD", "grossProfit": "327868000", "totalRevenue": "856645000", "costOfRevenue": "528777000", "costofGoodsAndServicesSold": "528777000", "operatingIncome": "97667000", "sellingGeneralAndAdministrative": "225606000", "researchAndDevelopment": "None", "operatingExpenses": "230201000", "investmentIncomeNet": "None", "netInterestIncome": "-29729000", "interestIncome": "None", "interestExpense": "29729000", "nonInterestIncome": "None", "otherNonOperatingIncome": "None", "depreciation": "None", "depreciationAndAmortization": "90537000", "incomeBeforeTax": "70711000", "incomeTaxExpense": "19308000", "interestAndDebtExpense": "None", "netIncomeFromContinuingOperations": "51403000", "comprehensiveIncomeNetOfTax": "None", "ebit": "100440000", "ebitda": "190977000", "netIncome": "50262000"}, {"fiscalDateEnding": "2024-09-30", "reportedCurrency": "USD", "grossProfit": "-84317000", "totalRevenue": "597549000", "costOfRevenue": "681866000", "costofGoodsAndServicesSold": "681866000", "operatingIncome": "63487000", "sellingGeneralAndAdministrative": "41342000", "researchAndDevelopment": "None", "operatingExpenses": "-147804000", "investmentIncomeNet": "None", "netInterestIncome": "-31429000", "interestIncome": "None", "interestExpense": "31429000", "nonInterestIncome": "None", "otherNonOperatingIncome": "None", "depreciation": "None", "depreciationAndAmortization": "90759000", "incomeBeforeTax": "32028000", "incomeTaxExpense": "8073000", "interestAndDebtExpense": "None", "netIncomeFromContinuingOperations": "23955000", "comprehensiveIncomeNetOfTax": "None", "ebit": "63457000", "ebitda": "154216000", "netIncome": "22859000"}, {"fiscalDateEnding": "2024-06-30", "reportedCurrency": "USD", "grossProfit": "-41593000", "totalRevenue": "595029000", "costOfRevenue": "636622000", "costofGoodsAndServicesSold": "636622000", "operatingIncome": "52047000", "sellingGeneralAndAdministrative": "99363000", "researchAndDevelopment": "None", "operatingExpenses": "-93640000", "investmentIncomeNet": "None", "netInterestIncome": "-33038000", "interestIncome": "None", "interestExpense": "33038000", "nonInterestIncome": "None", "otherNonOperatingIncome": "None", "depreciation": "None", "depreciationAndAmortization": "91162000", "incomeBeforeTax": "27779000", "incomeTaxExpense": "7248000", "interestAndDebtExpense": "None", "netIncomeFromContinuingOperations": "20531000", "comprehensiveIncomeNetOfTax": "None", "ebit": "60817000", "ebitda": "151979000", "netIncome": "19435000"}, {"fiscalDateEnding": "2024-03-31", "reportedCurrency": "USD", "grossProfit": "-40931000", "totalRevenue": "594099000", "costOfRevenue": "635030000", "costofGoodsAndServicesSold": "635030000", "operatingIncome": "50531000", "sellingGeneralAndAdministrative": "89041000", "researchAndDevelopment": "None", "operatingExpenses": "-91462000", "investmentIncomeNet": "None", "netInterestIncome": "-32472000", "interestIncome": "None", "interestExpense": "32472000", "nonInterestIncome": "None", "otherNonOperatingIncome": "None", "depreciation": "None", "depreciationAndAmortization": "92876000", "incomeBeforeTax": "5501000", "incomeTaxExpense": "6610000", "interestAndDebtExpense": "None", "netIncomeFromContinuingOperations": "-1109000", "comprehensiveIncomeNetOfTax": "None", "ebit": "37973000", "ebitda": "130849000", "netIncome": "-2134000"}, {"fiscalDateEnding": "2023-12-31", "reportedCurrency": "USD", "grossProfit": "778762000", "totalRevenue": "1477094000", "costOfRevenue": "698332000", "costofGoodsAndServicesSold": "698332000", "operatingIncome": "-217804000", "sellingGeneralAndAdministrative": "47294000", "researchAndDevelopment": "None", "operatingExpenses": "996566000", "investmentIncomeNet": "None", "netInterestIncome": "-33486000", "interestIncome": "None", "interestExpense": "33486000", "nonInterestIncome": "None", "otherNonOperatingIncome": "None", "depreciation": "None", "depreciationAndAmortization": "92364000", "incomeBeforeTax": "-271686000", "incomeTaxExpense": "-18111000", "interestAndDebtExpense": "None", "netIncomeFromContinuingOperations": "-253575000", "comprehensiveIncomeNetOfTax": "None", "ebit": "-238200000", "ebitda": "-145836000", "netIncome": "-254503000"}, {"fiscalDateEnding": "2023-09-30", "reportedCurrency": "USD", "grossProfit": "-109808000", "totalRevenue": "583680000", "costOfRevenue": "693488000", "costofGoodsAndServicesSold": "693488000", "operatingIncome": "-461036000", "sellingGeneralAndAdministrative": "37898000", "researchAndDevelopment": "None", "operatingExpenses": "351228000", "investmentIncomeNet": "None", "netInterestIncome": "-32306000", "interestIncome": "None", "interestExpense": "32306000", "nonInterestIncome": "None", "otherNonOperatingIncome": "None", "depreciation": "None", "depreciationAndAmortization": "97310000", "incomeBeforeTax": "-487499000", "incomeTaxExpense": "-34578000", "interestAndDebtExpense": "None", "netIncomeFromContinuingOperations": "-452921000", "comprehensiveIncomeNetOfTax": "None", "ebit": "-455193000", "ebitda": "-357883000", "netIncome": "-454076000"}, {"fiscalDateEnding": "2023-06-30", "reportedCurrency": "USD", "grossProfit": "-89773000", "totalRevenue": "583624000", "costOfRevenue": "673397000", "costofGoodsAndServicesSold": "673397000", "operatingIncome": "54262000", "sellingGeneralAndAdministrative": "50078000", "researchAndDevelopment": "None", "operatingExpenses": "-144035000", "investmentIncomeNet": "None", "netInterestIncome": "-32552000", "interestIncome": "None", "interestExpense": "32552000", "nonInterestIncome": "None", "otherNonOperatingIncome": "-1270000", "depreciation": "None", "depreciationAndAmortization": "99296000", "incomeBeforeTax": "20440000", "incomeTaxExpense": "5399000", "interestAndDebtExpense": "None", "netIncomeFromContinuingOperations": "15041000", "comprehensiveIncomeNetOfTax": "None", "ebit": "52992000", "ebitda": "152288000", "netIncome": "13977000"}, {"fiscalDateEnding": "2023-03-31", "reportedCurrency": "USD", "grossProfit": "89230000", "totalRevenue": "744626000", "costOfRevenue": "655396000", "costofGoodsAndServicesSold": "655396000", "operatingIncome": "26177000", "sellingGeneralAndAdministrative": "47521000", "researchAndDevelopment": "None", "operatingExpenses": "63053000", "investmentIncomeNet": "None", "netInterestIncome": "-31955000", "interestIncome": "None", "interestExpense": "31955000", "nonInterestIncome": "None", "otherNonOperatingIncome": "20739000", "depreciation": "None", "depreciationAndAmortization": "102726000", "incomeBeforeTax": "14961000", "incomeTaxExpense": "-1714000", "interestAndDebtExpense": "None", "netIncomeFromContinuingOperations": "16675000", "comprehensiveIncomeNetOfTax": "None", "ebit": "46916000", "ebitda": "149642000", "netIncome": "15707000"}, {"fiscalDateEnding": "2022-12-31", "reportedCurrency": "USD", "grossProfit": "657790000", "totalRevenue": "1357112000", "costOfRevenue": "699322000", "costofGoodsAndServicesSold": "699322000", "operatingIncome": "26732000", "sellingGeneralAndAdministrative": "37452000", "researchAndDevelopment": "None", "operatingExpenses": "631058000", "investmentIncomeNet": "None", "netInterestIncome": "-30509000", "interestIncome": "None", "interestExpense": "30509000", "nonInterestIncome": "None", "otherNonOperatingIncome": "None", "depreciation": "None", "depreciationAndAmortization": "102343000", "incomeBeforeTax": "3162000", "incomeTaxExpense": "4733000", "interestAndDebtExpense": "None", "netIncomeFromContinuingOperations": "-1571000", "comprehensiveIncomeNetOfTax": "None", "ebit": "33671000", "ebitda": "136014000", "netIncome": "-2588000"}, {"fiscalDateEnding": "2022-09-30", "reportedCurrency": "USD", "grossProfit": "-89060000", "totalRevenue": "557654000", "costOfRevenue": "646714000", "costofGoodsAndServicesSold": "646714000", "operatingIncome": "52949000", "sellingGeneralAndAdministrative": "40681000", "researchAndDevelopment": "None", "operatingExpenses": "-142009000", "investmentIncomeNet": "None", "netInterestIncome": "-28521000", "interestIncome": "None", "interestExpense": "28521000", "nonInterestIncome": "None", "otherNonOperatingIncome": "-1621000", "depreciation": "None", "depreciationAndAmortization": "92331000", "incomeBeforeTax": "22807000", "incomeTaxExpense": "5580000", "interestAndDebtExpense": "None", "netIncomeFromContinuingOperations": "17227000", "comprehensiveIncomeNetOfTax": "None", "ebit": "51328000", "ebitda": "143659000", "netIncome": "16122000"}, {"fiscalDateEnding": "2022-06-30", "reportedCurrency": "USD", "grossProfit": "-78735000", "totalRevenue": "531276000", "costOfRevenue": "610011000", "costofGoodsAndServicesSold": "610011000", "operatingIncome": "59178000", "sellingGeneralAndAdministrative": "42548000", "researchAndDevelopment": "None", "operatingExpenses": "-137913000", "investmentIncomeNet": "None", "netInterestIncome": "-25608000", "interestIncome": "None", "interestExpense": "25608000", "nonInterestIncome": "None", "otherNonOperatingIncome": "-9470000", "depreciation": "None", "depreciationAndAmortization": "79474000", "incomeBeforeTax": "24100000", "incomeTaxExpense": "8853000", "interestAndDebtExpense": "None", "netIncomeFromContinuingOperations": "15247000", "comprehensiveIncomeNetOfTax": "None", "ebit": "49708000", "ebitda": "129182000", "netIncome": "14032000"}, {"fiscalDateEnding": "2022-03-31", "reportedCurrency": "USD", "grossProfit": "-72569000", "totalRevenue": "524553000", "costOfRevenue": "597122000", "costofGoodsAndServicesSold": "597122000", "operatingIncome": "51552000", "sellingGeneralAndAdministrative": "41444000", "researchAndDevelopment": "None", "operatingExpenses": "-124121000", "investmentIncomeNet": "None", "netInterestIncome": "-24776000", "interestIncome": "None", "interestExpense": "24776000", "nonInterestIncome": "None", "otherNonOperatingIncome": "21057000", "depreciation": "None", "depreciationAndAmortization": "77030000", "incomeBeforeTax": "47833000", "incomeTaxExpense": "5603000", "interestAndDebtExpense": "None", "netIncomeFromContinuingOperations": "42230000", "comprehensiveIncomeNetOfTax": "None", "ebit": "72609000", "ebitda": "149639000", "netIncome": "41750000"}, {"fiscalDateEnding": "2021-12-31", "reportedCurrency": "USD", "grossProfit": "110486000", "totalRevenue": "702106000", "costOfRevenue": "591620000", "costofGoodsAndServicesSold": "591620000", "operatingIncome": "69079000", "sellingGeneralAndAdministrative": "34921000", "researchAndDevelopment": "None", "operatingExpenses": "41407000", "investmentIncomeNet": "None", "netInterestIncome": "-25611000", "interestIncome": "None", "interestExpense": "25611000", "nonInterestIncome": "None", "otherNonOperatingIncome": "-5312000", "depreciation": "None", "depreciationAndAmortization": "77226000", "incomeBeforeTax": "33495000", "incomeTaxExpense": "10024000", "interestAndDebtExpense": "None", "netIncomeFromContinuingOperations": "23471000", "comprehensiveIncomeNetOfTax": "None", "ebit": "59106000", "ebitda": "136332000", "netIncome": "22942000"}, {"fiscalDateEnding": "2021-09-30", "reportedCurrency": "USD", "grossProfit": "-57105000", "totalRevenue": "472782000", "costOfRevenue": "529887000", "costofGoodsAndServicesSold": "529887000", "operatingIncome": "75710000", "sellingGeneralAndAdministrative": "33006000", "researchAndDevelopment": "None", "operatingExpenses": "-132815000", "investmentIncomeNet": "None", "netInterestIncome": "-24252000", "interestIncome": "None", "interestExpense": "24252000", "nonInterestIncome": "None", "otherNonOperatingIncome": "8949000", "depreciation": "None", "depreciationAndAmortization": "69828000", "incomeBeforeTax": "70413000", "incomeTaxExpense": "12147000", "interestAndDebtExpense": "None", "netIncomeFromContinuingOperations": "58266000", "comprehensiveIncomeNetOfTax": "None", "ebit": "94665000", "ebitda": "164493000", "netIncome": "58092000"}, {"fiscalDateEnding": "2021-06-30", "reportedCurrency": "USD", "grossProfit": "126297000", "totalRevenue": "617017000", "costOfRevenue": "490720000", "costofGoodsAndServicesSold": "490720000", "operatingIncome": "65407000", "sellingGeneralAndAdministrative": "42946000", "researchAndDevelopment": "None", "operatingExpenses": "60890000", "investmentIncomeNet": "None", "netInterestIncome": "-23147000", "interestIncome": "None", "interestExpense": "23147000", "nonInterestIncome": "None", "otherNonOperatingIncome": "28049000", "depreciation": "None", "depreciationAndAmortization": "63793000", "incomeBeforeTax": "92388000", "incomeTaxExpense": "12330000", "interestAndDebtExpense": "None", "netIncomeFromContinuingOperations": "80058000", "comprehensiveIncomeNetOfTax": "None", "ebit": "115535000", "ebitda": "179328000", "netIncome": "79107000"}, {"fiscalDateEnding": "2021-03-31", "reportedCurrency": "USD", "grossProfit": "85421000", "totalRevenue": "482119000", "costOfRevenue": "396698000", "costofGoodsAndServicesSold": "396698000", "operatingIncome": "15409000", "sellingGeneralAndAdministrative": "56632000", "researchAndDevelopment": "None", "operatingExpenses": "70012000", "investmentIncomeNet": "None", "netInterestIncome": "-22185000", "interestIncome": "None", "interestExpense": "22185000", "nonInterestIncome": "None", "otherNonOperatingIncome": "-526000", "depreciation": "None", "depreciationAndAmortization": "47206000", "incomeBeforeTax": "-5337000", "incomeTaxExpense": "-1695000", "interestAndDebtExpense": "None", "netIncomeFromContinuingOperations": "-3642000", "comprehensiveIncomeNetOfTax": "None", "ebit": "16848000", "ebitda": "64054000", "netIncome": "-3966000"}, {"fiscalDateEnding": "2020-12-31", "reportedCurrency": "USD", "grossProfit": "54605000", "totalRevenue": "348429000", "costOfRevenue": "293824000", "costofGoodsAndServicesSold": "293824000", "operatingIncome": "32306000", "sellingGeneralAndAdministrative": "31601000", "researchAndDevelopment": "None", "operatingExpenses": "22299000", "investmentIncomeNet": "None", "netInterestIncome": "-13604000", "interestIncome": "None", "interestExpense": "13604000", "nonInterestIncome": "None", "otherNonOperatingIncome": "None", "depreciation": "None", "depreciationAndAmortization": "24584000", "incomeBeforeTax": "-76571000", "incomeTaxExpense": "-14245000", "interestAndDebtExpense": "None", "netIncomeFromContinuingOperations": "-27502000", "comprehensiveIncomeNetOfTax": "None", "ebit": "-62967000", "ebitda": "-38383000", "netIncome": "-65867000"}, {"fiscalDateEnding": "2020-09-30", "reportedCurrency": "USD", "grossProfit": "43685000", "totalRevenue": "284405000", "costOfRevenue": "240720000", "costofGoodsAndServicesSold": "240720000", "operatingIncome": "13259000", "sellingGeneralAndAdministrative": "26306000", "researchAndDevelopment": "None", "operatingExpenses": "30426000", "investmentIncomeNet": "None", "netInterestIncome": "-12406000", "interestIncome": "None", "interestExpense": "12406000", "nonInterestIncome": "None", "otherNonOperatingIncome": "None", "depreciation": "None", "depreciationAndAmortization": "22747000", "incomeBeforeTax": "-66900000", "incomeTaxExpense": "-4921000", "interestAndDebtExpense": "None", "netIncomeFromContinuingOperations": "-3827000", "comprehensiveIncomeNetOfTax": "None", "ebit": "-54494000", "ebitda": "-31747000", "netIncome": "-51035000"}, {"fiscalDateEnding": "2020-06-30", "reportedCurrency": "USD", "grossProfit": "33698000", "totalRevenue": "232116000", "costOfRevenue": "198418000", "costofGoodsAndServicesSold": "198418000", "operatingIncome": "15570000", "sellingGeneralAndAdministrative": "17092000", "researchAndDevelopment": "None", "operatingExpenses": "18128000", "investmentIncomeNet": "None", "netInterestIncome": "-7482000", "interestIncome": "None", "interestExpense": "7482000", "nonInterestIncome": "None", "otherNonOperatingIncome": "None", "depreciation": "None", "depreciationAndAmortization": "18374000", "incomeBeforeTax": "9684000", "incomeTaxExpense": "1826000", "interestAndDebtExpense": "None", "netIncomeFromContinuingOperations": "7169000", "comprehensiveIncomeNetOfTax": "None", "ebit": "17166000", "ebitda": "35540000", "netIncome": "4470000"}, {"fiscalDateEnding": "2020-03-31", "reportedCurrency": "USD", "grossProfit": "23809000", "totalRevenue": "191439000", "costOfRevenue": "167630000", "costofGoodsAndServicesSold": "167630000", "operatingIncome": "8220000", "sellingGeneralAndAdministrative": "14347000", "researchAndDevelopment": "None", "operatingExpenses": "15589000", "investmentIncomeNet": "None", "netInterestIncome": "-7938243", "interestIncome": "7938240", "interestExpense": "7938000", "nonInterestIncome": "None", "otherNonOperatingIncome": "None", "depreciation": "None", "depreciationAndAmortization": "16740000", "incomeBeforeTax": "-51094000", "incomeTaxExpense": "-1641000", "interestAndDebtExpense": "None", "netIncomeFromContinuingOperations": "265623", "comprehensiveIncomeNetOfTax": "None", "ebit": "-43156000", "ebitda": "-26416000", "netIncome": "-34551000"}, {"fiscalDateEnding": "2019-12-31", "reportedCurrency": "USD", "grossProfit": "26329000", "totalRevenue": "149541000", "costOfRevenue": "123212000", "costofGoodsAndServicesSold": "123212000", "operatingIncome": "714000", "sellingGeneralAndAdministrative": "24985000", "researchAndDevelopment": "None", "operatingExpenses": "25615000", "investmentIncomeNet": "None", "netInterestIncome": "-43618049", "interestIncome": "39304490", "interestExpense": "7653000", "nonInterestIncome": "None", "otherNonOperatingIncome": "None", "depreciation": "None", "depreciationAndAmortization": "630000", "incomeBeforeTax": "-6939000", "incomeTaxExpense": "-4288000", "interestAndDebtExpense": "None", "netIncomeFromContinuingOperations": "-12888749", "comprehensiveIncomeNetOfTax": "None", "ebit": "31010947", "ebitda": "31640947", "netIncome": "-3426000"}, {"fiscalDateEnding": "2019-09-30", "reportedCurrency": "USD", "grossProfit": "25340000", "totalRevenue": "136451000", "costOfRevenue": "111111000", "costofGoodsAndServicesSold": "111111000", "operatingIncome": "-1245246", "sellingGeneralAndAdministrative": "1195246", "researchAndDevelopment": "None", "operatingExpenses": "1245246", "investmentIncomeNet": "None", "netInterestIncome": "1367434", "interestIncome": "1367434", "interestExpense": "1367434", "nonInterestIncome": "None", "otherNonOperatingIncome": "None", "depreciation": "None", "depreciationAndAmortization": "16871000", "incomeBeforeTax": "122188", "incomeTaxExpense": "276661", "interestAndDebtExpense": "None", "netIncomeFromContinuingOperations": "-154473", "comprehensiveIncomeNetOfTax": "None", "ebit": "122188", "ebitda": "16993188", "netIncome": "-154473"}, {"fiscalDateEnding": "2019-06-30", "reportedCurrency": "USD", "grossProfit": "26106000", "totalRevenue": "124154000", "costOfRevenue": "98048000", "costofGoodsAndServicesSold": "98048000", "operatingIncome": "-1848965", "sellingGeneralAndAdministrative": "1798965", "researchAndDevelopment": "None", "operatingExpenses": "1848965", "investmentIncomeNet": "None", "netInterestIncome": "1482088", "interestIncome": "1482088", "interestExpense": "1482088", "nonInterestIncome": "None", "otherNonOperatingIncome": "None", "depreciation": "None", "depreciationAndAmortization": "758000", "incomeBeforeTax": "-366877", "incomeTaxExpense": "300611", "interestAndDebtExpense": "None", "netIncomeFromContinuingOperations": "-667488", "comprehensiveIncomeNetOfTax": "None", "ebit": "-366877", "ebitda": "391123", "netIncome": "-667488"}, {"fiscalDateEnding": "2019-03-31", "reportedCurrency": "USD", "grossProfit": "21780964", "totalRevenue": "119498274", "costOfRevenue": "97717310", "costofGoodsAndServicesSold": "97717310", "operatingIncome": "-341358", "sellingGeneralAndAdministrative": "291443", "researchAndDevelopment": "None", "operatingExpenses": "341358", "investmentIncomeNet": "None", "netInterestIncome": "1464039", "interestIncome": "1464039", "interestExpense": "1464039", "nonInterestIncome": "None", "otherNonOperatingIncome": "None", "depreciation": "None", "depreciationAndAmortization": "14971628", "incomeBeforeTax": "1122681", "incomeTaxExpense": "297083", "interestAndDebtExpense": "None", "netIncomeFromContinuingOperations": "825598", "comprehensiveIncomeNetOfTax": "None", "ebit": "-341358", "ebitda": "14630270", "netIncome": "825598"}, {"fiscalDateEnding": "2018-12-31", "reportedCurrency": "USD", "grossProfit": "18625760", "totalRevenue": "108652394", "costOfRevenue": "90026634", "costofGoodsAndServicesSold": "90026634", "operatingIncome": "-482033", "sellingGeneralAndAdministrative": "431622", "researchAndDevelopment": "None", "operatingExpenses": "482033", "investmentIncomeNet": "None", "netInterestIncome": "None", "interestIncome": "None", "interestExpense": "1423241", "nonInterestIncome": "None", "otherNonOperatingIncome": "None", "depreciation": "None", "depreciationAndAmortization": "14865420", "incomeBeforeTax": "941208", "incomeTaxExpense": "283594", "interestAndDebtExpense": "None", "netIncomeFromContinuingOperations": "8295817", "comprehensiveIncomeNetOfTax": "None", "ebit": "-15347453", "ebitda": "-482033", "netIncome": "657614"}, {"fiscalDateEnding": "2018-09-30", "reportedCurrency": "USD", "grossProfit": "17869322", "totalRevenue": "102156446", "costOfRevenue": "84287124", "costofGoodsAndServicesSold": "84287124", "operatingIncome": "-444751", "sellingGeneralAndAdministrative": "391160", "researchAndDevelopment": "None", "operatingExpenses": "444751", "investmentIncomeNet": "None", "netInterestIncome": "None", "interestIncome": "None", "interestExpense": "1204828", "nonInterestIncome": "None", "otherNonOperatingIncome": "None", "depreciation": "None", "depreciationAndAmortization": "13499919", "incomeBeforeTax": "760077", "incomeTaxExpense": "241760", "interestAndDebtExpense": "None", "netIncomeFromContinuingOperations": "12691893", "comprehensiveIncomeNetOfTax": "None", "ebit": "-13944670", "ebitda": "-444751", "netIncome": "518317"}, {"fiscalDateEnding": "2018-06-30", "reportedCurrency": "USD", "grossProfit": "11790181", "totalRevenue": "67234748", "costOfRevenue": "55444567", "costofGoodsAndServicesSold": "55444567", "operatingIncome": "-234405", "sellingGeneralAndAdministrative": "162633", "researchAndDevelopment": "None", "operatingExpenses": "234405", "investmentIncomeNet": "None", "netInterestIncome": "None", "interestIncome": "None", "interestExpense": "1156639", "nonInterestIncome": "None", "otherNonOperatingIncome": "None", "depreciation": "None", "depreciationAndAmortization": "9755747", "incomeBeforeTax": "922234", "incomeTaxExpense": "232404", "interestAndDebtExpense": "None", "netIncomeFromContinuingOperations": "None", "comprehensiveIncomeNetOfTax": "None", "ebit": "-9990152", "ebitda": "-234405", "netIncome": "689830"}, {"fiscalDateEnding": "2018-03-31", "reportedCurrency": "USD", "grossProfit": "11790181", "totalRevenue": "67234749", "costOfRevenue": "55444568", "costofGoodsAndServicesSold": "55444568", "operatingIncome": "-72527", "sellingGeneralAndAdministrative": "50709", "researchAndDevelopment": "None", "operatingExpenses": "72527", "investmentIncomeNet": "None", "netInterestIncome": "None", "interestIncome": "None", "interestExpense": "364909", "nonInterestIncome": "None", "otherNonOperatingIncome": "None", "depreciation": "None", "depreciationAndAmortization": "9755747", "incomeBeforeTax": "292382", "incomeTaxExpense": "72049", "interestAndDebtExpense": "None", "netIncomeFromContinuingOperations": "None", "comprehensiveIncomeNetOfTax": "None", "ebit": "-9828274", "ebitda": "-72527", "netIncome": "220333"}]}