{"symbol": "PRU", "annualReports": [{"fiscalDateEnding": "2025-12-31", "reportedCurrency": "USD", "grossProfit": "18937000000", "totalRevenue": "60967000000", "costOfRevenue": "42030000000", "costofGoodsAndServicesSold": "42030000000", "operatingIncome": "4785000000", "sellingGeneralAndAdministrative": "13012000000", "researchAndDevelopment": "None", "operatingExpenses": "20765000000", "investmentIncomeNet": "None", "netInterestIncome": "None", "interestIncome": "275000000", "interestExpense": "2112000000", "nonInterestIncome": "None", "otherNonOperatingIncome": "None", "depreciation": "None", "depreciationAndAmortization": "128000000", "incomeBeforeTax": "4629000000", "incomeTaxExpense": "1053000000", "interestAndDebtExpense": "None", "netIncomeFromContinuingOperations": "3732000000", "comprehensiveIncomeNetOfTax": "None", "ebit": "6613000000", "ebitda": "6741000000", "netIncome": "3576000000"}, {"fiscalDateEnding": "2024-12-31", "reportedCurrency": "USD", "grossProfit": "17519000000", "totalRevenue": "70675000000", "costOfRevenue": "53156000000", "costofGoodsAndServicesSold": "53156000000", "operatingIncome": "3209000000", "sellingGeneralAndAdministrative": "13342000000", "researchAndDevelopment": "None", "operatingExpenses": "14310000000", "investmentIncomeNet": "None", "netInterestIncome": "None", "interestIncome": "735000000", "interestExpense": "None", "nonInterestIncome": "None", "otherNonOperatingIncome": "None", "depreciation": "None", "depreciationAndAmortization": "383000000", "incomeBeforeTax": "3353000000", "incomeTaxExpense": "507000000", "interestAndDebtExpense": "None", "netIncomeFromContinuingOperations": "2846000000", "comprehensiveIncomeNetOfTax": "None", "ebit": "3209000000", "ebitda": "3592000000", "netIncome": "2727000000"}, {"fiscalDateEnding": "2023-12-31", "reportedCurrency": "USD", "grossProfit": "17555000000", "totalRevenue": "54265000000", "costOfRevenue": "36710000000", "costofGoodsAndServicesSold": "36710000000", "operatingIncome": "3072000000", "sellingGeneralAndAdministrative": "12951000000", "researchAndDevelopment": "None", "operatingExpenses": "14483000000", "investmentIncomeNet": "None", "netInterestIncome": "None", "interestIncome": "56000000", "interestExpense": "1766000000", "nonInterestIncome": "None", "otherNonOperatingIncome": "None", "depreciation": "None", "depreciationAndAmortization": "-70000000", "incomeBeforeTax": "3121000000", "incomeTaxExpense": "613000000", "interestAndDebtExpense": "None", "netIncomeFromContinuingOperations": "2508000000", "comprehensiveIncomeNetOfTax": "None", "ebit": "3072000000", "ebitda": "3002000000", "netIncome": "2488000000"}, {"fiscalDateEnding": "2022-12-31", "reportedCurrency": "USD", "grossProfit": "11890000000", "totalRevenue": "56986000000", "costOfRevenue": "45096000000", "costofGoodsAndServicesSold": "45096000000", "operatingIncome": "-1892000000", "sellingGeneralAndAdministrative": "12576000000", "researchAndDevelopment": "None", "operatingExpenses": "13782000000", "investmentIncomeNet": "None", "netInterestIncome": "-1589000000", "interestIncome": "None", "interestExpense": "1589000000", "nonInterestIncome": "None", "otherNonOperatingIncome": "-56000000", "depreciation": "None", "depreciationAndAmortization": "117000000", "incomeBeforeTax": "-1954000000", "incomeTaxExpense": "-279000000", "interestAndDebtExpense": "None", "netIncomeFromContinuingOperations": "-1406000000", "comprehensiveIncomeNetOfTax": "None", "ebit": "-1892000000", "ebitda": "-1775000000", "netIncome": "-1647000000"}, {"fiscalDateEnding": "2021-12-31", "reportedCurrency": "USD", "grossProfit": "28280000000", "totalRevenue": "71149000000", "costOfRevenue": "42869000000", "costofGoodsAndServicesSold": "42869000000", "operatingIncome": "10835000000", "sellingGeneralAndAdministrative": "13609000000", "researchAndDevelopment": "None", "operatingExpenses": "17445000000", "investmentIncomeNet": "None", "netInterestIncome": "-1474000000", "interestIncome": "None", "interestExpense": "1474000000", "nonInterestIncome": "None", "otherNonOperatingIncome": "87000000", "depreciation": "None", "depreciationAndAmortization": "206000000", "incomeBeforeTax": "10933000000", "incomeTaxExpense": "1995000000", "interestAndDebtExpense": "None", "netIncomeFromContinuingOperations": "7794000000", "comprehensiveIncomeNetOfTax": "None", "ebit": "10835000000", "ebitda": "11041000000", "netIncome": "8868000000"}, {"fiscalDateEnding": "2020-12-31", "reportedCurrency": "USD", "grossProfit": "15212000000", "totalRevenue": "57030000000", "costOfRevenue": "41818000000", "costofGoodsAndServicesSold": "41818000000", "operatingIncome": "-323000000", "sellingGeneralAndAdministrative": "13913000000", "researchAndDevelopment": "None", "operatingExpenses": "15535000000", "investmentIncomeNet": "None", "netInterestIncome": "-1570000000", "interestIncome": "None", "interestExpense": "1570000000", "nonInterestIncome": "None", "otherNonOperatingIncome": "96000000", "depreciation": "None", "depreciationAndAmortization": "457000000", "incomeBeforeTax": "-227000000", "incomeTaxExpense": "-81000000", "interestAndDebtExpense": "None", "netIncomeFromContinuingOperations": "-242000000", "comprehensiveIncomeNetOfTax": "None", "ebit": "-323000000", "ebitda": "134000000", "netIncome": "-374000000"}, {"fiscalDateEnding": "2019-12-31", "reportedCurrency": "USD", "grossProfit": "20768000000", "totalRevenue": "64800000000", "costOfRevenue": "44032000000", "costofGoodsAndServicesSold": "44032000000", "operatingIncome": "5085000000", "sellingGeneralAndAdministrative": "13416000000", "researchAndDevelopment": "None", "operatingExpenses": "15683000000", "investmentIncomeNet": "None", "netInterestIncome": "-1540000000", "interestIncome": "None", "interestExpense": "1540000000", "nonInterestIncome": "None", "otherNonOperatingIncome": "100000000", "depreciation": "None", "depreciationAndAmortization": "460000000", "incomeBeforeTax": "5085000000", "incomeTaxExpense": "947000000", "interestAndDebtExpense": "None", "netIncomeFromContinuingOperations": "4138000000", "comprehensiveIncomeNetOfTax": "None", "ebit": "5085000000", "ebitda": "5545000000", "netIncome": "4186000000"}, {"fiscalDateEnding": "2018-12-31", "reportedCurrency": "USD", "grossProfit": "18119000000", "totalRevenue": "62992000000", "costOfRevenue": "44873000000", "costofGoodsAndServicesSold": "44873000000", "operatingIncome": "4834000000", "sellingGeneralAndAdministrative": "11949000000", "researchAndDevelopment": "0", "operatingExpenses": "13285000000", "investmentIncomeNet": "None", "netInterestIncome": "-1414000000", "interestIncome": "None", "interestExpense": "1414000000", "nonInterestIncome": "None", "otherNonOperatingIncome": "76000000", "depreciation": "None", "depreciationAndAmortization": "161000000", "incomeBeforeTax": "4834000000", "incomeTaxExpense": "822000000", "interestAndDebtExpense": "None", "netIncomeFromContinuingOperations": "4012000000", "comprehensiveIncomeNetOfTax": "None", "ebit": "4834000000", "ebitda": "4995000000", "netIncome": "4074000000"}, {"fiscalDateEnding": "2017-12-31", "reportedCurrency": "USD", "grossProfit": "20497000000", "totalRevenue": "59693000000", "costOfRevenue": "39196000000", "costofGoodsAndServicesSold": "39196000000", "operatingIncome": "6487000000", "sellingGeneralAndAdministrative": "11915000000", "researchAndDevelopment": "0", "operatingExpenses": "14010000000", "investmentIncomeNet": "None", "netInterestIncome": "-1322000000", "interestIncome": "None", "interestExpense": "1322000000", "nonInterestIncome": "None", "otherNonOperatingIncome": "49000000", "depreciation": "None", "depreciationAndAmortization": "222000000", "incomeBeforeTax": "6487000000", "incomeTaxExpense": "-1438000000", "interestAndDebtExpense": "None", "netIncomeFromContinuingOperations": "7925000000", "comprehensiveIncomeNetOfTax": "None", "ebit": "6487000000", "ebitda": "6709000000", "netIncome": "7863000000"}, {"fiscalDateEnding": "2016-12-31", "reportedCurrency": "USD", "grossProfit": "19522000000", "totalRevenue": "58792000000", "costOfRevenue": "39270000000", "costofGoodsAndServicesSold": "39270000000", "operatingIncome": "5705000000", "sellingGeneralAndAdministrative": "11779000000", "researchAndDevelopment": "0", "operatingExpenses": "13817000000", "investmentIncomeNet": "None", "netInterestIncome": "-1315000000", "interestIncome": "None", "interestExpense": "1324000000", "nonInterestIncome": "None", "otherNonOperatingIncome": "49000000", "depreciation": "None", "depreciationAndAmortization": "318000000", "incomeBeforeTax": "5705000000", "incomeTaxExpense": "1335000000", "interestAndDebtExpense": "None", "netIncomeFromContinuingOperations": "4419000000", "comprehensiveIncomeNetOfTax": "None", "ebit": "5705000000", "ebitda": "6023000000", "netIncome": "4368000000"}, {"fiscalDateEnding": "2015-12-31", "reportedCurrency": "USD", "grossProfit": "20893000000", "totalRevenue": "57119000000", "costOfRevenue": "36226000000", "costofGoodsAndServicesSold": "36226000000", "operatingIncome": "7769000000", "sellingGeneralAndAdministrative": "10912000000", "researchAndDevelopment": "0", "operatingExpenses": "13124000000", "investmentIncomeNet": "None", "netInterestIncome": "None", "interestIncome": "None", "interestExpense": "1328000000", "nonInterestIncome": "None", "otherNonOperatingIncome": "None", "depreciation": "None", "depreciationAndAmortization": "113000000", "incomeBeforeTax": "7769000000", "incomeTaxExpense": "2072000000", "interestAndDebtExpense": "None", "netIncomeFromContinuingOperations": "5712000000", "comprehensiveIncomeNetOfTax": "None", "ebit": "7769000000", "ebitda": "7882000000", "netIncome": "5642000000"}, {"fiscalDateEnding": "2014-12-31", "reportedCurrency": "USD", "grossProfit": "16282000000", "totalRevenue": "54105000000", "costOfRevenue": "37823000000", "costofGoodsAndServicesSold": "37823000000", "operatingIncome": "1759000000", "sellingGeneralAndAdministrative": "11807000000", "researchAndDevelopment": "0", "operatingExpenses": "14523000000", "investmentIncomeNet": "None", "netInterestIncome": "None", "interestIncome": "None", "interestExpense": "1934000000", "nonInterestIncome": "None", "otherNonOperatingIncome": "None", "depreciation": "None", "depreciationAndAmortization": "631000000", "incomeBeforeTax": "1759000000", "incomeTaxExpense": "349000000", "interestAndDebtExpense": "None", "netIncomeFromContinuingOperations": "1426000000", "comprehensiveIncomeNetOfTax": "None", "ebit": "1759000000", "ebitda": "2390000000", "netIncome": "1381000000"}, {"fiscalDateEnding": "2013-12-31", "reportedCurrency": "USD", "grossProfit": "11377000000", "totalRevenue": "41461000000", "costOfRevenue": "30084000000", "costofGoodsAndServicesSold": "30084000000", "operatingIncome": "-1684000000", "sellingGeneralAndAdministrative": "11011000000", "researchAndDevelopment": "0", "operatingExpenses": "13061000000", "investmentIncomeNet": "None", "netInterestIncome": "None", "interestIncome": "None", "interestExpense": "1419000000", "nonInterestIncome": "None", "otherNonOperatingIncome": "None", "depreciation": "None", "depreciationAndAmortization": "411000000", "incomeBeforeTax": "-1684000000", "incomeTaxExpense": "-1058000000", "interestAndDebtExpense": "None", "netIncomeFromContinuingOperations": "-567000000", "comprehensiveIncomeNetOfTax": "None", "ebit": "-1684000000", "ebitda": "-1273000000", "netIncome": "-667000000"}, {"fiscalDateEnding": "2012-12-31", "reportedCurrency": "USD", "grossProfit": "13978000000", "totalRevenue": "84847000000", "costOfRevenue": "70869000000", "costofGoodsAndServicesSold": "70869000000", "operatingIncome": "708000000", "sellingGeneralAndAdministrative": "11094000000", "researchAndDevelopment": "0", "operatingExpenses": "13270000000", "investmentIncomeNet": "None", "netInterestIncome": "None", "interestIncome": "None", "interestExpense": "0", "nonInterestIncome": "None", "otherNonOperatingIncome": "None", "depreciation": "None", "depreciationAndAmortization": "302000000", "incomeBeforeTax": "708000000", "incomeTaxExpense": "213000000", "interestAndDebtExpense": "None", "netIncomeFromContinuingOperations": "532000000", "comprehensiveIncomeNetOfTax": "None", "ebit": "708000000", "ebitda": "1010000000", "netIncome": "520000000"}, {"fiscalDateEnding": "2011-12-31", "reportedCurrency": "USD", "grossProfit": "18292000000", "totalRevenue": "49085000000", "costOfRevenue": "30793000000", "costofGoodsAndServicesSold": "30793000000", "operatingIncome": "4964000000", "sellingGeneralAndAdministrative": "10605000000", "researchAndDevelopment": "0", "operatingExpenses": "13328000000", "investmentIncomeNet": "None", "netInterestIncome": "None", "interestIncome": "None", "interestExpense": "1164000000", "nonInterestIncome": "None", "otherNonOperatingIncome": "None", "depreciation": "None", "depreciationAndAmortization": "290000000", "incomeBeforeTax": "4964000000", "incomeTaxExpense": "1515000000", "interestAndDebtExpense": "None", "netIncomeFromContinuingOperations": "None", "comprehensiveIncomeNetOfTax": "None", "ebit": "4964000000", "ebitda": "5254000000", "netIncome": "3632000000"}, {"fiscalDateEnding": "2010-12-31", "reportedCurrency": "USD", "grossProfit": "14638000000", "totalRevenue": "38217000000", "costOfRevenue": "23579000000", "costofGoodsAndServicesSold": "23579000000", "operatingIncome": "4140000000", "sellingGeneralAndAdministrative": "8309000000", "researchAndDevelopment": "0", "operatingExpenses": "10498000000", "investmentIncomeNet": "None", "netInterestIncome": "None", "interestIncome": "None", "interestExpense": "0", "nonInterestIncome": "None", "otherNonOperatingIncome": "None", "depreciation": "None", "depreciationAndAmortization": "-104000000", "incomeBeforeTax": "4140000000", "incomeTaxExpense": "1243000000", "interestAndDebtExpense": "None", "netIncomeFromContinuingOperations": "3196000000", "comprehensiveIncomeNetOfTax": "None", "ebit": "4140000000", "ebitda": "4036000000", "netIncome": "3001000000"}, {"fiscalDateEnding": "2009-12-31", "reportedCurrency": "USD", "grossProfit": "11736000000", "totalRevenue": "32566000000", "costOfRevenue": "20830000000", "costofGoodsAndServicesSold": "20830000000", "operatingIncome": "1552000000", "sellingGeneralAndAdministrative": "7392000000", "researchAndDevelopment": "0", "operatingExpenses": "10184000000", "investmentIncomeNet": "None", "netInterestIncome": "None", "interestIncome": "None", "interestExpense": "0", "nonInterestIncome": "None", "otherNonOperatingIncome": "None", "depreciation": "None", "depreciationAndAmortization": "175000000", "incomeBeforeTax": "1552000000", "incomeTaxExpense": "-54000000", "interestAndDebtExpense": "None", "netIncomeFromContinuingOperations": "None", "comprehensiveIncomeNetOfTax": "None", "ebit": "1552000000", "ebitda": "1727000000", "netIncome": "3124000000"}, {"fiscalDateEnding": "2008-12-31", "reportedCurrency": "USD", "grossProfit": "10353000000", "totalRevenue": "29219000000", "costOfRevenue": "18866000000", "costofGoodsAndServicesSold": "18866000000", "operatingIncome": "-1139000000", "sellingGeneralAndAdministrative": "9274000000", "researchAndDevelopment": "None", "operatingExpenses": "11492000000", "investmentIncomeNet": "None", "netInterestIncome": "None", "interestIncome": "None", "interestExpense": "0", "nonInterestIncome": "None", "otherNonOperatingIncome": "None", "depreciation": "None", "depreciationAndAmortization": "717000000", "incomeBeforeTax": "-1139000000", "incomeTaxExpense": "-487000000", "interestAndDebtExpense": "None", "netIncomeFromContinuingOperations": "None", "comprehensiveIncomeNetOfTax": "None", "ebit": "-1139000000", "ebitda": "-422000000", "netIncome": "-1117000000"}, {"fiscalDateEnding": "2007-12-31", "reportedCurrency": "USD", "grossProfit": "16430000000", "totalRevenue": "34401000000", "costOfRevenue": "17971000000", "costofGoodsAndServicesSold": "17971000000", "operatingIncome": "4686000000", "sellingGeneralAndAdministrative": "8841000000", "researchAndDevelopment": "None", "operatingExpenses": "11744000000", "investmentIncomeNet": "None", "netInterestIncome": "None", "interestIncome": "None", "interestExpense": "0", "nonInterestIncome": "None", "otherNonOperatingIncome": "None", "depreciation": "None", "depreciationAndAmortization": "272000000", "incomeBeforeTax": "4686000000", "incomeTaxExpense": "1245000000", "interestAndDebtExpense": "None", "netIncomeFromContinuingOperations": "None", "comprehensiveIncomeNetOfTax": "None", "ebit": "4686000000", "ebitda": "4958000000", "netIncome": "3704000000"}, {"fiscalDateEnding": "2006-12-31", "reportedCurrency": "USD", "grossProfit": "29351000000", "totalRevenue": "32268000000", "costOfRevenue": "2917000000", "costofGoodsAndServicesSold": "2917000000", "operatingIncome": "4394000000", "sellingGeneralAndAdministrative": "8052000000", "researchAndDevelopment": "None", "operatingExpenses": "24957000000", "investmentIncomeNet": "None", "netInterestIncome": "None", "interestIncome": "None", "interestExpense": "0", "nonInterestIncome": "None", "otherNonOperatingIncome": "None", "depreciation": "None", "depreciationAndAmortization": "350000000", "incomeBeforeTax": "4394000000", "incomeTaxExpense": "1245000000", "interestAndDebtExpense": "None", "netIncomeFromContinuingOperations": "None", "comprehensiveIncomeNetOfTax": "None", "ebit": "4394000000", "ebitda": "4744000000", "netIncome": "3428000000"}], "quarterlyReports": [{"fiscalDateEnding": "2025-12-31", "reportedCurrency": "USD", "grossProfit": "4932000000", "totalRevenue": "15676000000", "costOfRevenue": "10744000000", "costofGoodsAndServicesSold": "10744000000", "operatingIncome": "1215000000", "sellingGeneralAndAdministrative": "9536000000", "researchAndDevelopment": "None", "operatingExpenses": "3717000000", "investmentIncomeNet": "None", "netInterestIncome": "None", "interestIncome": "373000000", "interestExpense": "533000000", "nonInterestIncome": "None", "otherNonOperatingIncome": "None", "depreciation": "None", "depreciationAndAmortization": "-177000000", "incomeBeforeTax": "1210000000", "incomeTaxExpense": "269000000", "interestAndDebtExpense": "None", "netIncomeFromContinuingOperations": "941000000", "comprehensiveIncomeNetOfTax": "None", "ebit": "3299000000", "ebitda": "3122000000", "netIncome": "905000000"}, {"fiscalDateEnding": "2025-09-30", "reportedCurrency": "USD", "grossProfit": "5537000000", "totalRevenue": "17950000000", "costOfRevenue": "12413000000", "costofGoodsAndServicesSold": "12413000000", "operatingIncome": "1782000000", "sellingGeneralAndAdministrative": "3277000000", "researchAndDevelopment": "None", "operatingExpenses": "3755000000", "investmentIncomeNet": "None", "netInterestIncome": "None", "interestIncome": "314000000", "interestExpense": "531000000", "nonInterestIncome": "None", "otherNonOperatingIncome": "None", "depreciation": "None", "depreciationAndAmortization": "-144000000", "incomeBeforeTax": "1865000000", "incomeTaxExpense": "382000000", "interestAndDebtExpense": "None", "netIncomeFromContinuingOperations": "1483000000", "comprehensiveIncomeNetOfTax": "None", "ebit": "1782000000", "ebitda": "1638000000", "netIncome": "1431000000"}, {"fiscalDateEnding": "2025-06-30", "reportedCurrency": "USD", "grossProfit": "4253000000", "totalRevenue": "13804000000", "costOfRevenue": "9551000000", "costofGoodsAndServicesSold": "9551000000", "operatingIncome": "740000000", "sellingGeneralAndAdministrative": "3176000000", "researchAndDevelopment": "None", "operatingExpenses": "3513000000", "investmentIncomeNet": "None", "netInterestIncome": "None", "interestIncome": "374000000", "interestExpense": "None", "nonInterestIncome": "None", "otherNonOperatingIncome": "None", "depreciation": "None", "depreciationAndAmortization": "482000000", "incomeBeforeTax": "761000000", "incomeTaxExpense": "195000000", "interestAndDebtExpense": "None", "netIncomeFromContinuingOperations": "566000000", "comprehensiveIncomeNetOfTax": "None", "ebit": "740000000", "ebitda": "1222000000", "netIncome": "533000000"}, {"fiscalDateEnding": "2025-03-31", "reportedCurrency": "USD", "grossProfit": "4215000000", "totalRevenue": "13537000000", "costOfRevenue": "9322000000", "costofGoodsAndServicesSold": "9322000000", "operatingIncome": "920000000", "sellingGeneralAndAdministrative": "3083000000", "researchAndDevelopment": "None", "operatingExpenses": "3295000000", "investmentIncomeNet": "None", "netInterestIncome": "None", "interestIncome": "160000000", "interestExpense": "None", "nonInterestIncome": "None", "otherNonOperatingIncome": "None", "depreciation": "None", "depreciationAndAmortization": "-161000000", "incomeBeforeTax": "949000000", "incomeTaxExpense": "207000000", "interestAndDebtExpense": "None", "netIncomeFromContinuingOperations": "742000000", "comprehensiveIncomeNetOfTax": "None", "ebit": "920000000", "ebitda": "759000000", "netIncome": "707000000"}, {"fiscalDateEnding": "2024-12-31", "reportedCurrency": "USD", "grossProfit": "3326000000", "totalRevenue": "12645000000", "costOfRevenue": "9319000000", "costofGoodsAndServicesSold": "9319000000", "operatingIncome": "-149000000", "sellingGeneralAndAdministrative": "3310000000", "researchAndDevelopment": "None", "operatingExpenses": "3475000000", "investmentIncomeNet": "None", "netInterestIncome": "None", "interestIncome": "None", "interestExpense": "None", "nonInterestIncome": "None", "otherNonOperatingIncome": "None", "depreciation": "None", "depreciationAndAmortization": "53000000", "incomeBeforeTax": "-113000000", "incomeTaxExpense": "-186000000", "interestAndDebtExpense": "None", "netIncomeFromContinuingOperations": "73000000", "comprehensiveIncomeNetOfTax": "None", "ebit": "-149000000", "ebitda": "-96000000", "netIncome": "-57000000"}, {"fiscalDateEnding": "2024-09-30", "reportedCurrency": "USD", "grossProfit": "4096000000", "totalRevenue": "19533000000", "costOfRevenue": "15437000000", "costofGoodsAndServicesSold": "15437000000", "operatingIncome": "553000000", "sellingGeneralAndAdministrative": "3311000000", "researchAndDevelopment": "None", "operatingExpenses": "3543000000", "investmentIncomeNet": "None", "netInterestIncome": "None", "interestIncome": "None", "interestExpense": "None", "nonInterestIncome": "None", "otherNonOperatingIncome": "None", "depreciation": "None", "depreciationAndAmortization": "-41000000", "incomeBeforeTax": "591000000", "incomeTaxExpense": "140000000", "interestAndDebtExpense": "None", "netIncomeFromContinuingOperations": "451000000", "comprehensiveIncomeNetOfTax": "None", "ebit": "553000000", "ebitda": "512000000", "netIncome": "448000000"}, {"fiscalDateEnding": "2024-06-30", "reportedCurrency": "USD", "grossProfit": "4770000000", "totalRevenue": "14935000000", "costOfRevenue": "10165000000", "costofGoodsAndServicesSold": "10165000000", "operatingIncome": "1415000000", "sellingGeneralAndAdministrative": "3127000000", "researchAndDevelopment": "None", "operatingExpenses": "3355000000", "investmentIncomeNet": "None", "netInterestIncome": "None", "interestIncome": "None", "interestExpense": "None", "nonInterestIncome": "None", "otherNonOperatingIncome": "None", "depreciation": "None", "depreciationAndAmortization": "-26000000", "incomeBeforeTax": "1435000000", "incomeTaxExpense": "264000000", "interestAndDebtExpense": "None", "netIncomeFromContinuingOperations": "1171000000", "comprehensiveIncomeNetOfTax": "None", "ebit": "1415000000", "ebitda": "1389000000", "netIncome": "1198000000"}, {"fiscalDateEnding": "2024-03-31", "reportedCurrency": "USD", "grossProfit": "5327000000", "totalRevenue": "23562000000", "costOfRevenue": "18235000000", "costofGoodsAndServicesSold": "18235000000", "operatingIncome": "1390000000", "sellingGeneralAndAdministrative": "3594000000", "researchAndDevelopment": "None", "operatingExpenses": "3937000000", "investmentIncomeNet": "None", "netInterestIncome": "None", "interestIncome": "None", "interestExpense": "None", "nonInterestIncome": "None", "otherNonOperatingIncome": "None", "depreciation": "None", "depreciationAndAmortization": "397000000", "incomeBeforeTax": "1440000000", "incomeTaxExpense": "289000000", "interestAndDebtExpense": "None", "netIncomeFromContinuingOperations": "1151000000", "comprehensiveIncomeNetOfTax": "None", "ebit": "1390000000", "ebitda": "1787000000", "netIncome": "1138000000"}, {"fiscalDateEnding": "2023-12-31", "reportedCurrency": "USD", "grossProfit": "5985000000", "totalRevenue": "15242000000", "costOfRevenue": "9257000000", "costofGoodsAndServicesSold": "9257000000", "operatingIncome": "1662000000", "sellingGeneralAndAdministrative": "3538000000", "researchAndDevelopment": "None", "operatingExpenses": "4323000000", "investmentIncomeNet": "None", "netInterestIncome": "None", "interestIncome": "None", "interestExpense": "442000000", "nonInterestIncome": "None", "otherNonOperatingIncome": "None", "depreciation": "None", "depreciationAndAmortization": "-71000000", "incomeBeforeTax": "1685000000", "incomeTaxExpense": "359000000", "interestAndDebtExpense": "None", "netIncomeFromContinuingOperations": "1326000000", "comprehensiveIncomeNetOfTax": "None", "ebit": "1662000000", "ebitda": "1591000000", "netIncome": "1317000000"}, {"fiscalDateEnding": "2023-09-30", "reportedCurrency": "USD", "grossProfit": "2095000000", "totalRevenue": "8442000000", "costOfRevenue": "6347000000", "costofGoodsAndServicesSold": "6347000000", "operatingIncome": "-1058000000", "sellingGeneralAndAdministrative": "3066000000", "researchAndDevelopment": "None", "operatingExpenses": "3153000000", "investmentIncomeNet": "None", "netInterestIncome": "-422000000", "interestIncome": "None", "interestExpense": "422000000", "nonInterestIncome": "None", "otherNonOperatingIncome": "None", "depreciation": "None", "depreciationAndAmortization": "-45000000", "incomeBeforeTax": "-1042000000", "incomeTaxExpense": "-251000000", "interestAndDebtExpense": "None", "netIncomeFromContinuingOperations": "-791000000", "comprehensiveIncomeNetOfTax": "None", "ebit": "-1058000000", "ebitda": "-1103000000", "netIncome": "-802000000"}, {"fiscalDateEnding": "2023-06-30", "reportedCurrency": "USD", "grossProfit": "4087000000", "totalRevenue": "13518000000", "costOfRevenue": "9431000000", "costofGoodsAndServicesSold": "9431000000", "operatingIncome": "621000000", "sellingGeneralAndAdministrative": "3143000000", "researchAndDevelopment": "None", "operatingExpenses": "3466000000", "investmentIncomeNet": "None", "netInterestIncome": "-461000000", "interestIncome": "None", "interestExpense": "461000000", "nonInterestIncome": "None", "otherNonOperatingIncome": "-2000000", "depreciation": "None", "depreciationAndAmortization": "5000000", "incomeBeforeTax": "619000000", "incomeTaxExpense": "123000000", "interestAndDebtExpense": "None", "netIncomeFromContinuingOperations": "496000000", "comprehensiveIncomeNetOfTax": "None", "ebit": "621000000", "ebitda": "626000000", "netIncome": "511000000"}, {"fiscalDateEnding": "2023-03-31", "reportedCurrency": "USD", "grossProfit": "17045000000", "totalRevenue": "15548000000", "costOfRevenue": "11675000000", "costofGoodsAndServicesSold": "11675000000", "operatingIncome": "2244000000", "sellingGeneralAndAdministrative": "3245000000", "researchAndDevelopment": "None", "operatingExpenses": "4504000000", "investmentIncomeNet": "None", "netInterestIncome": "-441000000", "interestIncome": "None", "interestExpense": "441000000", "nonInterestIncome": "None", "otherNonOperatingIncome": "12000000", "depreciation": "None", "depreciationAndAmortization": "41000000", "incomeBeforeTax": "1847000000", "incomeTaxExpense": "382000000", "interestAndDebtExpense": "None", "netIncomeFromContinuingOperations": "1465000000", "comprehensiveIncomeNetOfTax": "None", "ebit": "2244000000", "ebitda": "2285000000", "netIncome": "1462000000"}, {"fiscalDateEnding": "2022-12-31", "reportedCurrency": "USD", "grossProfit": "-1712000000", "totalRevenue": "11911000000", "costOfRevenue": "9721000000", "costofGoodsAndServicesSold": "9721000000", "operatingIncome": "23000000", "sellingGeneralAndAdministrative": "3378000000", "researchAndDevelopment": "None", "operatingExpenses": "6554000000", "investmentIncomeNet": "None", "netInterestIncome": "-417000000", "interestIncome": "None", "interestExpense": "417000000", "nonInterestIncome": "None", "otherNonOperatingIncome": "-7000000", "depreciation": "None", "depreciationAndAmortization": "62000000", "incomeBeforeTax": "-713000000", "incomeTaxExpense": "-164000000", "interestAndDebtExpense": "None", "netIncomeFromContinuingOperations": "-549000000", "comprehensiveIncomeNetOfTax": "None", "ebit": "23000000", "ebitda": "85000000", "netIncome": "-549000000"}, {"fiscalDateEnding": "2022-09-30", "reportedCurrency": "USD", "grossProfit": "-333000000", "totalRevenue": "20147000000", "costOfRevenue": "17171000000", "costofGoodsAndServicesSold": "17171000000", "operatingIncome": "-437000000", "sellingGeneralAndAdministrative": "3063000000", "researchAndDevelopment": "None", "operatingExpenses": "3058000000", "investmentIncomeNet": "None", "netInterestIncome": "-407000000", "interestIncome": "None", "interestExpense": "407000000", "nonInterestIncome": "None", "otherNonOperatingIncome": "-1000000", "depreciation": "None", "depreciationAndAmortization": "-126000000", "incomeBeforeTax": "-437000000", "incomeTaxExpense": "-148000000", "interestAndDebtExpense": "None", "netIncomeFromContinuingOperations": "-289000000", "comprehensiveIncomeNetOfTax": "None", "ebit": "-437000000", "ebitda": "-563000000", "netIncome": "-289000000"}, {"fiscalDateEnding": "2022-06-30", "reportedCurrency": "USD", "grossProfit": "-1597000000", "totalRevenue": "11424000000", "costOfRevenue": "9737000000", "costofGoodsAndServicesSold": "9737000000", "operatingIncome": "-153000000", "sellingGeneralAndAdministrative": "3061000000", "researchAndDevelopment": "None", "operatingExpenses": "2881000000", "investmentIncomeNet": "None", "netInterestIncome": "-401000000", "interestIncome": "None", "interestExpense": "401000000", "nonInterestIncome": "None", "otherNonOperatingIncome": "-50000000", "depreciation": "None", "depreciationAndAmortization": "170000000", "incomeBeforeTax": "-511000000", "incomeTaxExpense": "11000000", "interestAndDebtExpense": "None", "netIncomeFromContinuingOperations": "-522000000", "comprehensiveIncomeNetOfTax": "None", "ebit": "-153000000", "ebitda": "17000000", "netIncome": "-522000000"}, {"fiscalDateEnding": "2022-03-31", "reportedCurrency": "USD", "grossProfit": "-918000000", "totalRevenue": "12297000000", "costOfRevenue": "9061000000", "costofGoodsAndServicesSold": "9061000000", "operatingIncome": "264000000", "sellingGeneralAndAdministrative": "3083000000", "researchAndDevelopment": "None", "operatingExpenses": "3211000000", "investmentIncomeNet": "None", "netInterestIncome": "-364000000", "interestIncome": "None", "interestExpense": "364000000", "nonInterestIncome": "None", "otherNonOperatingIncome": "2000000", "depreciation": "None", "depreciationAndAmortization": "18000000", "incomeBeforeTax": "-115000000", "incomeTaxExpense": "-69000000", "interestAndDebtExpense": "None", "netIncomeFromContinuingOperations": "-46000000", "comprehensiveIncomeNetOfTax": "None", "ebit": "264000000", "ebitda": "282000000", "netIncome": "-46000000"}, {"fiscalDateEnding": "2021-12-31", "reportedCurrency": "USD", "grossProfit": "6836000000", "totalRevenue": "16326000000", "costOfRevenue": "9490000000", "costofGoodsAndServicesSold": "9490000000", "operatingIncome": "1388000000", "sellingGeneralAndAdministrative": "3651000000", "researchAndDevelopment": "None", "operatingExpenses": "5448000000", "investmentIncomeNet": "None", "netInterestIncome": "-362000000", "interestIncome": "None", "interestExpense": "362000000", "nonInterestIncome": "None", "otherNonOperatingIncome": "24000000", "depreciation": "None", "depreciationAndAmortization": "117000000", "incomeBeforeTax": "1412000000", "incomeTaxExpense": "170000000", "interestAndDebtExpense": "None", "netIncomeFromContinuingOperations": "1242000000", "comprehensiveIncomeNetOfTax": "None", "ebit": "1388000000", "ebitda": "1505000000", "netIncome": "1208000000"}, {"fiscalDateEnding": "2021-09-30", "reportedCurrency": "USD", "grossProfit": "5751000000", "totalRevenue": "21598000000", "costOfRevenue": "15847000000", "costofGoodsAndServicesSold": "15847000000", "operatingIncome": "1806000000", "sellingGeneralAndAdministrative": "3386000000", "researchAndDevelopment": "None", "operatingExpenses": "3945000000", "investmentIncomeNet": "None", "netInterestIncome": "-367000000", "interestIncome": "None", "interestExpense": "367000000", "nonInterestIncome": "None", "otherNonOperatingIncome": "18000000", "depreciation": "None", "depreciationAndAmortization": "42000000", "incomeBeforeTax": "1824000000", "incomeTaxExpense": "259000000", "interestAndDebtExpense": "None", "netIncomeFromContinuingOperations": "1547000000", "comprehensiveIncomeNetOfTax": "None", "ebit": "1806000000", "ebitda": "1848000000", "netIncome": "1530000000"}, {"fiscalDateEnding": "2021-06-30", "reportedCurrency": "USD", "grossProfit": "6836000000", "totalRevenue": "15917000000", "costOfRevenue": "9081000000", "costofGoodsAndServicesSold": "9081000000", "operatingIncome": "2773000000", "sellingGeneralAndAdministrative": "3230000000", "researchAndDevelopment": "None", "operatingExpenses": "4063000000", "investmentIncomeNet": "None", "netInterestIncome": "-371000000", "interestIncome": "None", "interestExpense": "371000000", "nonInterestIncome": "None", "otherNonOperatingIncome": "19000000", "depreciation": "None", "depreciationAndAmortization": "15000000", "incomeBeforeTax": "2792000000", "incomeTaxExpense": "609000000", "interestAndDebtExpense": "None", "netIncomeFromContinuingOperations": "2183000000", "comprehensiveIncomeNetOfTax": "None", "ebit": "2773000000", "ebitda": "2788000000", "netIncome": "2158000000"}, {"fiscalDateEnding": "2021-03-31", "reportedCurrency": "USD", "grossProfit": "7323000000", "totalRevenue": "16942000000", "costOfRevenue": "9619000000", "costofGoodsAndServicesSold": "9619000000", "operatingIncome": "3414000000", "sellingGeneralAndAdministrative": "3315000000", "researchAndDevelopment": "None", "operatingExpenses": "3909000000", "investmentIncomeNet": "None", "netInterestIncome": "-376000000", "interestIncome": "None", "interestExpense": "376000000", "nonInterestIncome": "None", "otherNonOperatingIncome": "26000000", "depreciation": "None", "depreciationAndAmortization": "30000000", "incomeBeforeTax": "3440000000", "incomeTaxExpense": "636000000", "interestAndDebtExpense": "None", "netIncomeFromContinuingOperations": "2778000000", "comprehensiveIncomeNetOfTax": "None", "ebit": "3414000000", "ebitda": "3444000000", "netIncome": "2828000000"}, {"fiscalDateEnding": "2020-12-31", "reportedCurrency": "USD", "grossProfit": "5236000000", "totalRevenue": "16029000000", "costOfRevenue": "10793000000", "costofGoodsAndServicesSold": "10793000000", "operatingIncome": "900000000", "sellingGeneralAndAdministrative": "3719000000", "researchAndDevelopment": "None", "operatingExpenses": "4336000000", "investmentIncomeNet": "None", "netInterestIncome": "-386000000", "interestIncome": "None", "interestExpense": "386000000", "nonInterestIncome": "None", "otherNonOperatingIncome": "34000000", "depreciation": "None", "depreciationAndAmortization": "9000000", "incomeBeforeTax": "934000000", "incomeTaxExpense": "-88000000", "interestAndDebtExpense": "None", "netIncomeFromContinuingOperations": "988000000", "comprehensiveIncomeNetOfTax": "None", "ebit": "900000000", "ebitda": "909000000", "netIncome": "819000000"}, {"fiscalDateEnding": "2020-09-30", "reportedCurrency": "USD", "grossProfit": "5324000000", "totalRevenue": "15425000000", "costOfRevenue": "10101000000", "costofGoodsAndServicesSold": "10101000000", "operatingIncome": "1447000000", "sellingGeneralAndAdministrative": "3323000000", "researchAndDevelopment": "None", "operatingExpenses": "3877000000", "investmentIncomeNet": "None", "netInterestIncome": "-400000000", "interestIncome": "None", "interestExpense": "400000000", "nonInterestIncome": "None", "otherNonOperatingIncome": "10000000", "depreciation": "None", "depreciationAndAmortization": "65000000", "incomeBeforeTax": "1457000000", "incomeTaxExpense": "-50000000", "interestAndDebtExpense": "None", "netIncomeFromContinuingOperations": "1497000000", "comprehensiveIncomeNetOfTax": "None", "ebit": "1447000000", "ebitda": "1512000000", "netIncome": "1487000000"}, {"fiscalDateEnding": "2020-06-30", "reportedCurrency": "USD", "grossProfit": "1546000000", "totalRevenue": "12115000000", "costOfRevenue": "10569000000", "costofGoodsAndServicesSold": "10569000000", "operatingIncome": "-2332000000", "sellingGeneralAndAdministrative": "3347000000", "researchAndDevelopment": "None", "operatingExpenses": "3878000000", "investmentIncomeNet": "None", "netInterestIncome": "-397000000", "interestIncome": "None", "interestExpense": "397000000", "nonInterestIncome": "None", "otherNonOperatingIncome": "42000000", "depreciation": "None", "depreciationAndAmortization": "54000000", "incomeBeforeTax": "-2290000000", "incomeTaxExpense": "115000000", "interestAndDebtExpense": "None", "netIncomeFromContinuingOperations": "-2447000000", "comprehensiveIncomeNetOfTax": "None", "ebit": "-2332000000", "ebitda": "-2278000000", "netIncome": "-2409000000"}, {"fiscalDateEnding": "2020-03-31", "reportedCurrency": "USD", "grossProfit": "3109000000", "totalRevenue": "13464000000", "costOfRevenue": "10355000000", "costofGoodsAndServicesSold": "10355000000", "operatingIncome": "-338000000", "sellingGeneralAndAdministrative": "3524000000", "researchAndDevelopment": "None", "operatingExpenses": "3447000000", "investmentIncomeNet": "None", "netInterestIncome": "-387000000", "interestIncome": "None", "interestExpense": "387000000", "nonInterestIncome": "None", "otherNonOperatingIncome": "10000000", "depreciation": "None", "depreciationAndAmortization": "329000000", "incomeBeforeTax": "-338000000", "incomeTaxExpense": "-58000000", "interestAndDebtExpense": "None", "netIncomeFromContinuingOperations": "-280000000", "comprehensiveIncomeNetOfTax": "None", "ebit": "-338000000", "ebitda": "-9000000", "netIncome": "-271000000"}, {"fiscalDateEnding": "2019-12-31", "reportedCurrency": "USD", "grossProfit": "5765000000", "totalRevenue": "19223000000", "costOfRevenue": "13458000000", "costofGoodsAndServicesSold": "13458000000", "operatingIncome": "1344000000", "sellingGeneralAndAdministrative": "3828000000", "researchAndDevelopment": "None", "operatingExpenses": "4421000000", "investmentIncomeNet": "None", "netInterestIncome": "-385000000", "interestIncome": "None", "interestExpense": "385000000", "nonInterestIncome": "None", "otherNonOperatingIncome": "15000000", "depreciation": "None", "depreciationAndAmortization": "108000000", "incomeBeforeTax": "1344000000", "incomeTaxExpense": "221000000", "interestAndDebtExpense": "None", "netIncomeFromContinuingOperations": "1123000000", "comprehensiveIncomeNetOfTax": "None", "ebit": "1344000000", "ebitda": "1452000000", "netIncome": "1128000000"}, {"fiscalDateEnding": "2019-09-30", "reportedCurrency": "USD", "grossProfit": "5686000000", "totalRevenue": "15105000000", "costOfRevenue": "9419000000", "costofGoodsAndServicesSold": "9419000000", "operatingIncome": "1725000000", "sellingGeneralAndAdministrative": "3294000000", "researchAndDevelopment": "None", "operatingExpenses": "3961000000", "investmentIncomeNet": "None", "netInterestIncome": "-377000000", "interestIncome": "None", "interestExpense": "377000000", "nonInterestIncome": "None", "otherNonOperatingIncome": "32000000", "depreciation": "None", "depreciationAndAmortization": "441000000", "incomeBeforeTax": "1725000000", "incomeTaxExpense": "332000000", "interestAndDebtExpense": "None", "netIncomeFromContinuingOperations": "1393000000", "comprehensiveIncomeNetOfTax": "None", "ebit": "1725000000", "ebitda": "2166000000", "netIncome": "1418000000"}, {"fiscalDateEnding": "2019-06-30", "reportedCurrency": "USD", "grossProfit": "4451000000", "totalRevenue": "15388000000", "costOfRevenue": "10937000000", "costofGoodsAndServicesSold": "10937000000", "operatingIncome": "876000000", "sellingGeneralAndAdministrative": "3138000000", "researchAndDevelopment": "None", "operatingExpenses": "3575000000", "investmentIncomeNet": "None", "netInterestIncome": "-392000000", "interestIncome": "None", "interestExpense": "392000000", "nonInterestIncome": "None", "otherNonOperatingIncome": "24000000", "depreciation": "None", "depreciationAndAmortization": "-109000000", "incomeBeforeTax": "876000000", "incomeTaxExpense": "162000000", "interestAndDebtExpense": "None", "netIncomeFromContinuingOperations": "714000000", "comprehensiveIncomeNetOfTax": "None", "ebit": "876000000", "ebitda": "767000000", "netIncome": "708000000"}, {"fiscalDateEnding": "2019-03-31", "reportedCurrency": "USD", "grossProfit": "4873000000", "totalRevenue": "15091000000", "costOfRevenue": "10218000000", "costofGoodsAndServicesSold": "10218000000", "operatingIncome": "1140000000", "sellingGeneralAndAdministrative": "3156000000", "researchAndDevelopment": "None", "operatingExpenses": "3733000000", "investmentIncomeNet": "None", "netInterestIncome": "-386000000", "interestIncome": "None", "interestExpense": "386000000", "nonInterestIncome": "None", "otherNonOperatingIncome": "29000000", "depreciation": "None", "depreciationAndAmortization": "20000000", "incomeBeforeTax": "1140000000", "incomeTaxExpense": "232000000", "interestAndDebtExpense": "None", "netIncomeFromContinuingOperations": "908000000", "comprehensiveIncomeNetOfTax": "None", "ebit": "1140000000", "ebitda": "1160000000", "netIncome": "932000000"}, {"fiscalDateEnding": "2018-12-31", "reportedCurrency": "USD", "grossProfit": "4295000000", "totalRevenue": "18432000000", "costOfRevenue": "14137000000", "costofGoodsAndServicesSold": "14137000000", "operatingIncome": "1053000000", "sellingGeneralAndAdministrative": "3220000000", "researchAndDevelopment": "0", "operatingExpenses": "3242000000", "investmentIncomeNet": "None", "netInterestIncome": "None", "interestIncome": "None", "interestExpense": "372000000", "nonInterestIncome": "None", "otherNonOperatingIncome": "14000000", "depreciation": "None", "depreciationAndAmortization": "116000000", "incomeBeforeTax": "1053000000", "incomeTaxExpense": "218000000", "interestAndDebtExpense": "None", "netIncomeFromContinuingOperations": "835000000", "comprehensiveIncomeNetOfTax": "None", "ebit": "1053000000", "ebitda": "1169000000", "netIncome": "842000000"}, {"fiscalDateEnding": "2018-09-30", "reportedCurrency": "USD", "grossProfit": "5244000000", "totalRevenue": "16148000000", "costOfRevenue": "10904000000", "costofGoodsAndServicesSold": "10904000000", "operatingIncome": "1838000000", "sellingGeneralAndAdministrative": "2960000000", "researchAndDevelopment": "0", "operatingExpenses": "3406000000", "investmentIncomeNet": "None", "netInterestIncome": "None", "interestIncome": "None", "interestExpense": "355000000", "nonInterestIncome": "None", "otherNonOperatingIncome": "21000000", "depreciation": "None", "depreciationAndAmortization": "-3000000", "incomeBeforeTax": "1838000000", "incomeTaxExpense": "184000000", "interestAndDebtExpense": "None", "netIncomeFromContinuingOperations": "1654000000", "comprehensiveIncomeNetOfTax": "None", "ebit": "1838000000", "ebitda": "1835000000", "netIncome": "1672000000"}, {"fiscalDateEnding": "2018-06-30", "reportedCurrency": "USD", "grossProfit": "3636000000", "totalRevenue": "14655000000", "costOfRevenue": "11019000000", "costofGoodsAndServicesSold": "11019000000", "operatingIncome": "250000000", "sellingGeneralAndAdministrative": "2846000000", "researchAndDevelopment": "0", "operatingExpenses": "3386000000", "investmentIncomeNet": "None", "netInterestIncome": "None", "interestIncome": "None", "interestExpense": "347000000", "nonInterestIncome": "None", "otherNonOperatingIncome": "18000000", "depreciation": "None", "depreciationAndAmortization": "70000000", "incomeBeforeTax": "250000000", "incomeTaxExpense": "68000000", "interestAndDebtExpense": "None", "netIncomeFromContinuingOperations": "182000000", "comprehensiveIncomeNetOfTax": "None", "ebit": "250000000", "ebitda": "320000000", "netIncome": "197000000"}, {"fiscalDateEnding": "2018-03-31", "reportedCurrency": "USD", "grossProfit": "4944000000", "totalRevenue": "13757000000", "costOfRevenue": "8813000000", "costofGoodsAndServicesSold": "8813000000", "operatingIncome": "1693000000", "sellingGeneralAndAdministrative": "2923000000", "researchAndDevelopment": "0", "operatingExpenses": "3251000000", "investmentIncomeNet": "None", "netInterestIncome": "None", "interestIncome": "None", "interestExpense": "340000000", "nonInterestIncome": "None", "otherNonOperatingIncome": "23000000", "depreciation": "None", "depreciationAndAmortization": "-22000000", "incomeBeforeTax": "1693000000", "incomeTaxExpense": "352000000", "interestAndDebtExpense": "None", "netIncomeFromContinuingOperations": "1341000000", "comprehensiveIncomeNetOfTax": "None", "ebit": "1693000000", "ebitda": "1671000000", "netIncome": "1363000000"}, {"fiscalDateEnding": "2017-12-31", "reportedCurrency": "USD", "grossProfit": "4703000000", "totalRevenue": "16265000000", "costOfRevenue": "11562000000", "costofGoodsAndServicesSold": "11562000000", "operatingIncome": "1116000000", "sellingGeneralAndAdministrative": "3102000000", "researchAndDevelopment": "0", "operatingExpenses": "3587000000", "investmentIncomeNet": "None", "netInterestIncome": "None", "interestIncome": "None", "interestExpense": "1334000000", "nonInterestIncome": "None", "otherNonOperatingIncome": "-9000000", "depreciation": "None", "depreciationAndAmortization": "-49000000", "incomeBeforeTax": "1116000000", "incomeTaxExpense": "-2758000000", "interestAndDebtExpense": "None", "netIncomeFromContinuingOperations": "3874000000", "comprehensiveIncomeNetOfTax": "None", "ebit": "1116000000", "ebitda": "1067000000", "netIncome": "3765000000"}, {"fiscalDateEnding": "2017-09-30", "reportedCurrency": "USD", "grossProfit": "6442000000", "totalRevenue": "16313000000", "costOfRevenue": "9871000000", "costofGoodsAndServicesSold": "9871000000", "operatingIncome": "3021000000", "sellingGeneralAndAdministrative": "2921000000", "researchAndDevelopment": "0", "operatingExpenses": "3421000000", "investmentIncomeNet": "None", "netInterestIncome": "None", "interestIncome": "None", "interestExpense": "330000000", "nonInterestIncome": "None", "otherNonOperatingIncome": "20000000", "depreciation": "None", "depreciationAndAmortization": "164000000", "incomeBeforeTax": "3021000000", "incomeTaxExpense": "800000000", "interestAndDebtExpense": "None", "netIncomeFromContinuingOperations": "2221000000", "comprehensiveIncomeNetOfTax": "None", "ebit": "3021000000", "ebitda": "3185000000", "netIncome": "2238000000"}, {"fiscalDateEnding": "2017-06-30", "reportedCurrency": "USD", "grossProfit": "4082000000", "totalRevenue": "13441000000", "costOfRevenue": "9359000000", "costofGoodsAndServicesSold": "9359000000", "operatingIncome": "608000000", "sellingGeneralAndAdministrative": "2983000000", "researchAndDevelopment": "0", "operatingExpenses": "3474000000", "investmentIncomeNet": "None", "netInterestIncome": "None", "interestIncome": "None", "interestExpense": "326000000", "nonInterestIncome": "None", "otherNonOperatingIncome": "13000000", "depreciation": "None", "depreciationAndAmortization": "157000000", "incomeBeforeTax": "608000000", "incomeTaxExpense": "125000000", "interestAndDebtExpense": "None", "netIncomeFromContinuingOperations": "483000000", "comprehensiveIncomeNetOfTax": "None", "ebit": "608000000", "ebitda": "765000000", "netIncome": "491000000"}, {"fiscalDateEnding": "2017-03-31", "reportedCurrency": "USD", "grossProfit": "5266000000", "totalRevenue": "13670000000", "costOfRevenue": "8404000000", "costofGoodsAndServicesSold": "8404000000", "operatingIncome": "1742000000", "sellingGeneralAndAdministrative": "2909000000", "researchAndDevelopment": "0", "operatingExpenses": "3524000000", "investmentIncomeNet": "None", "netInterestIncome": "None", "interestIncome": "None", "interestExpense": "322000000", "nonInterestIncome": "None", "otherNonOperatingIncome": "25000000", "depreciation": "None", "depreciationAndAmortization": "-50000000", "incomeBeforeTax": "1742000000", "incomeTaxExpense": "395000000", "interestAndDebtExpense": "None", "netIncomeFromContinuingOperations": "1347000000", "comprehensiveIncomeNetOfTax": "None", "ebit": "1742000000", "ebitda": "1692000000", "netIncome": "1369000000"}, {"fiscalDateEnding": "2016-12-31", "reportedCurrency": "USD", "grossProfit": "3867000000", "totalRevenue": "13050000000", "costOfRevenue": "9183000000", "costofGoodsAndServicesSold": "9183000000", "operatingIncome": "317000000", "sellingGeneralAndAdministrative": "2958000000", "researchAndDevelopment": "0", "operatingExpenses": "3550000000", "investmentIncomeNet": "None", "netInterestIncome": "None", "interestIncome": "None", "interestExpense": "1324000000", "nonInterestIncome": "None", "otherNonOperatingIncome": "49000000", "depreciation": "None", "depreciationAndAmortization": "-84000000", "incomeBeforeTax": "317000000", "incomeTaxExpense": "35000000", "interestAndDebtExpense": "None", "netIncomeFromContinuingOperations": "293000000", "comprehensiveIncomeNetOfTax": "None", "ebit": "317000000", "ebitda": "233000000", "netIncome": "284000000"}, {"fiscalDateEnding": "2016-09-30", "reportedCurrency": "USD", "grossProfit": "5867000000", "totalRevenue": "16961000000", "costOfRevenue": "11094000000", "costofGoodsAndServicesSold": "11094000000", "operatingIncome": "2315000000", "sellingGeneralAndAdministrative": "2983000000", "researchAndDevelopment": "0", "operatingExpenses": "3552000000", "investmentIncomeNet": "None", "netInterestIncome": "None", "interestIncome": "None", "interestExpense": "314000000", "nonInterestIncome": "None", "otherNonOperatingIncome": "None", "depreciation": "None", "depreciationAndAmortization": "-22000000", "incomeBeforeTax": "2315000000", "incomeTaxExpense": "501000000", "interestAndDebtExpense": "None", "netIncomeFromContinuingOperations": "1832000000", "comprehensiveIncomeNetOfTax": "None", "ebit": "2315000000", "ebitda": "2293000000", "netIncome": "1827000000"}, {"fiscalDateEnding": "2016-06-30", "reportedCurrency": "USD", "grossProfit": "4965000000", "totalRevenue": "14439000000", "costOfRevenue": "9474000000", "costofGoodsAndServicesSold": "9474000000", "operatingIncome": "1341000000", "sellingGeneralAndAdministrative": "3026000000", "researchAndDevelopment": "0", "operatingExpenses": "3624000000", "investmentIncomeNet": "None", "netInterestIncome": "None", "interestIncome": "None", "interestExpense": "357000000", "nonInterestIncome": "None", "otherNonOperatingIncome": "None", "depreciation": "None", "depreciationAndAmortization": "257000000", "incomeBeforeTax": "1341000000", "incomeTaxExpense": "431000000", "interestAndDebtExpense": "None", "netIncomeFromContinuingOperations": "925000000", "comprehensiveIncomeNetOfTax": "None", "ebit": "1341000000", "ebitda": "1598000000", "netIncome": "921000000"}, {"fiscalDateEnding": "2016-03-31", "reportedCurrency": "USD", "grossProfit": "4810000000", "totalRevenue": "14329000000", "costOfRevenue": "9519000000", "costofGoodsAndServicesSold": "9519000000", "operatingIncome": "1732000000", "sellingGeneralAndAdministrative": "2812000000", "researchAndDevelopment": "0", "operatingExpenses": "3078000000", "investmentIncomeNet": "None", "netInterestIncome": "None", "interestIncome": "None", "interestExpense": "325000000", "nonInterestIncome": "None", "otherNonOperatingIncome": "None", "depreciation": "None", "depreciationAndAmortization": "167000000", "incomeBeforeTax": "1732000000", "incomeTaxExpense": "368000000", "interestAndDebtExpense": "None", "netIncomeFromContinuingOperations": "1369000000", "comprehensiveIncomeNetOfTax": "None", "ebit": "1732000000", "ebitda": "1899000000", "netIncome": "1336000000"}, {"fiscalDateEnding": "2015-12-31", "reportedCurrency": "USD", "grossProfit": "4364000000", "totalRevenue": "14256000000", "costOfRevenue": "9892000000", "costofGoodsAndServicesSold": "9892000000", "operatingIncome": "843000000", "sellingGeneralAndAdministrative": "2894000000", "researchAndDevelopment": "0", "operatingExpenses": "3521000000", "investmentIncomeNet": "None", "netInterestIncome": "None", "interestIncome": "None", "interestExpense": "1328000000", "nonInterestIncome": "None", "otherNonOperatingIncome": "None", "depreciation": "None", "depreciationAndAmortization": "-13000000", "incomeBeforeTax": "843000000", "incomeTaxExpense": "110000000", "interestAndDebtExpense": "None", "netIncomeFromContinuingOperations": "740000000", "comprehensiveIncomeNetOfTax": "None", "ebit": "843000000", "ebitda": "830000000", "netIncome": "735000000"}, {"fiscalDateEnding": "2015-09-30", "reportedCurrency": "USD", "grossProfit": "5189000000", "totalRevenue": "13599000000", "costOfRevenue": "8410000000", "costofGoodsAndServicesSold": "8410000000", "operatingIncome": "2049000000", "sellingGeneralAndAdministrative": "2773000000", "researchAndDevelopment": "0", "operatingExpenses": "3140000000", "investmentIncomeNet": "None", "netInterestIncome": "None", "interestIncome": "None", "interestExpense": "339000000", "nonInterestIncome": "None", "otherNonOperatingIncome": "None", "depreciation": "None", "depreciationAndAmortization": "174000000", "incomeBeforeTax": "2049000000", "incomeTaxExpense": "584000000", "interestAndDebtExpense": "None", "netIncomeFromContinuingOperations": "1467000000", "comprehensiveIncomeNetOfTax": "None", "ebit": "2049000000", "ebitda": "2223000000", "netIncome": "1465000000"}, {"fiscalDateEnding": "2015-06-30", "reportedCurrency": "USD", "grossProfit": "5049000000", "totalRevenue": "13712000000", "costOfRevenue": "8663000000", "costofGoodsAndServicesSold": "8663000000", "operatingIncome": "2129000000", "sellingGeneralAndAdministrative": "2483000000", "researchAndDevelopment": "0", "operatingExpenses": "2920000000", "investmentIncomeNet": "None", "netInterestIncome": "None", "interestIncome": "None", "interestExpense": "324000000", "nonInterestIncome": "None", "otherNonOperatingIncome": "None", "depreciation": "None", "depreciationAndAmortization": "-218000000", "incomeBeforeTax": "2129000000", "incomeTaxExpense": "679000000", "interestAndDebtExpense": "None", "netIncomeFromContinuingOperations": "1459000000", "comprehensiveIncomeNetOfTax": "None", "ebit": "2129000000", "ebitda": "1911000000", "netIncome": "1406000000"}, {"fiscalDateEnding": "2015-03-31", "reportedCurrency": "USD", "grossProfit": "6291000000", "totalRevenue": "15552000000", "costOfRevenue": "9261000000", "costofGoodsAndServicesSold": "9261000000", "operatingIncome": "2748000000", "sellingGeneralAndAdministrative": "2762000000", "researchAndDevelopment": "0", "operatingExpenses": "3543000000", "investmentIncomeNet": "None", "netInterestIncome": "None", "interestIncome": "None", "interestExpense": "317000000", "nonInterestIncome": "None", "otherNonOperatingIncome": "None", "depreciation": "None", "depreciationAndAmortization": "170000000", "incomeBeforeTax": "2748000000", "incomeTaxExpense": "699000000", "interestAndDebtExpense": "None", "netIncomeFromContinuingOperations": "2046000000", "comprehensiveIncomeNetOfTax": "None", "ebit": "2748000000", "ebitda": "2918000000", "netIncome": "2036000000"}, {"fiscalDateEnding": "2014-12-31", "reportedCurrency": "USD", "grossProfit": "2428000000", "totalRevenue": "15725000000", "costOfRevenue": "13297000000", "costofGoodsAndServicesSold": "13297000000", "operatingIncome": "-1750000000", "sellingGeneralAndAdministrative": "3518000000", "researchAndDevelopment": "0", "operatingExpenses": "4178000000", "investmentIncomeNet": "None", "netInterestIncome": "None", "interestIncome": "None", "interestExpense": "1934000000", "nonInterestIncome": "None", "otherNonOperatingIncome": "None", "depreciation": "None", "depreciationAndAmortization": "177000000", "incomeBeforeTax": "-1750000000", "incomeTaxExpense": "-294000000", "interestAndDebtExpense": "None", "netIncomeFromContinuingOperations": "-1451000000", "comprehensiveIncomeNetOfTax": "None", "ebit": "-1750000000", "ebitda": "-1573000000", "netIncome": "-1459000000"}, {"fiscalDateEnding": "2014-09-30", "reportedCurrency": "USD", "grossProfit": "3818000000", "totalRevenue": "12380000000", "costOfRevenue": "8562000000", "costofGoodsAndServicesSold": "8562000000", "operatingIncome": "284000000", "sellingGeneralAndAdministrative": "2789000000", "researchAndDevelopment": "0", "operatingExpenses": "3534000000", "investmentIncomeNet": "None", "netInterestIncome": "None", "interestIncome": "None", "interestExpense": "340000000", "nonInterestIncome": "None", "otherNonOperatingIncome": "None", "depreciation": "None", "depreciationAndAmortization": "275000000", "incomeBeforeTax": "284000000", "incomeTaxExpense": "-234000000", "interestAndDebtExpense": "None", "netIncomeFromContinuingOperations": "523000000", "comprehensiveIncomeNetOfTax": "None", "ebit": "284000000", "ebitda": "559000000", "netIncome": "512000000"}, {"fiscalDateEnding": "2014-06-30", "reportedCurrency": "USD", "grossProfit": "5020000000", "totalRevenue": "13146000000", "costOfRevenue": "8126000000", "costofGoodsAndServicesSold": "8126000000", "operatingIncome": "1507000000", "sellingGeneralAndAdministrative": "2802000000", "researchAndDevelopment": "0", "operatingExpenses": "3513000000", "investmentIncomeNet": "None", "netInterestIncome": "None", "interestIncome": "None", "interestExpense": "319000000", "nonInterestIncome": "None", "otherNonOperatingIncome": "None", "depreciation": "None", "depreciationAndAmortization": "138000000", "incomeBeforeTax": "1507000000", "incomeTaxExpense": "404000000", "interestAndDebtExpense": "None", "netIncomeFromContinuingOperations": "1109000000", "comprehensiveIncomeNetOfTax": "None", "ebit": "1507000000", "ebitda": "1645000000", "netIncome": "1090000000"}, {"fiscalDateEnding": "2014-03-31", "reportedCurrency": "USD", "grossProfit": "5016000000", "totalRevenue": "12854000000", "costOfRevenue": "7838000000", "costofGoodsAndServicesSold": "7838000000", "operatingIncome": "1718000000", "sellingGeneralAndAdministrative": "2698000000", "researchAndDevelopment": "0", "operatingExpenses": "3298000000", "investmentIncomeNet": "None", "netInterestIncome": "None", "interestIncome": "None", "interestExpense": "1419000000", "nonInterestIncome": "None", "otherNonOperatingIncome": "None", "depreciation": "None", "depreciationAndAmortization": "41000000", "incomeBeforeTax": "1718000000", "incomeTaxExpense": "473000000", "interestAndDebtExpense": "None", "netIncomeFromContinuingOperations": "1245000000", "comprehensiveIncomeNetOfTax": "None", "ebit": "1718000000", "ebitda": "1759000000", "netIncome": "1238000000"}, {"fiscalDateEnding": "2013-12-31", "reportedCurrency": "USD", "grossProfit": "9889000000", "totalRevenue": "9889000000", "costOfRevenue": "7878000000", "costofGoodsAndServicesSold": "7878000000", "operatingIncome": "-567000000", "sellingGeneralAndAdministrative": "2943000000", "researchAndDevelopment": "0", "operatingExpenses": "10821000000", "investmentIncomeNet": "None", "netInterestIncome": "None", "interestIncome": "None", "interestExpense": "331000000", "nonInterestIncome": "None", "otherNonOperatingIncome": "None", "depreciation": "None", "depreciationAndAmortization": "73000000", "incomeBeforeTax": "-932000000", "incomeTaxExpense": "-463000000", "interestAndDebtExpense": "None", "netIncomeFromContinuingOperations": "-467000000", "comprehensiveIncomeNetOfTax": "None", "ebit": "-945000000", "ebitda": "-872000000", "netIncome": "-482000000"}, {"fiscalDateEnding": "2013-09-30", "reportedCurrency": "USD", "grossProfit": "4766000000", "totalRevenue": "11310000000", "costOfRevenue": "6544000000", "costofGoodsAndServicesSold": "6544000000", "operatingIncome": "1526000000", "sellingGeneralAndAdministrative": "2658000000", "researchAndDevelopment": "0", "operatingExpenses": "3240000000", "investmentIncomeNet": "None", "netInterestIncome": "None", "interestIncome": "None", "interestExpense": "296000000", "nonInterestIncome": "None", "otherNonOperatingIncome": "None", "depreciation": "None", "depreciationAndAmortization": "177000000", "incomeBeforeTax": "1526000000", "incomeTaxExpense": "497000000", "interestAndDebtExpense": "None", "netIncomeFromContinuingOperations": "1053000000", "comprehensiveIncomeNetOfTax": "None", "ebit": "1526000000", "ebitda": "1703000000", "netIncome": "1027000000"}, {"fiscalDateEnding": "2013-06-30", "reportedCurrency": "USD", "grossProfit": "2403000000", "totalRevenue": "10041000000", "costOfRevenue": "7638000000", "costofGoodsAndServicesSold": "7638000000", "operatingIncome": "-769000000", "sellingGeneralAndAdministrative": "2727000000", "researchAndDevelopment": "0", "operatingExpenses": "3172000000", "investmentIncomeNet": "None", "netInterestIncome": "None", "interestIncome": "None", "interestExpense": "331000000", "nonInterestIncome": "None", "otherNonOperatingIncome": "None", "depreciation": "None", "depreciationAndAmortization": "52000000", "incomeBeforeTax": "-769000000", "incomeTaxExpense": "-275000000", "interestAndDebtExpense": "None", "netIncomeFromContinuingOperations": "-488000000", "comprehensiveIncomeNetOfTax": "None", "ebit": "-769000000", "ebitda": "-717000000", "netIncome": "-514000000"}, {"fiscalDateEnding": "2013-03-31", "reportedCurrency": "USD", "grossProfit": "1684000000", "totalRevenue": "10171000000", "costOfRevenue": "8487000000", "costofGoodsAndServicesSold": "8487000000", "operatingIncome": "-1559000000", "sellingGeneralAndAdministrative": "2683000000", "researchAndDevelopment": "0", "operatingExpenses": "3243000000", "investmentIncomeNet": "None", "netInterestIncome": "None", "interestIncome": "None", "interestExpense": "327000000", "nonInterestIncome": "None", "otherNonOperatingIncome": "None", "depreciation": "None", "depreciationAndAmortization": "109000000", "incomeBeforeTax": "-1559000000", "incomeTaxExpense": "-827000000", "interestAndDebtExpense": "None", "netIncomeFromContinuingOperations": "-665000000", "comprehensiveIncomeNetOfTax": "None", "ebit": "-1559000000", "ebitda": "-1450000000", "netIncome": "-720000000"}, {"fiscalDateEnding": "2012-12-31", "reportedCurrency": "USD", "grossProfit": "4227000000", "totalRevenue": "45912000000", "costOfRevenue": "41685000000", "costofGoodsAndServicesSold": "41685000000", "operatingIncome": "-490000000", "sellingGeneralAndAdministrative": "2830000000", "researchAndDevelopment": "0", "operatingExpenses": "4717000000", "investmentIncomeNet": "None", "netInterestIncome": "None", "interestIncome": "None", "interestExpense": "1369000000", "nonInterestIncome": "None", "otherNonOperatingIncome": "None", "depreciation": "None", "depreciationAndAmortization": "72000000", "incomeBeforeTax": "-490000000", "incomeTaxExpense": "-368000000", "interestAndDebtExpense": "None", "netIncomeFromContinuingOperations": "0", "comprehensiveIncomeNetOfTax": "None", "ebit": "-490000000", "ebitda": "-418000000", "netIncome": "-144000000"}, {"fiscalDateEnding": "2012-09-30", "reportedCurrency": "USD", "grossProfit": "2329000000", "totalRevenue": "13144000000", "costOfRevenue": "10815000000", "costofGoodsAndServicesSold": "10815000000", "operatingIncome": "-930000000", "sellingGeneralAndAdministrative": "2742000000", "researchAndDevelopment": "0", "operatingExpenses": "3259000000", "investmentIncomeNet": "None", "netInterestIncome": "None", "interestIncome": "None", "interestExpense": "1057000000", "nonInterestIncome": "None", "otherNonOperatingIncome": "None", "depreciation": "None", "depreciationAndAmortization": "27000000", "incomeBeforeTax": "-930000000", "incomeTaxExpense": "-328000000", "interestAndDebtExpense": "None", "netIncomeFromContinuingOperations": "0", "comprehensiveIncomeNetOfTax": "None", "ebit": "90000000", "ebitda": "117000000", "netIncome": "-584000000"}, {"fiscalDateEnding": "2012-06-30", "reportedCurrency": "USD", "grossProfit": "6225000000", "totalRevenue": "16136000000", "costOfRevenue": "9911000000", "costofGoodsAndServicesSold": "9911000000", "operatingIncome": "2969000000", "sellingGeneralAndAdministrative": "2652000000", "researchAndDevelopment": "0", "operatingExpenses": "3256000000", "investmentIncomeNet": "None", "netInterestIncome": "None", "interestIncome": "None", "interestExpense": "312000000", "nonInterestIncome": "None", "otherNonOperatingIncome": "None", "depreciation": "None", "depreciationAndAmortization": "98000000", "incomeBeforeTax": "2969000000", "incomeTaxExpense": "743000000", "interestAndDebtExpense": "None", "netIncomeFromContinuingOperations": "0", "comprehensiveIncomeNetOfTax": "None", "ebit": "2969000000", "ebitda": "3067000000", "netIncome": "2224000000"}, {"fiscalDateEnding": "2012-03-31", "reportedCurrency": "USD", "grossProfit": "2439000000", "totalRevenue": "9623000000", "costOfRevenue": "7184000000", "costofGoodsAndServicesSold": "7184000000", "operatingIncome": "-763000000", "sellingGeneralAndAdministrative": "2760000000", "researchAndDevelopment": "0", "operatingExpenses": "3202000000", "investmentIncomeNet": "None", "netInterestIncome": "None", "interestIncome": "None", "interestExpense": "308000000", "nonInterestIncome": "None", "otherNonOperatingIncome": "None", "depreciation": "None", "depreciationAndAmortization": "105000000", "incomeBeforeTax": "-763000000", "incomeTaxExpense": "179000000", "interestAndDebtExpense": "None", "netIncomeFromContinuingOperations": "0", "comprehensiveIncomeNetOfTax": "None", "ebit": "-763000000", "ebitda": "-658000000", "netIncome": "-939000000"}, {"fiscalDateEnding": "2011-12-31", "reportedCurrency": "USD", "grossProfit": "4750000000", "totalRevenue": "11695000000", "costOfRevenue": "6945000000", "costofGoodsAndServicesSold": "6945000000", "operatingIncome": "907000000", "sellingGeneralAndAdministrative": "2677000000", "researchAndDevelopment": "0", "operatingExpenses": "3843000000", "investmentIncomeNet": "None", "netInterestIncome": "None", "interestIncome": "None", "interestExpense": "586000000", "nonInterestIncome": "None", "otherNonOperatingIncome": "None", "depreciation": "None", "depreciationAndAmortization": "88000000", "incomeBeforeTax": "907000000", "incomeTaxExpense": "229000000", "interestAndDebtExpense": "None", "netIncomeFromContinuingOperations": "0", "comprehensiveIncomeNetOfTax": "None", "ebit": "907000000", "ebitda": "995000000", "netIncome": "686000000"}, {"fiscalDateEnding": "2011-09-30", "reportedCurrency": "USD", "grossProfit": "7260000000", "totalRevenue": "14931000000", "costOfRevenue": "7671000000", "costofGoodsAndServicesSold": "7671000000", "operatingIncome": "2406000000", "sellingGeneralAndAdministrative": "2665000000", "researchAndDevelopment": "0", "operatingExpenses": "4854000000", "investmentIncomeNet": "None", "netInterestIncome": "None", "interestIncome": "None", "interestExpense": "1463000000", "nonInterestIncome": "None", "otherNonOperatingIncome": "None", "depreciation": "None", "depreciationAndAmortization": "35000000", "incomeBeforeTax": "2406000000", "incomeTaxExpense": "860000000", "interestAndDebtExpense": "None", "netIncomeFromContinuingOperations": "1553000000", "comprehensiveIncomeNetOfTax": "None", "ebit": "3869000000", "ebitda": "3904000000", "netIncome": "1594000000"}, {"fiscalDateEnding": "2011-06-30", "reportedCurrency": "USD", "grossProfit": "5018000000", "totalRevenue": "12244000000", "costOfRevenue": "7226000000", "costofGoodsAndServicesSold": "7226000000", "operatingIncome": "1084000000", "sellingGeneralAndAdministrative": "2689000000", "researchAndDevelopment": "0", "operatingExpenses": "3934000000", "investmentIncomeNet": "None", "netInterestIncome": "None", "interestIncome": "None", "interestExpense": "290000000", "nonInterestIncome": "None", "otherNonOperatingIncome": "None", "depreciation": "None", "depreciationAndAmortization": "186000000", "incomeBeforeTax": "1084000000", "incomeTaxExpense": "292000000", "interestAndDebtExpense": "None", "netIncomeFromContinuingOperations": "851000000", "comprehensiveIncomeNetOfTax": "None", "ebit": "1084000000", "ebitda": "1270000000", "netIncome": "789000000"}, {"fiscalDateEnding": "2011-03-31", "reportedCurrency": "USD", "grossProfit": "3914000000", "totalRevenue": "10170000000", "costOfRevenue": "6256000000", "costofGoodsAndServicesSold": "6256000000", "operatingIncome": "628000000", "sellingGeneralAndAdministrative": "2384000000", "researchAndDevelopment": "0", "operatingExpenses": "3286000000", "investmentIncomeNet": "None", "netInterestIncome": "None", "interestIncome": "None", "interestExpense": "279000000", "nonInterestIncome": "None", "otherNonOperatingIncome": "None", "depreciation": "None", "depreciationAndAmortization": "-19000000", "incomeBeforeTax": "628000000", "incomeTaxExpense": "160000000", "interestAndDebtExpense": "None", "netIncomeFromContinuingOperations": "619000000", "comprehensiveIncomeNetOfTax": "None", "ebit": "628000000", "ebitda": "609000000", "netIncome": "561000000"}, {"fiscalDateEnding": "2010-12-31", "reportedCurrency": "USD", "grossProfit": "2920000000", "totalRevenue": "8106000000", "costOfRevenue": "5186000000", "costofGoodsAndServicesSold": "5186000000", "operatingIncome": "138000000", "sellingGeneralAndAdministrative": "703000000", "researchAndDevelopment": "0", "operatingExpenses": "2782000000", "investmentIncomeNet": "None", "netInterestIncome": "None", "interestIncome": "None", "interestExpense": "273000000", "nonInterestIncome": "None", "otherNonOperatingIncome": "None", "depreciation": "None", "depreciationAndAmortization": "-48000000", "incomeBeforeTax": "138000000", "incomeTaxExpense": "4000000", "interestAndDebtExpense": "None", "netIncomeFromContinuingOperations": "0", "comprehensiveIncomeNetOfTax": "None", "ebit": "138000000", "ebitda": "90000000", "netIncome": "177000000"}, {"fiscalDateEnding": "2010-09-30", "reportedCurrency": "USD", "grossProfit": "4205000000", "totalRevenue": "9917000000", "costOfRevenue": "5712000000", "costofGoodsAndServicesSold": "5712000000", "operatingIncome": "1750000000", "sellingGeneralAndAdministrative": "1949000000", "researchAndDevelopment": "0", "operatingExpenses": "2455000000", "investmentIncomeNet": "None", "netInterestIncome": "None", "interestIncome": "None", "interestExpense": "267000000", "nonInterestIncome": "None", "otherNonOperatingIncome": "None", "depreciation": "None", "depreciationAndAmortization": "-17000000", "incomeBeforeTax": "1750000000", "incomeTaxExpense": "524000000", "interestAndDebtExpense": "None", "netIncomeFromContinuingOperations": "0", "comprehensiveIncomeNetOfTax": "None", "ebit": "1750000000", "ebitda": "1733000000", "netIncome": "1244000000"}, {"fiscalDateEnding": "2010-06-30", "reportedCurrency": "USD", "grossProfit": "4869000000", "totalRevenue": "10987000000", "costOfRevenue": "6118000000", "costofGoodsAndServicesSold": "6118000000", "operatingIncome": "1506000000", "sellingGeneralAndAdministrative": "1853000000", "researchAndDevelopment": "0", "operatingExpenses": "3363000000", "investmentIncomeNet": "None", "netInterestIncome": "None", "interestIncome": "None", "interestExpense": "258000000", "nonInterestIncome": "None", "otherNonOperatingIncome": "None", "depreciation": "None", "depreciationAndAmortization": "-8000000", "incomeBeforeTax": "1506000000", "incomeTaxExpense": "426000000", "interestAndDebtExpense": "None", "netIncomeFromContinuingOperations": "0", "comprehensiveIncomeNetOfTax": "None", "ebit": "1506000000", "ebitda": "1498000000", "netIncome": "1077000000"}, {"fiscalDateEnding": "2010-03-31", "reportedCurrency": "USD", "grossProfit": "3769000000", "totalRevenue": "9247000000", "costOfRevenue": "5478000000", "costofGoodsAndServicesSold": "5478000000", "operatingIncome": "1009000000", "sellingGeneralAndAdministrative": "1817000000", "researchAndDevelopment": "0", "operatingExpenses": "2760000000", "investmentIncomeNet": "None", "netInterestIncome": "None", "interestIncome": "None", "interestExpense": "251000000", "nonInterestIncome": "None", "otherNonOperatingIncome": "None", "depreciation": "None", "depreciationAndAmortization": "-31000000", "incomeBeforeTax": "1009000000", "incomeTaxExpense": "351000000", "interestAndDebtExpense": "None", "netIncomeFromContinuingOperations": "0", "comprehensiveIncomeNetOfTax": "None", "ebit": "1009000000", "ebitda": "978000000", "netIncome": "697000000"}, {"fiscalDateEnding": "2009-12-31", "reportedCurrency": "USD", "grossProfit": "3566000000", "totalRevenue": "8659000000", "costOfRevenue": "5093000000", "costofGoodsAndServicesSold": "5093000000", "operatingIncome": "713000000", "sellingGeneralAndAdministrative": "2397000000", "researchAndDevelopment": "0", "operatingExpenses": "2853000000", "investmentIncomeNet": "None", "netInterestIncome": "None", "interestIncome": "None", "interestExpense": "241000000", "nonInterestIncome": "None", "otherNonOperatingIncome": "None", "depreciation": "None", "depreciationAndAmortization": "17000000", "incomeBeforeTax": "713000000", "incomeTaxExpense": "332000000", "interestAndDebtExpense": "None", "netIncomeFromContinuingOperations": "0", "comprehensiveIncomeNetOfTax": "None", "ebit": "713000000", "ebitda": "730000000", "netIncome": "1865000000"}, {"fiscalDateEnding": "2009-09-30", "reportedCurrency": "USD", "grossProfit": "3301000000", "totalRevenue": "8543000000", "costOfRevenue": "5242000000", "costofGoodsAndServicesSold": "5242000000", "operatingIncome": "848000000", "sellingGeneralAndAdministrative": "1887000000", "researchAndDevelopment": "0", "operatingExpenses": "2453000000", "investmentIncomeNet": "None", "netInterestIncome": "None", "interestIncome": "None", "interestExpense": "228000000", "nonInterestIncome": "None", "otherNonOperatingIncome": "None", "depreciation": "None", "depreciationAndAmortization": "-34000000", "incomeBeforeTax": "848000000", "incomeTaxExpense": "-153000000", "interestAndDebtExpense": "None", "netIncomeFromContinuingOperations": "0", "comprehensiveIncomeNetOfTax": "None", "ebit": "848000000", "ebitda": "814000000", "netIncome": "1082000000"}, {"fiscalDateEnding": "2009-06-30", "reportedCurrency": "USD", "grossProfit": "1894000000", "totalRevenue": "6879000000", "costOfRevenue": "4985000000", "costofGoodsAndServicesSold": "4985000000", "operatingIncome": "-10000000", "sellingGeneralAndAdministrative": "1627000000", "researchAndDevelopment": "0", "operatingExpenses": "1904000000", "investmentIncomeNet": "None", "netInterestIncome": "None", "interestIncome": "None", "interestExpense": "239000000", "nonInterestIncome": "None", "otherNonOperatingIncome": "None", "depreciation": "None", "depreciationAndAmortization": "50000000", "incomeBeforeTax": "-10000000", "incomeTaxExpense": "-163000000", "interestAndDebtExpense": "None", "netIncomeFromContinuingOperations": "0", "comprehensiveIncomeNetOfTax": "None", "ebit": "-10000000", "ebitda": "40000000", "netIncome": "163000000"}, {"fiscalDateEnding": "2009-03-31", "reportedCurrency": "USD", "grossProfit": "3015000000", "totalRevenue": "8525000000", "costOfRevenue": "5510000000", "costofGoodsAndServicesSold": "5510000000", "operatingIncome": "3000000", "sellingGeneralAndAdministrative": "3013000000", "researchAndDevelopment": "0", "operatingExpenses": "3012000000", "investmentIncomeNet": "None", "netInterestIncome": "None", "interestIncome": "None", "interestExpense": "247000000", "nonInterestIncome": "None", "otherNonOperatingIncome": "None", "depreciation": "None", "depreciationAndAmortization": "142000000", "incomeBeforeTax": "3000000", "incomeTaxExpense": "-2000000", "interestAndDebtExpense": "None", "netIncomeFromContinuingOperations": "0", "comprehensiveIncomeNetOfTax": "None", "ebit": "3000000", "ebitda": "145000000", "netIncome": "14000000"}, {"fiscalDateEnding": "2008-12-31", "reportedCurrency": "USD", "grossProfit": "2435000000", "totalRevenue": "6966000000", "costOfRevenue": "4531000000", "costofGoodsAndServicesSold": "4531000000", "operatingIncome": "-1622000000", "sellingGeneralAndAdministrative": "2878000000", "researchAndDevelopment": "0", "operatingExpenses": "4057000000", "investmentIncomeNet": "None", "netInterestIncome": "None", "interestIncome": "None", "interestExpense": "303000000", "nonInterestIncome": "None", "otherNonOperatingIncome": "None", "depreciation": "None", "depreciationAndAmortization": "329000000", "incomeBeforeTax": "-1622000000", "incomeTaxExpense": "-413000000", "interestAndDebtExpense": "None", "netIncomeFromContinuingOperations": "0", "comprehensiveIncomeNetOfTax": "None", "ebit": "-1622000000", "ebitda": "-1293000000", "netIncome": "-1566000000"}, {"fiscalDateEnding": "2008-09-30", "reportedCurrency": "USD", "grossProfit": "2580000000", "totalRevenue": "7030000000", "costOfRevenue": "4450000000", "costofGoodsAndServicesSold": "4450000000", "operatingIncome": "-196000000", "sellingGeneralAndAdministrative": "1992000000", "researchAndDevelopment": "0", "operatingExpenses": "2776000000", "investmentIncomeNet": "None", "netInterestIncome": "None", "interestIncome": "None", "interestExpense": "287000000", "nonInterestIncome": "None", "otherNonOperatingIncome": "None", "depreciation": "None", "depreciationAndAmortization": "165000000", "incomeBeforeTax": "-196000000", "incomeTaxExpense": "-149000000", "interestAndDebtExpense": "None", "netIncomeFromContinuingOperations": "0", "comprehensiveIncomeNetOfTax": "None", "ebit": "-196000000", "ebitda": "-31000000", "netIncome": "-176000000"}, {"fiscalDateEnding": "2008-06-30", "reportedCurrency": "USD", "grossProfit": "2947000000", "totalRevenue": "7703000000", "costOfRevenue": "4756000000", "costofGoodsAndServicesSold": "4756000000", "operatingIncome": "628000000", "sellingGeneralAndAdministrative": "2160000000", "researchAndDevelopment": "0", "operatingExpenses": "2319000000", "investmentIncomeNet": "None", "netInterestIncome": "None", "interestIncome": "None", "interestExpense": "248000000", "nonInterestIncome": "None", "otherNonOperatingIncome": "None", "depreciation": "None", "depreciationAndAmortization": "102000000", "incomeBeforeTax": "628000000", "incomeTaxExpense": "60000000", "interestAndDebtExpense": "None", "netIncomeFromContinuingOperations": "0", "comprehensiveIncomeNetOfTax": "None", "ebit": "628000000", "ebitda": "730000000", "netIncome": "581000000"}, {"fiscalDateEnding": "2008-03-31", "reportedCurrency": "USD", "grossProfit": "2892000000", "totalRevenue": "7564000000", "costOfRevenue": "4672000000", "costofGoodsAndServicesSold": "4672000000", "operatingIncome": "63000000", "sellingGeneralAndAdministrative": "2279000000", "researchAndDevelopment": "0", "operatingExpenses": "2829000000", "investmentIncomeNet": "None", "netInterestIncome": "None", "interestIncome": "None", "interestExpense": "298000000", "nonInterestIncome": "None", "otherNonOperatingIncome": "None", "depreciation": "None", "depreciationAndAmortization": "106000000", "incomeBeforeTax": "63000000", "incomeTaxExpense": "23000000", "interestAndDebtExpense": "None", "netIncomeFromContinuingOperations": "0", "comprehensiveIncomeNetOfTax": "None", "ebit": "63000000", "ebitda": "169000000", "netIncome": "60000000"}, {"fiscalDateEnding": "2007-12-31", "reportedCurrency": "USD", "grossProfit": "18935000000", "totalRevenue": "8808000000", "costOfRevenue": "-10127000000", "costofGoodsAndServicesSold": "-10127000000", "operatingIncome": "996000000", "sellingGeneralAndAdministrative": "2368000000", "researchAndDevelopment": "0", "operatingExpenses": "17939000000", "investmentIncomeNet": "None", "netInterestIncome": "None", "interestIncome": "None", "interestExpense": "289000000", "nonInterestIncome": "None", "otherNonOperatingIncome": "None", "depreciation": "None", "depreciationAndAmortization": "113000000", "incomeBeforeTax": "996000000", "incomeTaxExpense": "182000000", "interestAndDebtExpense": "None", "netIncomeFromContinuingOperations": "0", "comprehensiveIncomeNetOfTax": "None", "ebit": "996000000", "ebitda": "1109000000", "netIncome": "871000000"}, {"fiscalDateEnding": "2007-09-30", "reportedCurrency": "USD", "grossProfit": "4850000000", "totalRevenue": "8393000000", "costOfRevenue": "3543000000", "costofGoodsAndServicesSold": "3543000000", "operatingIncome": "1120000000", "sellingGeneralAndAdministrative": "2145000000", "researchAndDevelopment": "0", "operatingExpenses": "3730000000", "investmentIncomeNet": "None", "netInterestIncome": "None", "interestIncome": "None", "interestExpense": "281000000", "nonInterestIncome": "None", "otherNonOperatingIncome": "None", "depreciation": "None", "depreciationAndAmortization": "62000000", "incomeBeforeTax": "1120000000", "incomeTaxExpense": "316000000", "interestAndDebtExpense": "None", "netIncomeFromContinuingOperations": "0", "comprehensiveIncomeNetOfTax": "None", "ebit": "1120000000", "ebitda": "1182000000", "netIncome": "867000000"}, {"fiscalDateEnding": "2007-06-30", "reportedCurrency": "USD", "grossProfit": "3967000000", "totalRevenue": "8425000000", "costOfRevenue": "4458000000", "costofGoodsAndServicesSold": "4458000000", "operatingIncome": "1143000000", "sellingGeneralAndAdministrative": "2219000000", "researchAndDevelopment": "0", "operatingExpenses": "2824000000", "investmentIncomeNet": "None", "netInterestIncome": "None", "interestIncome": "None", "interestExpense": "276000000", "nonInterestIncome": "None", "otherNonOperatingIncome": "None", "depreciation": "None", "depreciationAndAmortization": "35000000", "incomeBeforeTax": "1143000000", "incomeTaxExpense": "324000000", "interestAndDebtExpense": "None", "netIncomeFromContinuingOperations": "0", "comprehensiveIncomeNetOfTax": "None", "ebit": "1143000000", "ebitda": "1178000000", "netIncome": "846000000"}, {"fiscalDateEnding": "2007-03-31", "reportedCurrency": "USD", "grossProfit": "4247000000", "totalRevenue": "8775000000", "costOfRevenue": "4528000000", "costofGoodsAndServicesSold": "4528000000", "operatingIncome": "1427000000", "sellingGeneralAndAdministrative": "2153000000", "researchAndDevelopment": "0", "operatingExpenses": "2820000000", "investmentIncomeNet": "None", "netInterestIncome": "None", "interestIncome": "None", "interestExpense": "274000000", "nonInterestIncome": "None", "otherNonOperatingIncome": "None", "depreciation": "None", "depreciationAndAmortization": "62000000", "incomeBeforeTax": "1427000000", "incomeTaxExpense": "423000000", "interestAndDebtExpense": "None", "netIncomeFromContinuingOperations": "0", "comprehensiveIncomeNetOfTax": "None", "ebit": "1427000000", "ebitda": "1489000000", "netIncome": "1120000000"}, {"fiscalDateEnding": "2006-12-31", "reportedCurrency": "USD", "grossProfit": "-9034000000", "totalRevenue": "8665000000", "costOfRevenue": "17699000000", "costofGoodsAndServicesSold": "17699000000", "operatingIncome": "1150000000", "sellingGeneralAndAdministrative": "2324000000", "researchAndDevelopment": "0", "operatingExpenses": "-10184000000", "investmentIncomeNet": "None", "netInterestIncome": "None", "interestIncome": "None", "interestExpense": "255000000", "nonInterestIncome": "None", "otherNonOperatingIncome": "None", "depreciation": "None", "depreciationAndAmortization": "78000000", "incomeBeforeTax": "1150000000", "incomeTaxExpense": "340000000", "interestAndDebtExpense": "None", "netIncomeFromContinuingOperations": "0", "comprehensiveIncomeNetOfTax": "None", "ebit": "1150000000", "ebitda": "1228000000", "netIncome": "1037000000"}, {"fiscalDateEnding": "2006-09-30", "reportedCurrency": "USD", "grossProfit": "-1236000000", "totalRevenue": "8361000000", "costOfRevenue": "9597000000", "costofGoodsAndServicesSold": "9597000000", "operatingIncome": "1473000000", "sellingGeneralAndAdministrative": "1725000000", "researchAndDevelopment": "0", "operatingExpenses": "-2709000000", "investmentIncomeNet": "None", "netInterestIncome": "None", "interestIncome": "None", "interestExpense": "249000000", "nonInterestIncome": "None", "otherNonOperatingIncome": "None", "depreciation": "None", "depreciationAndAmortization": "136000000", "incomeBeforeTax": "1473000000", "incomeTaxExpense": "384000000", "interestAndDebtExpense": "None", "netIncomeFromContinuingOperations": "0", "comprehensiveIncomeNetOfTax": "None", "ebit": "1473000000", "ebitda": "1609000000", "netIncome": "1205000000"}, {"fiscalDateEnding": "2006-06-30", "reportedCurrency": "USD", "grossProfit": "3095000000", "totalRevenue": "7313000000", "costOfRevenue": "4218000000", "costofGoodsAndServicesSold": "4218000000", "operatingIncome": "583000000", "sellingGeneralAndAdministrative": "2029000000", "researchAndDevelopment": "0", "operatingExpenses": "2512000000", "investmentIncomeNet": "None", "netInterestIncome": "None", "interestIncome": "None", "interestExpense": "233000000", "nonInterestIncome": "None", "otherNonOperatingIncome": "None", "depreciation": "None", "depreciationAndAmortization": "52000000", "incomeBeforeTax": "583000000", "incomeTaxExpense": "165000000", "interestAndDebtExpense": "None", "netIncomeFromContinuingOperations": "0", "comprehensiveIncomeNetOfTax": "None", "ebit": "583000000", "ebitda": "635000000", "netIncome": "453000000"}, {"fiscalDateEnding": "2006-03-31", "reportedCurrency": "USD", "grossProfit": "3748000000", "totalRevenue": "7850000000", "costOfRevenue": "4102000000", "costofGoodsAndServicesSold": "4102000000", "operatingIncome": "967000000", "sellingGeneralAndAdministrative": "2153000000", "researchAndDevelopment": "0", "operatingExpenses": "2781000000", "investmentIncomeNet": "None", "netInterestIncome": "None", "interestIncome": "None", "interestExpense": "212000000", "nonInterestIncome": "None", "otherNonOperatingIncome": "None", "depreciation": "None", "depreciationAndAmortization": "84000000", "incomeBeforeTax": "967000000", "incomeTaxExpense": "279000000", "interestAndDebtExpense": "None", "netIncomeFromContinuingOperations": "0", "comprehensiveIncomeNetOfTax": "None", "ebit": "967000000", "ebitda": "1051000000", "netIncome": "733000000"}, {"fiscalDateEnding": "2005-12-31", "reportedCurrency": "USD", "grossProfit": "2875000000", "totalRevenue": "7807000000", "costOfRevenue": "4932000000", "costofGoodsAndServicesSold": "4932000000", "operatingIncome": "720000000", "sellingGeneralAndAdministrative": "2155000000", "researchAndDevelopment": "0", "operatingExpenses": "2155000000", "investmentIncomeNet": "None", "netInterestIncome": "None", "interestIncome": "None", "interestExpense": "775000000", "nonInterestIncome": "None", "otherNonOperatingIncome": "None", "depreciation": "None", "depreciationAndAmortization": "54000000", "incomeBeforeTax": "720000000", "incomeTaxExpense": "353000000", "interestAndDebtExpense": "None", "netIncomeFromContinuingOperations": "0", "comprehensiveIncomeNetOfTax": "None", "ebit": "720000000", "ebitda": "774000000", "netIncome": "364000000"}]}