{"symbol": "MCO", "annualReports": [{"fiscalDateEnding": "2024-12-31", "reportedCurrency": "USD", "grossProfit": "4707000000", "totalRevenue": "7088000000", "costOfRevenue": "2381000000", "costofGoodsAndServicesSold": "2381000000", "operatingIncome": "2971000000", "sellingGeneralAndAdministrative": "1735000000", "researchAndDevelopment": "None", "operatingExpenses": "1736000000", "investmentIncomeNet": "None", "netInterestIncome": "-237000000", "interestIncome": "102000000", "interestExpense": "204000000", "nonInterestIncome": "None", "otherNonOperatingIncome": "None", "depreciation": "None", "depreciationAndAmortization": "431000000", "incomeBeforeTax": "2699000000", "incomeTaxExpense": "640000000", "interestAndDebtExpense": "None", "netIncomeFromContinuingOperations": "2059000000", "comprehensiveIncomeNetOfTax": "None", "ebit": "2903000000", "ebitda": "3334000000", "netIncome": "2058000000"}, {"fiscalDateEnding": "2023-12-31", "reportedCurrency": "USD", "grossProfit": "3854000000", "totalRevenue": "5916000000", "costOfRevenue": "2062000000", "costofGoodsAndServicesSold": "2062000000", "operatingIncome": "2221000000", "sellingGeneralAndAdministrative": "1607000000", "researchAndDevelopment": "None", "operatingExpenses": "1633000000", "investmentIncomeNet": "None", "netInterestIncome": "-250000000", "interestIncome": "60000000", "interestExpense": "207000000", "nonInterestIncome": "None", "otherNonOperatingIncome": "None", "depreciation": "None", "depreciationAndAmortization": "373000000", "incomeBeforeTax": "1935000000", "incomeTaxExpense": "327000000", "interestAndDebtExpense": "None", "netIncomeFromContinuingOperations": "1514000000", "comprehensiveIncomeNetOfTax": "None", "ebit": "2142000000", "ebitda": "2515000000", "netIncome": "1607000000"}, {"fiscalDateEnding": "2022-12-31", "reportedCurrency": "USD", "grossProfit": "3524000000", "totalRevenue": "5468000000", "costOfRevenue": "1944000000", "costofGoodsAndServicesSold": "1944000000", "operatingIncome": "1997000000", "sellingGeneralAndAdministrative": "1503000000", "researchAndDevelopment": "None", "operatingExpenses": "1527000000", "investmentIncomeNet": "None", "netInterestIncome": "-231000000", "interestIncome": "194000000", "interestExpense": "216000000", "nonInterestIncome": "None", "otherNonOperatingIncome": "108000000", "depreciation": "None", "depreciationAndAmortization": "331000000", "incomeBeforeTax": "1760000000", "incomeTaxExpense": "386000000", "interestAndDebtExpense": "None", "netIncomeFromContinuingOperations": "1374000000", "comprehensiveIncomeNetOfTax": "None", "ebit": "1976000000", "ebitda": "2307000000", "netIncome": "1374000000"}, {"fiscalDateEnding": "2021-12-31", "reportedCurrency": "USD", "grossProfit": "4324000000", "totalRevenue": "6218000000", "costOfRevenue": "1894000000", "costofGoodsAndServicesSold": "1894000000", "operatingIncome": "2844000000", "sellingGeneralAndAdministrative": "1471000000", "researchAndDevelopment": "None", "operatingExpenses": "1480000000", "investmentIncomeNet": "None", "netInterestIncome": "-171000000", "interestIncome": "117000000", "interestExpense": "243000000", "nonInterestIncome": "None", "otherNonOperatingIncome": "82000000", "depreciation": "None", "depreciationAndAmortization": "257000000", "incomeBeforeTax": "2755000000", "incomeTaxExpense": "541000000", "interestAndDebtExpense": "None", "netIncomeFromContinuingOperations": "2214000000", "comprehensiveIncomeNetOfTax": "None", "ebit": "2998000000", "ebitda": "3255000000", "netIncome": "2214000000"}, {"fiscalDateEnding": "2020-12-31", "reportedCurrency": "USD", "grossProfit": "3676000000", "totalRevenue": "5371000000", "costOfRevenue": "1695000000", "costofGoodsAndServicesSold": "1695000000", "operatingIncome": "2447000000", "sellingGeneralAndAdministrative": "1229000000", "researchAndDevelopment": "None", "operatingExpenses": "1229000000", "investmentIncomeNet": "None", "netInterestIncome": "-205000000", "interestIncome": "11000000", "interestExpense": "232000000", "nonInterestIncome": "None", "otherNonOperatingIncome": "46000000", "depreciation": "None", "depreciationAndAmortization": "220000000", "incomeBeforeTax": "2229000000", "incomeTaxExpense": "452000000", "interestAndDebtExpense": "None", "netIncomeFromContinuingOperations": "1777000000", "comprehensiveIncomeNetOfTax": "None", "ebit": "2461000000", "ebitda": "2681000000", "netIncome": "1778000000"}, {"fiscalDateEnding": "2019-12-31", "reportedCurrency": "USD", "grossProfit": "3242000000", "totalRevenue": "4829000000", "costOfRevenue": "1587000000", "costofGoodsAndServicesSold": "1587000000", "operatingIncome": "2075000000", "sellingGeneralAndAdministrative": "1167000000", "researchAndDevelopment": "None", "operatingExpenses": "1167000000", "investmentIncomeNet": "None", "netInterestIncome": "-208000000", "interestIncome": "17000000", "interestExpense": "230000000", "nonInterestIncome": "None", "otherNonOperatingIncome": "20000000", "depreciation": "None", "depreciationAndAmortization": "200000000", "incomeBeforeTax": "1810000000", "incomeTaxExpense": "381000000", "interestAndDebtExpense": "None", "netIncomeFromContinuingOperations": "1429000000", "comprehensiveIncomeNetOfTax": "None", "ebit": "2040000000", "ebitda": "2240000000", "netIncome": "1422000000"}, {"fiscalDateEnding": "2018-12-31", "reportedCurrency": "USD", "grossProfit": "3056400000", "totalRevenue": "4442700000", "costOfRevenue": "1386300000", "costofGoodsAndServicesSold": "1386300000", "operatingIncome": "1925200000", "sellingGeneralAndAdministrative": "1080100000", "researchAndDevelopment": "51100000", "operatingExpenses": "1131200000", "investmentIncomeNet": "None", "netInterestIncome": "-216000000", "interestIncome": "14700000", "interestExpense": "212900000", "nonInterestIncome": "None", "otherNonOperatingIncome": "18800000", "depreciation": "None", "depreciationAndAmortization": "191900000", "incomeBeforeTax": "1671000000", "incomeTaxExpense": "351600000", "interestAndDebtExpense": "None", "netIncomeFromContinuingOperations": "1319400000", "comprehensiveIncomeNetOfTax": "None", "ebit": "1883900000", "ebitda": "2075800000", "netIncome": "1309600000"}, {"fiscalDateEnding": "2017-12-31", "reportedCurrency": "USD", "grossProfit": "2871200000", "totalRevenue": "4204100000", "costOfRevenue": "1332900000", "costofGoodsAndServicesSold": "1332900000", "operatingIncome": "1843300000", "sellingGeneralAndAdministrative": "991400000", "researchAndDevelopment": "42000000", "operatingExpenses": "1027900000", "investmentIncomeNet": "None", "netInterestIncome": "-188400000", "interestIncome": "16000000", "interestExpense": "215900000", "nonInterestIncome": "None", "otherNonOperatingIncome": "166100000", "depreciation": "None", "depreciationAndAmortization": "158300000", "incomeBeforeTax": "1786800000", "incomeTaxExpense": "779100000", "interestAndDebtExpense": "None", "netIncomeFromContinuingOperations": "1007700000", "comprehensiveIncomeNetOfTax": "None", "ebit": "2002700000", "ebitda": "2161000000", "netIncome": "1000600000"}, {"fiscalDateEnding": "2016-12-31", "reportedCurrency": "USD", "grossProfit": "2491000000", "totalRevenue": "3604200000", "costOfRevenue": "1113200000", "costofGoodsAndServicesSold": "1113200000", "operatingIncome": "1514500000", "sellingGeneralAndAdministrative": "936400000", "researchAndDevelopment": "40100000", "operatingExpenses": "976500000", "investmentIncomeNet": "None", "netInterestIncome": "-137800000", "interestIncome": "10900000", "interestExpense": "152300000", "nonInterestIncome": "None", "otherNonOperatingIncome": "57100000", "depreciation": "None", "depreciationAndAmortization": "126700000", "incomeBeforeTax": "558000000", "incomeTaxExpense": "282200000", "interestAndDebtExpense": "None", "netIncomeFromContinuingOperations": "275800000", "comprehensiveIncomeNetOfTax": "None", "ebit": "710300000", "ebitda": "837000000", "netIncome": "266600000"}, {"fiscalDateEnding": "2015-12-31", "reportedCurrency": "USD", "grossProfit": "2423800000", "totalRevenue": "3484500000", "costOfRevenue": "1060700000", "costofGoodsAndServicesSold": "1060700000", "operatingIncome": "1473400000", "sellingGeneralAndAdministrative": "921300000", "researchAndDevelopment": "29100000", "operatingExpenses": "950400000", "investmentIncomeNet": "None", "netInterestIncome": "None", "interestIncome": "109400000", "interestExpense": "134700000", "nonInterestIncome": "None", "otherNonOperatingIncome": "21300000", "depreciation": "None", "depreciationAndAmortization": "113500000", "incomeBeforeTax": "1379600000", "incomeTaxExpense": "430000000", "interestAndDebtExpense": "None", "netIncomeFromContinuingOperations": "949600000", "comprehensiveIncomeNetOfTax": "None", "ebit": "1514300000", "ebitda": "1627800000", "netIncome": "941300000"}, {"fiscalDateEnding": "2014-12-31", "reportedCurrency": "USD", "grossProfit": "2346300000", "totalRevenue": "3334300000", "costOfRevenue": "988000000", "costofGoodsAndServicesSold": "988000000", "operatingIncome": "1444400000", "sellingGeneralAndAdministrative": "869300000", "researchAndDevelopment": "37900000", "operatingExpenses": "901900000", "investmentIncomeNet": "None", "netInterestIncome": "None", "interestIncome": "None", "interestExpense": "134100000", "nonInterestIncome": "None", "otherNonOperatingIncome": "21900000", "depreciation": "None", "depreciationAndAmortization": "95600000", "incomeBeforeTax": "1461000000", "incomeTaxExpense": "455000000", "interestAndDebtExpense": "None", "netIncomeFromContinuingOperations": "1006000000", "comprehensiveIncomeNetOfTax": "None", "ebit": "1595100000", "ebitda": "1690700000", "netIncome": "988700000"}, {"fiscalDateEnding": "2013-12-31", "reportedCurrency": "USD", "grossProfit": "2079500000", "totalRevenue": "2972500000", "costOfRevenue": "893000000", "costofGoodsAndServicesSold": "893000000", "operatingIncome": "1242500000", "sellingGeneralAndAdministrative": "822100000", "researchAndDevelopment": "22800000", "operatingExpenses": "837000000", "investmentIncomeNet": "None", "netInterestIncome": "None", "interestIncome": "None", "interestExpense": "95300000", "nonInterestIncome": "None", "otherNonOperatingIncome": "-65300000", "depreciation": "None", "depreciationAndAmortization": "93400000", "incomeBeforeTax": "1169300000", "incomeTaxExpense": "353400000", "interestAndDebtExpense": "None", "netIncomeFromContinuingOperations": "815900000", "comprehensiveIncomeNetOfTax": "None", "ebit": "1264600000", "ebitda": "1358000000", "netIncome": "804500000"}, {"fiscalDateEnding": "2012-12-31", "reportedCurrency": "USD", "grossProfit": "1857900000", "totalRevenue": "2730300000", "costOfRevenue": "872400000", "costofGoodsAndServicesSold": "872400000", "operatingIncome": "1089700000", "sellingGeneralAndAdministrative": "752200000", "researchAndDevelopment": "16100000", "operatingExpenses": "768200000", "investmentIncomeNet": "None", "netInterestIncome": "None", "interestIncome": "None", "interestExpense": "75000000", "nonInterestIncome": "None", "otherNonOperatingIncome": "-53400000", "depreciation": "None", "depreciationAndAmortization": "93500000", "incomeBeforeTax": "1024000000", "incomeTaxExpense": "324300000", "interestAndDebtExpense": "None", "netIncomeFromContinuingOperations": "699700000", "comprehensiveIncomeNetOfTax": "None", "ebit": "1099000000", "ebitda": "1192500000", "netIncome": "690000000"}, {"fiscalDateEnding": "2011-12-31", "reportedCurrency": "USD", "grossProfit": "1548000000", "totalRevenue": "2280700000", "costOfRevenue": "732900000", "costofGoodsAndServicesSold": "732900000", "operatingIncome": "888900000", "sellingGeneralAndAdministrative": "629600000", "researchAndDevelopment": "29800000", "operatingExpenses": "659100000", "investmentIncomeNet": "None", "netInterestIncome": "None", "interestIncome": "None", "interestExpense": "63500000", "nonInterestIncome": "None", "otherNonOperatingIncome": "-48600000", "depreciation": "None", "depreciationAndAmortization": "79200000", "incomeBeforeTax": "839800000", "incomeTaxExpense": "261800000", "interestAndDebtExpense": "None", "netIncomeFromContinuingOperations": "578000000", "comprehensiveIncomeNetOfTax": "None", "ebit": "903300000", "ebitda": "982500000", "netIncome": "571400000"}, {"fiscalDateEnding": "2010-12-31", "reportedCurrency": "USD", "grossProfit": "1382200000", "totalRevenue": "2032000000", "costOfRevenue": "650800000", "costofGoodsAndServicesSold": "650800000", "operatingIncome": "773900000", "sellingGeneralAndAdministrative": "588000000", "researchAndDevelopment": "20300000", "operatingExpenses": "608300000", "investmentIncomeNet": "None", "netInterestIncome": "None", "interestIncome": "None", "interestExpense": "47600000", "nonInterestIncome": "None", "otherNonOperatingIncome": "-58400000", "depreciation": "None", "depreciationAndAmortization": "66300000", "incomeBeforeTax": "714400000", "incomeTaxExpense": "201000000", "interestAndDebtExpense": "None", "netIncomeFromContinuingOperations": "513400000", "comprehensiveIncomeNetOfTax": "None", "ebit": "762000000", "ebitda": "828300000", "netIncome": "507800000"}, {"fiscalDateEnding": "2009-12-31", "reportedCurrency": "USD", "grossProfit": "1198800000", "totalRevenue": "1797200000", "costOfRevenue": "596500000", "costofGoodsAndServicesSold": "596500000", "operatingIncome": "703100000", "sellingGeneralAndAdministrative": "495700000", "researchAndDevelopment": "0", "operatingExpenses": "495700000", "investmentIncomeNet": "None", "netInterestIncome": "None", "interestIncome": "None", "interestExpense": "41400000", "nonInterestIncome": "None", "otherNonOperatingIncome": "-7900000", "depreciation": "None", "depreciationAndAmortization": "64099999", "incomeBeforeTax": "646200000", "incomeTaxExpense": "239100000", "interestAndDebtExpense": "None", "netIncomeFromContinuingOperations": "407100000", "comprehensiveIncomeNetOfTax": "None", "ebit": "687600001", "ebitda": "751700000", "netIncome": "402000000"}, {"fiscalDateEnding": "2008-12-31", "reportedCurrency": "USD", "grossProfit": "1187000000", "totalRevenue": "1755400000", "costOfRevenue": "568400000", "costofGoodsAndServicesSold": "568400000", "operatingIncome": "745700000", "sellingGeneralAndAdministrative": "441300000", "researchAndDevelopment": "None", "operatingExpenses": "441300000", "investmentIncomeNet": "None", "netInterestIncome": "None", "interestIncome": "None", "interestExpense": "58900000", "nonInterestIncome": "None", "otherNonOperatingIncome": "None", "depreciation": "None", "depreciationAndAmortization": "75100000", "incomeBeforeTax": "725800000", "incomeTaxExpense": "268200000", "interestAndDebtExpense": "None", "netIncomeFromContinuingOperations": "None", "comprehensiveIncomeNetOfTax": "None", "ebit": "788700000", "ebitda": "863800000", "netIncome": "457600000"}, {"fiscalDateEnding": "2007-12-31", "reportedCurrency": "USD", "grossProfit": "1632100000", "totalRevenue": "2259000000", "costOfRevenue": "626900000", "costofGoodsAndServicesSold": "626900000", "operatingIncome": "1181000000", "sellingGeneralAndAdministrative": "451100000", "researchAndDevelopment": "None", "operatingExpenses": "451100000", "investmentIncomeNet": "None", "netInterestIncome": "None", "interestIncome": "None", "interestExpense": "39600000", "nonInterestIncome": "None", "otherNonOperatingIncome": "None", "depreciation": "None", "depreciationAndAmortization": "42900000", "incomeBeforeTax": "1116700000", "incomeTaxExpense": "415200000", "interestAndDebtExpense": "None", "netIncomeFromContinuingOperations": "None", "comprehensiveIncomeNetOfTax": "None", "ebit": "1156300000", "ebitda": "1199200000", "netIncome": "701500000"}, {"fiscalDateEnding": "2006-12-31", "reportedCurrency": "USD", "grossProfit": "1458200000", "totalRevenue": "2037100000", "costOfRevenue": "578900000", "costofGoodsAndServicesSold": "578900000", "operatingIncome": "1098900000", "sellingGeneralAndAdministrative": "359300000", "researchAndDevelopment": "None", "operatingExpenses": "359300000", "investmentIncomeNet": "None", "netInterestIncome": "None", "interestIncome": "None", "interestExpense": "15200000", "nonInterestIncome": "None", "otherNonOperatingIncome": "None", "depreciation": "None", "depreciationAndAmortization": "39500000", "incomeBeforeTax": "1260500000", "incomeTaxExpense": "506600000", "interestAndDebtExpense": "None", "netIncomeFromContinuingOperations": "None", "comprehensiveIncomeNetOfTax": "None", "ebit": "1275700000", "ebitda": "1315200000", "netIncome": "753900000"}, {"fiscalDateEnding": "2005-12-31", "reportedCurrency": "USD", "grossProfit": "1243500000", "totalRevenue": "1731600000", "costOfRevenue": "488100000", "costofGoodsAndServicesSold": "488100000", "operatingIncome": "939600000", "sellingGeneralAndAdministrative": "303900000", "researchAndDevelopment": "None", "operatingExpenses": "303900000", "investmentIncomeNet": "None", "netInterestIncome": "None", "interestIncome": "None", "interestExpense": "21000000", "nonInterestIncome": "None", "otherNonOperatingIncome": "None", "depreciation": "None", "depreciationAndAmortization": "35200000", "incomeBeforeTax": "934700000", "incomeTaxExpense": "373900000", "interestAndDebtExpense": "None", "netIncomeFromContinuingOperations": "None", "comprehensiveIncomeNetOfTax": "None", "ebit": "955700000", "ebitda": "990900000", "netIncome": "560800000"}], "quarterlyReports": [{"fiscalDateEnding": "2025-09-30", "reportedCurrency": "USD", "grossProfit": "1392000000", "totalRevenue": "2007000000", "costOfRevenue": "615000000", "costofGoodsAndServicesSold": "615000000", "operatingIncome": "917000000", "sellingGeneralAndAdministrative": "453000000", "researchAndDevelopment": "None", "operatingExpenses": "475000000", "investmentIncomeNet": "None", "netInterestIncome": "-58000000", "interestIncome": "14000000", "interestExpense": "72000000", "nonInterestIncome": "None", "otherNonOperatingIncome": "None", "depreciation": "None", "depreciationAndAmortization": "123000000", "incomeBeforeTax": "867000000", "incomeTaxExpense": "220000000", "interestAndDebtExpense": "None", "netIncomeFromContinuingOperations": "647000000", "comprehensiveIncomeNetOfTax": "None", "ebit": "939000000", "ebitda": "1062000000", "netIncome": "646000000"}, {"fiscalDateEnding": "2025-06-30", "reportedCurrency": "USD", "grossProfit": "1284000000", "totalRevenue": "1898000000", "costOfRevenue": "614000000", "costofGoodsAndServicesSold": "614000000", "operatingIncome": "843000000", "sellingGeneralAndAdministrative": "443000000", "researchAndDevelopment": "None", "operatingExpenses": "441000000", "investmentIncomeNet": "None", "netInterestIncome": "-61000000", "interestIncome": "13000000", "interestExpense": "47000000", "nonInterestIncome": "None", "otherNonOperatingIncome": "None", "depreciation": "None", "depreciationAndAmortization": "120000000", "incomeBeforeTax": "772000000", "incomeTaxExpense": "193000000", "interestAndDebtExpense": "None", "netIncomeFromContinuingOperations": "579000000", "comprehensiveIncomeNetOfTax": "None", "ebit": "819000000", "ebitda": "939000000", "netIncome": "578000000"}, {"fiscalDateEnding": "2025-03-31", "reportedCurrency": "USD", "grossProfit": "1322000000", "totalRevenue": "1924000000", "costOfRevenue": "602000000", "costofGoodsAndServicesSold": "602000000", "operatingIncome": "882000000", "sellingGeneralAndAdministrative": "439000000", "researchAndDevelopment": "None", "operatingExpenses": "440000000", "investmentIncomeNet": "None", "netInterestIncome": "-61000000", "interestIncome": "24000000", "interestExpense": "54000000", "nonInterestIncome": "None", "otherNonOperatingIncome": "None", "depreciation": "None", "depreciationAndAmortization": "113000000", "incomeBeforeTax": "804000000", "incomeTaxExpense": "179000000", "interestAndDebtExpense": "None", "netIncomeFromContinuingOperations": "625000000", "comprehensiveIncomeNetOfTax": "None", "ebit": "858000000", "ebitda": "971000000", "netIncome": "625000000"}, {"fiscalDateEnding": "2024-12-31", "reportedCurrency": "USD", "grossProfit": "1062000000", "totalRevenue": "1672000000", "costOfRevenue": "610000000", "costofGoodsAndServicesSold": "610000000", "operatingIncome": "621000000", "sellingGeneralAndAdministrative": "442000000", "researchAndDevelopment": "None", "operatingExpenses": "441000000", "investmentIncomeNet": "None", "netInterestIncome": "-52000000", "interestIncome": "29000000", "interestExpense": "27000000", "nonInterestIncome": "None", "otherNonOperatingIncome": "None", "depreciation": "None", "depreciationAndAmortization": "113000000", "incomeBeforeTax": "525000000", "incomeTaxExpense": "130000000", "interestAndDebtExpense": "None", "netIncomeFromContinuingOperations": "395000000", "comprehensiveIncomeNetOfTax": "None", "ebit": "552000000", "ebitda": "665000000", "netIncome": "395000000"}, {"fiscalDateEnding": "2024-09-30", "reportedCurrency": "USD", "grossProfit": "1192000000", "totalRevenue": "1813000000", "costOfRevenue": "621000000", "costofGoodsAndServicesSold": "621000000", "operatingIncome": "759000000", "sellingGeneralAndAdministrative": "451000000", "researchAndDevelopment": "None", "operatingExpenses": "433000000", "investmentIncomeNet": "None", "netInterestIncome": "-60000000", "interestIncome": "28000000", "interestExpense": "88000000", "nonInterestIncome": "None", "otherNonOperatingIncome": "None", "depreciation": "None", "depreciationAndAmortization": "108000000", "incomeBeforeTax": "703000000", "incomeTaxExpense": "169000000", "interestAndDebtExpense": "None", "netIncomeFromContinuingOperations": "534000000", "comprehensiveIncomeNetOfTax": "None", "ebit": "757000000", "ebitda": "865000000", "netIncome": "534000000"}, {"fiscalDateEnding": "2024-06-30", "reportedCurrency": "USD", "grossProfit": "1237000000", "totalRevenue": "1817000000", "costOfRevenue": "580000000", "costofGoodsAndServicesSold": "580000000", "operatingIncome": "791000000", "sellingGeneralAndAdministrative": "438000000", "researchAndDevelopment": "None", "operatingExpenses": "446000000", "investmentIncomeNet": "None", "netInterestIncome": "-63000000", "interestIncome": "23000000", "interestExpense": "50000000", "nonInterestIncome": "None", "otherNonOperatingIncome": "None", "depreciation": "None", "depreciationAndAmortization": "110000000", "incomeBeforeTax": "719000000", "incomeTaxExpense": "166000000", "interestAndDebtExpense": "None", "netIncomeFromContinuingOperations": "553000000", "comprehensiveIncomeNetOfTax": "None", "ebit": "769000000", "ebitda": "879000000", "netIncome": "552000000"}, {"fiscalDateEnding": "2024-03-31", "reportedCurrency": "USD", "grossProfit": "1216000000", "totalRevenue": "1786000000", "costOfRevenue": "570000000", "costofGoodsAndServicesSold": "570000000", "operatingIncome": "802000000", "sellingGeneralAndAdministrative": "405000000", "researchAndDevelopment": "None", "operatingExpenses": "414000000", "investmentIncomeNet": "None", "netInterestIncome": "-62000000", "interestIncome": "22000000", "interestExpense": "49000000", "nonInterestIncome": "None", "otherNonOperatingIncome": "None", "depreciation": "None", "depreciationAndAmortization": "100000000", "incomeBeforeTax": "752000000", "incomeTaxExpense": "175000000", "interestAndDebtExpense": "None", "netIncomeFromContinuingOperations": "577000000", "comprehensiveIncomeNetOfTax": "None", "ebit": "801000000", "ebitda": "901000000", "netIncome": "577000000"}, {"fiscalDateEnding": "2023-12-31", "reportedCurrency": "USD", "grossProfit": "962000000", "totalRevenue": "1480000000", "costOfRevenue": "518000000", "costofGoodsAndServicesSold": "518000000", "operatingIncome": "534000000", "sellingGeneralAndAdministrative": "814000000", "researchAndDevelopment": "None", "operatingExpenses": "428000000", "investmentIncomeNet": "None", "netInterestIncome": "None", "interestIncome": "None", "interestExpense": "51000000", "nonInterestIncome": "None", "otherNonOperatingIncome": "None", "depreciation": "None", "depreciationAndAmortization": "97000000", "incomeBeforeTax": "450000000", "incomeTaxExpense": "110000000", "interestAndDebtExpense": "None", "netIncomeFromContinuingOperations": "None", "comprehensiveIncomeNetOfTax": "None", "ebit": "501000000", "ebitda": "598000000", "netIncome": "340000000"}, {"fiscalDateEnding": "2023-09-30", "reportedCurrency": "USD", "grossProfit": "965000000", "totalRevenue": "1472000000", "costOfRevenue": "507000000", "costofGoodsAndServicesSold": "507000000", "operatingIncome": "562000000", "sellingGeneralAndAdministrative": "395000000", "researchAndDevelopment": "None", "operatingExpenses": "403000000", "investmentIncomeNet": "None", "netInterestIncome": "-66000000", "interestIncome": "19000000", "interestExpense": "50000000", "nonInterestIncome": "None", "otherNonOperatingIncome": "None", "depreciation": "None", "depreciationAndAmortization": "95000000", "incomeBeforeTax": "487000000", "incomeTaxExpense": "97000000", "interestAndDebtExpense": "None", "netIncomeFromContinuingOperations": "390000000", "comprehensiveIncomeNetOfTax": "None", "ebit": "537000000", "ebitda": "632000000", "netIncome": "389000000"}, {"fiscalDateEnding": "2023-06-30", "reportedCurrency": "USD", "grossProfit": "975000000", "totalRevenue": "1494000000", "costOfRevenue": "519000000", "costofGoodsAndServicesSold": "519000000", "operatingIncome": "560000000", "sellingGeneralAndAdministrative": "406000000", "researchAndDevelopment": "None", "operatingExpenses": "415000000", "investmentIncomeNet": "None", "netInterestIncome": "-71000000", "interestIncome": "15000000", "interestExpense": "54000000", "nonInterestIncome": "None", "otherNonOperatingIncome": "13000000", "depreciation": "None", "depreciationAndAmortization": "93000000", "incomeBeforeTax": "492000000", "incomeTaxExpense": "115000000", "interestAndDebtExpense": "None", "netIncomeFromContinuingOperations": "377000000", "comprehensiveIncomeNetOfTax": "None", "ebit": "546000000", "ebitda": "639000000", "netIncome": "377000000"}, {"fiscalDateEnding": "2023-03-31", "reportedCurrency": "USD", "grossProfit": "954000000", "totalRevenue": "1470000000", "costOfRevenue": "516000000", "costofGoodsAndServicesSold": "516000000", "operatingIncome": "568000000", "sellingGeneralAndAdministrative": "386000000", "researchAndDevelopment": "None", "operatingExpenses": "386000000", "investmentIncomeNet": "None", "netInterestIncome": "-48000000", "interestIncome": "28000000", "interestExpense": "4000000", "nonInterestIncome": "None", "otherNonOperatingIncome": "None", "depreciation": "None", "depreciationAndAmortization": "88000000", "incomeBeforeTax": "506000000", "incomeTaxExpense": "5000000", "interestAndDebtExpense": "None", "netIncomeFromContinuingOperations": "501000000", "comprehensiveIncomeNetOfTax": "None", "ebit": "510000000", "ebitda": "598000000", "netIncome": "501000000"}, {"fiscalDateEnding": "2022-12-31", "reportedCurrency": "USD", "grossProfit": "791000000", "totalRevenue": "1290000000", "costOfRevenue": "499000000", "costofGoodsAndServicesSold": "499000000", "operatingIncome": "388000000", "sellingGeneralAndAdministrative": "403000000", "researchAndDevelopment": "None", "operatingExpenses": "403000000", "investmentIncomeNet": "None", "netInterestIncome": "-65000000", "interestIncome": "56000000", "interestExpense": "64000000", "nonInterestIncome": "None", "otherNonOperatingIncome": "86000000", "depreciation": "None", "depreciationAndAmortization": "89000000", "incomeBeforeTax": "327000000", "incomeTaxExpense": "81000000", "interestAndDebtExpense": "None", "netIncomeFromContinuingOperations": "246000000", "comprehensiveIncomeNetOfTax": "None", "ebit": "391000000", "ebitda": "480000000", "netIncome": "246000000"}, {"fiscalDateEnding": "2022-09-30", "reportedCurrency": "USD", "grossProfit": "799000000", "totalRevenue": "1275000000", "costOfRevenue": "476000000", "costofGoodsAndServicesSold": "476000000", "operatingIncome": "414000000", "sellingGeneralAndAdministrative": "385000000", "researchAndDevelopment": "None", "operatingExpenses": "385000000", "investmentIncomeNet": "None", "netInterestIncome": "-58000000", "interestIncome": "5000000", "interestExpense": "63000000", "nonInterestIncome": "None", "otherNonOperatingIncome": "26000000", "depreciation": "None", "depreciationAndAmortization": "83000000", "incomeBeforeTax": "381000000", "incomeTaxExpense": "78000000", "interestAndDebtExpense": "None", "netIncomeFromContinuingOperations": "303000000", "comprehensiveIncomeNetOfTax": "None", "ebit": "373000000", "ebitda": "456000000", "netIncome": "303000000"}, {"fiscalDateEnding": "2022-06-30", "reportedCurrency": "USD", "grossProfit": "907000000", "totalRevenue": "1381000000", "costOfRevenue": "474000000", "costofGoodsAndServicesSold": "474000000", "operatingIncome": "539000000", "sellingGeneralAndAdministrative": "368000000", "researchAndDevelopment": "None", "operatingExpenses": "368000000", "investmentIncomeNet": "None", "netInterestIncome": "-55000000", "interestIncome": "2000000", "interestExpense": "57000000", "nonInterestIncome": "None", "otherNonOperatingIncome": "-10000000", "depreciation": "None", "depreciationAndAmortization": "81000000", "incomeBeforeTax": "443000000", "incomeTaxExpense": "116000000", "interestAndDebtExpense": "None", "netIncomeFromContinuingOperations": "327000000", "comprehensiveIncomeNetOfTax": "None", "ebit": "441000000", "ebitda": "522000000", "netIncome": "327000000"}, {"fiscalDateEnding": "2022-03-31", "reportedCurrency": "USD", "grossProfit": "1027000000", "totalRevenue": "1522000000", "costOfRevenue": "495000000", "costofGoodsAndServicesSold": "495000000", "operatingIncome": "656000000", "sellingGeneralAndAdministrative": "371000000", "researchAndDevelopment": "None", "operatingExpenses": "371000000", "investmentIncomeNet": "None", "netInterestIncome": "-53000000", "interestIncome": "2000000", "interestExpense": "1000000", "nonInterestIncome": "None", "otherNonOperatingIncome": "6000000", "depreciation": "None", "depreciationAndAmortization": "78000000", "incomeBeforeTax": "609000000", "incomeTaxExpense": "111000000", "interestAndDebtExpense": "None", "netIncomeFromContinuingOperations": "498000000", "comprehensiveIncomeNetOfTax": "None", "ebit": "610000000", "ebitda": "688000000", "netIncome": "498000000"}, {"fiscalDateEnding": "2021-12-31", "reportedCurrency": "USD", "grossProfit": "977000000", "totalRevenue": "1539000000", "costOfRevenue": "562000000", "costofGoodsAndServicesSold": "562000000", "operatingIncome": "512000000", "sellingGeneralAndAdministrative": "465000000", "researchAndDevelopment": "None", "operatingExpenses": "465000000", "investmentIncomeNet": "None", "netInterestIncome": "-62000000", "interestIncome": "8000000", "interestExpense": "96000000", "nonInterestIncome": "None", "otherNonOperatingIncome": "64000000", "depreciation": "None", "depreciationAndAmortization": "77000000", "incomeBeforeTax": "516000000", "incomeTaxExpense": "89000000", "interestAndDebtExpense": "None", "netIncomeFromContinuingOperations": "427000000", "comprehensiveIncomeNetOfTax": "None", "ebit": "612000000", "ebitda": "689000000", "netIncome": "427000000"}, {"fiscalDateEnding": "2021-09-30", "reportedCurrency": "USD", "grossProfit": "1071000000", "totalRevenue": "1526000000", "costOfRevenue": "455000000", "costofGoodsAndServicesSold": "455000000", "operatingIncome": "676000000", "sellingGeneralAndAdministrative": "395000000", "researchAndDevelopment": "None", "operatingExpenses": "395000000", "investmentIncomeNet": "None", "netInterestIncome": "-53000000", "interestIncome": "40000000", "interestExpense": "53000000", "nonInterestIncome": "None", "otherNonOperatingIncome": "-4000000", "depreciation": "None", "depreciationAndAmortization": "61000000", "incomeBeforeTax": "619000000", "incomeTaxExpense": "145000000", "interestAndDebtExpense": "None", "netIncomeFromContinuingOperations": "474000000", "comprehensiveIncomeNetOfTax": "None", "ebit": "672000000", "ebitda": "733000000", "netIncome": "474000000"}, {"fiscalDateEnding": "2021-06-30", "reportedCurrency": "USD", "grossProfit": "1128000000", "totalRevenue": "1553000000", "costOfRevenue": "425000000", "costofGoodsAndServicesSold": "425000000", "operatingIncome": "801000000", "sellingGeneralAndAdministrative": "327000000", "researchAndDevelopment": "None", "operatingExpenses": "327000000", "investmentIncomeNet": "None", "netInterestIncome": "-49000000", "interestIncome": "1000000", "interestExpense": "47000000", "nonInterestIncome": "None", "otherNonOperatingIncome": "6000000", "depreciation": "None", "depreciationAndAmortization": "60000000", "incomeBeforeTax": "758000000", "incomeTaxExpense": "181000000", "interestAndDebtExpense": "None", "netIncomeFromContinuingOperations": "577000000", "comprehensiveIncomeNetOfTax": "None", "ebit": "805000000", "ebitda": "865000000", "netIncome": "577000000"}, {"fiscalDateEnding": "2021-03-31", "reportedCurrency": "USD", "grossProfit": "1148000000", "totalRevenue": "1600000000", "costOfRevenue": "452000000", "costofGoodsAndServicesSold": "452000000", "operatingIncome": "855000000", "sellingGeneralAndAdministrative": "293000000", "researchAndDevelopment": "None", "operatingExpenses": "293000000", "investmentIncomeNet": "None", "netInterestIncome": "-7000000", "interestIncome": "38000000", "interestExpense": "39000000", "nonInterestIncome": "None", "otherNonOperatingIncome": "16000000", "depreciation": "None", "depreciationAndAmortization": "59000000", "incomeBeforeTax": "862000000", "incomeTaxExpense": "126000000", "interestAndDebtExpense": "None", "netIncomeFromContinuingOperations": "736000000", "comprehensiveIncomeNetOfTax": "None", "ebit": "901000000", "ebitda": "960000000", "netIncome": "736000000"}, {"fiscalDateEnding": "2020-12-31", "reportedCurrency": "USD", "grossProfit": "824000000", "totalRevenue": "1290000000", "costOfRevenue": "466000000", "costofGoodsAndServicesSold": "466000000", "operatingIncome": "474000000", "sellingGeneralAndAdministrative": "1229000", "researchAndDevelopment": "None", "operatingExpenses": "350000000", "investmentIncomeNet": "None", "netInterestIncome": "-52000000", "interestIncome": "2000000", "interestExpense": "138000000", "nonInterestIncome": "None", "otherNonOperatingIncome": "None", "depreciation": "None", "depreciationAndAmortization": "57000000", "incomeBeforeTax": "400000000", "incomeTaxExpense": "86000000", "interestAndDebtExpense": "None", "netIncomeFromContinuingOperations": "314000000", "comprehensiveIncomeNetOfTax": "None", "ebit": "538000000", "ebitda": "595000000", "netIncome": "314000000"}, {"fiscalDateEnding": "2020-09-30", "reportedCurrency": "USD", "grossProfit": "936000000", "totalRevenue": "1356000000", "costOfRevenue": "420000000", "costofGoodsAndServicesSold": "420000000", "operatingIncome": "665000000", "sellingGeneralAndAdministrative": "271000000", "researchAndDevelopment": "None", "operatingExpenses": "271000000", "investmentIncomeNet": "None", "netInterestIncome": "-53000000", "interestIncome": "34000000", "interestExpense": "48000000", "nonInterestIncome": "None", "otherNonOperatingIncome": "10000000", "depreciation": "None", "depreciationAndAmortization": "56000000", "incomeBeforeTax": "599000000", "incomeTaxExpense": "132000000", "interestAndDebtExpense": "None", "netIncomeFromContinuingOperations": "467000000", "comprehensiveIncomeNetOfTax": "None", "ebit": "647000000", "ebitda": "703000000", "netIncome": "467000000"}, {"fiscalDateEnding": "2020-06-30", "reportedCurrency": "USD", "grossProfit": "1015000000", "totalRevenue": "1435000000", "costOfRevenue": "420000000", "costofGoodsAndServicesSold": "420000000", "operatingIncome": "708000000", "sellingGeneralAndAdministrative": "307000000", "researchAndDevelopment": "None", "operatingExpenses": "307000000", "investmentIncomeNet": "None", "netInterestIncome": "-60000000", "interestIncome": "3000000", "interestExpense": "63000000", "nonInterestIncome": "None", "otherNonOperatingIncome": "16000000", "depreciation": "None", "depreciationAndAmortization": "58000000", "incomeBeforeTax": "666000000", "incomeTaxExpense": "157000000", "interestAndDebtExpense": "None", "netIncomeFromContinuingOperations": "509000000", "comprehensiveIncomeNetOfTax": "None", "ebit": "659000000", "ebitda": "717000000", "netIncome": "509000000"}, {"fiscalDateEnding": "2020-03-31", "reportedCurrency": "USD", "grossProfit": "901000000", "totalRevenue": "1290000000", "costOfRevenue": "389000000", "costofGoodsAndServicesSold": "389000000", "operatingIncome": "600000000", "sellingGeneralAndAdministrative": "301000000", "researchAndDevelopment": "None", "operatingExpenses": "301000000", "investmentIncomeNet": "None", "netInterestIncome": "-40000000", "interestIncome": "4000000", "interestExpense": "44000000", "nonInterestIncome": "None", "otherNonOperatingIncome": "12000000", "depreciation": "None", "depreciationAndAmortization": "49000000", "incomeBeforeTax": "564000000", "incomeTaxExpense": "77000000", "interestAndDebtExpense": "None", "netIncomeFromContinuingOperations": "487000000", "comprehensiveIncomeNetOfTax": "None", "ebit": "558000000", "ebitda": "607000000", "netIncome": "488000000"}, {"fiscalDateEnding": "2019-12-31", "reportedCurrency": "USD", "grossProfit": "828000000", "totalRevenue": "1233000000", "costOfRevenue": "405000000", "costofGoodsAndServicesSold": "405000000", "operatingIncome": "509000000", "sellingGeneralAndAdministrative": "318900000", "researchAndDevelopment": "None", "operatingExpenses": "319000000", "investmentIncomeNet": "None", "netInterestIncome": "-59000000", "interestIncome": "4500000", "interestExpense": "67000000", "nonInterestIncome": "None", "otherNonOperatingIncome": "7400000", "depreciation": "None", "depreciationAndAmortization": "50000000", "incomeBeforeTax": "452000000", "incomeTaxExpense": "91000000", "interestAndDebtExpense": "None", "netIncomeFromContinuingOperations": "361000000", "comprehensiveIncomeNetOfTax": "None", "ebit": "519000000", "ebitda": "569000000", "netIncome": "359000000"}, {"fiscalDateEnding": "2019-09-30", "reportedCurrency": "USD", "grossProfit": "841700000", "totalRevenue": "1240500000", "costOfRevenue": "398800000", "costofGoodsAndServicesSold": "398800000", "operatingIncome": "549800000", "sellingGeneralAndAdministrative": "291900000", "researchAndDevelopment": "None", "operatingExpenses": "291900000", "investmentIncomeNet": "None", "netInterestIncome": "-45900000", "interestIncome": "3600000", "interestExpense": "60200000", "nonInterestIncome": "None", "otherNonOperatingIncome": "9900000", "depreciation": "None", "depreciationAndAmortization": "48600000", "incomeBeforeTax": "512800000", "incomeTaxExpense": "130400000", "interestAndDebtExpense": "None", "netIncomeFromContinuingOperations": "382400000", "comprehensiveIncomeNetOfTax": "None", "ebit": "573000000", "ebitda": "621600000", "netIncome": "379400000"}, {"fiscalDateEnding": "2019-06-30", "reportedCurrency": "USD", "grossProfit": "822700000", "totalRevenue": "1213600000", "costOfRevenue": "390900000", "costofGoodsAndServicesSold": "390900000", "operatingIncome": "548000000", "sellingGeneralAndAdministrative": "274700000", "researchAndDevelopment": "None", "operatingExpenses": "274700000", "investmentIncomeNet": "None", "netInterestIncome": "-50600000", "interestIncome": "3900000", "interestExpense": "62400000", "nonInterestIncome": "None", "otherNonOperatingIncome": "400000", "depreciation": "None", "depreciationAndAmortization": "51000000", "incomeBeforeTax": "433300000", "incomeTaxExpense": "121300000", "interestAndDebtExpense": "None", "netIncomeFromContinuingOperations": "312000000", "comprehensiveIncomeNetOfTax": "None", "ebit": "495700000", "ebitda": "546700000", "netIncome": "310300000"}, {"fiscalDateEnding": "2019-03-31", "reportedCurrency": "USD", "grossProfit": "750100000", "totalRevenue": "1142100000", "costOfRevenue": "392000000", "costofGoodsAndServicesSold": "392000000", "operatingIncome": "468600000", "sellingGeneralAndAdministrative": "281500000", "researchAndDevelopment": "None", "operatingExpenses": "281500000", "investmentIncomeNet": "None", "netInterestIncome": "-52500000", "interestIncome": "44900000", "interestExpense": "54500000", "nonInterestIncome": "None", "otherNonOperatingIncome": "2300000", "depreciation": "None", "depreciationAndAmortization": "50300000", "incomeBeforeTax": "411500000", "incomeTaxExpense": "37900000", "interestAndDebtExpense": "None", "netIncomeFromContinuingOperations": "373600000", "comprehensiveIncomeNetOfTax": "None", "ebit": "466000000", "ebitda": "516300000", "netIncome": "372900000"}, {"fiscalDateEnding": "2018-12-31", "reportedCurrency": "USD", "grossProfit": "707700000", "totalRevenue": "1060100000", "costOfRevenue": "352400000", "costofGoodsAndServicesSold": "352400000", "operatingIncome": "429500000", "sellingGeneralAndAdministrative": "278200000", "researchAndDevelopment": "0", "operatingExpenses": "278200000", "investmentIncomeNet": "None", "netInterestIncome": "None", "interestIncome": "None", "interestExpense": "67500000", "nonInterestIncome": "None", "otherNonOperatingIncome": "500000", "depreciation": "None", "depreciationAndAmortization": "48300000", "incomeBeforeTax": "321600000", "incomeTaxExpense": "68900000", "interestAndDebtExpense": "None", "netIncomeFromContinuingOperations": "252700000", "comprehensiveIncomeNetOfTax": "None", "ebit": "389100000", "ebitda": "437400000", "netIncome": "250300000"}, {"fiscalDateEnding": "2018-09-30", "reportedCurrency": "USD", "grossProfit": "728400000", "totalRevenue": "1080800000", "costOfRevenue": "352400000", "costofGoodsAndServicesSold": "352400000", "operatingIncome": "468100000", "sellingGeneralAndAdministrative": "260300000", "researchAndDevelopment": "0", "operatingExpenses": "260300000", "investmentIncomeNet": "None", "netInterestIncome": "None", "interestIncome": "None", "interestExpense": "45600000", "nonInterestIncome": "None", "otherNonOperatingIncome": "2400000", "depreciation": "None", "depreciationAndAmortization": "46100000", "incomeBeforeTax": "412800000", "incomeTaxExpense": "100800000", "interestAndDebtExpense": "None", "netIncomeFromContinuingOperations": "312000000", "comprehensiveIncomeNetOfTax": "None", "ebit": "458400000", "ebitda": "504500000", "netIncome": "310200000"}, {"fiscalDateEnding": "2018-06-30", "reportedCurrency": "USD", "grossProfit": "806500000", "totalRevenue": "1175100000", "costOfRevenue": "368600000", "costofGoodsAndServicesSold": "368600000", "operatingIncome": "536000000", "sellingGeneralAndAdministrative": "270500000", "researchAndDevelopment": "0", "operatingExpenses": "270500000", "investmentIncomeNet": "None", "netInterestIncome": "None", "interestIncome": "None", "interestExpense": "48800000", "nonInterestIncome": "None", "otherNonOperatingIncome": "14900000", "depreciation": "None", "depreciationAndAmortization": "48400000", "incomeBeforeTax": "495500000", "incomeTaxExpense": "117600000", "interestAndDebtExpense": "None", "netIncomeFromContinuingOperations": "377900000", "comprehensiveIncomeNetOfTax": "None", "ebit": "544300000", "ebitda": "592700000", "netIncome": "376200000"}, {"fiscalDateEnding": "2018-03-31", "reportedCurrency": "USD", "grossProfit": "762700000", "totalRevenue": "1126700000", "costOfRevenue": "364000000", "costofGoodsAndServicesSold": "364000000", "operatingIncome": "491600000", "sellingGeneralAndAdministrative": "271100000", "researchAndDevelopment": "0", "operatingExpenses": "271100000", "investmentIncomeNet": "None", "netInterestIncome": "None", "interestIncome": "None", "interestExpense": "50900000", "nonInterestIncome": "None", "otherNonOperatingIncome": "1000000", "depreciation": "None", "depreciationAndAmortization": "49100000", "incomeBeforeTax": "441100000", "incomeTaxExpense": "64300000", "interestAndDebtExpense": "None", "netIncomeFromContinuingOperations": "376800000", "comprehensiveIncomeNetOfTax": "None", "ebit": "492000000", "ebitda": "541100000", "netIncome": "372900000"}, {"fiscalDateEnding": "2017-12-31", "reportedCurrency": "USD", "grossProfit": "774700000", "totalRevenue": "1165500000", "costOfRevenue": "390800000", "costofGoodsAndServicesSold": "390800000", "operatingIncome": "471300000", "sellingGeneralAndAdministrative": "304600000", "researchAndDevelopment": "42000000", "operatingExpenses": "303400000", "investmentIncomeNet": "None", "netInterestIncome": "None", "interestIncome": "None", "interestExpense": "58900000", "nonInterestIncome": "None", "otherNonOperatingIncome": "-2200000", "depreciation": "None", "depreciationAndAmortization": "49900000", "incomeBeforeTax": "407700000", "incomeTaxExpense": "379200000", "interestAndDebtExpense": "None", "netIncomeFromContinuingOperations": "28500000", "comprehensiveIncomeNetOfTax": "None", "ebit": "466600000", "ebitda": "516500000", "netIncome": "25500000"}, {"fiscalDateEnding": "2017-09-30", "reportedCurrency": "USD", "grossProfit": "704300000", "totalRevenue": "1062900000", "costOfRevenue": "358600000", "costofGoodsAndServicesSold": "358600000", "operatingIncome": "458600000", "sellingGeneralAndAdministrative": "247200000", "researchAndDevelopment": "0", "operatingExpenses": "245700000", "investmentIncomeNet": "None", "netInterestIncome": "None", "interestIncome": "None", "interestExpense": "53600000", "nonInterestIncome": "None", "otherNonOperatingIncome": "68500000", "depreciation": "None", "depreciationAndAmortization": "43000000", "incomeBeforeTax": "465800000", "incomeTaxExpense": "146100000", "interestAndDebtExpense": "None", "netIncomeFromContinuingOperations": "319700000", "comprehensiveIncomeNetOfTax": "None", "ebit": "519400000", "ebitda": "562400000", "netIncome": "317300000"}, {"fiscalDateEnding": "2017-06-30", "reportedCurrency": "USD", "grossProfit": "682800000", "totalRevenue": "1000500000", "costOfRevenue": "317700000", "costofGoodsAndServicesSold": "317700000", "operatingIncome": "466700000", "sellingGeneralAndAdministrative": "217700000", "researchAndDevelopment": "0", "operatingExpenses": "216100000", "investmentIncomeNet": "None", "netInterestIncome": "None", "interestIncome": "None", "interestExpense": "52300000", "nonInterestIncome": "None", "otherNonOperatingIncome": "49500000", "depreciation": "None", "depreciationAndAmortization": "32900000", "incomeBeforeTax": "462000000", "incomeTaxExpense": "148400000", "interestAndDebtExpense": "None", "netIncomeFromContinuingOperations": "313600000", "comprehensiveIncomeNetOfTax": "None", "ebit": "514300000", "ebitda": "547200000", "netIncome": "312200000"}, {"fiscalDateEnding": "2017-03-31", "reportedCurrency": "USD", "grossProfit": "665300000", "totalRevenue": "975200000", "costOfRevenue": "309900000", "costofGoodsAndServicesSold": "309900000", "operatingIncome": "443400000", "sellingGeneralAndAdministrative": "221900000", "researchAndDevelopment": "0", "operatingExpenses": "221900000", "investmentIncomeNet": "None", "netInterestIncome": "None", "interestIncome": "None", "interestExpense": "46700000", "nonInterestIncome": "None", "otherNonOperatingIncome": "50300000", "depreciation": "None", "depreciationAndAmortization": "32500000", "incomeBeforeTax": "451300000", "incomeTaxExpense": "105400000", "interestAndDebtExpense": "None", "netIncomeFromContinuingOperations": "345900000", "comprehensiveIncomeNetOfTax": "None", "ebit": "498000000", "ebitda": "530500000", "netIncome": "345600000"}, {"fiscalDateEnding": "2016-12-31", "reportedCurrency": "USD", "grossProfit": "643900000", "totalRevenue": "942100000", "costOfRevenue": "298200000", "costofGoodsAndServicesSold": "298200000", "operatingIncome": "390700000", "sellingGeneralAndAdministrative": "253200000", "researchAndDevelopment": "40100000", "operatingExpenses": "253200000", "investmentIncomeNet": "None", "netInterestIncome": "None", "interestIncome": "None", "interestExpense": "38300000", "nonInterestIncome": "None", "otherNonOperatingIncome": "41600000", "depreciation": "None", "depreciationAndAmortization": "32900000", "incomeBeforeTax": "-465500000", "incomeTaxExpense": "-40000000", "interestAndDebtExpense": "None", "netIncomeFromContinuingOperations": "-425500000", "comprehensiveIncomeNetOfTax": "None", "ebit": "-427200000", "ebitda": "-394300000", "netIncome": "-428600000"}, {"fiscalDateEnding": "2016-09-30", "reportedCurrency": "USD", "grossProfit": "631200000", "totalRevenue": "917100000", "costOfRevenue": "285900000", "costofGoodsAndServicesSold": "285900000", "operatingIncome": "405900000", "sellingGeneralAndAdministrative": "225300000", "researchAndDevelopment": "0", "operatingExpenses": "225300000", "investmentIncomeNet": "None", "netInterestIncome": "None", "interestIncome": "None", "interestExpense": "38300000", "nonInterestIncome": "None", "otherNonOperatingIncome": "6900000", "depreciation": "None", "depreciationAndAmortization": "32700000", "incomeBeforeTax": "369000000", "incomeTaxExpense": "112400000", "interestAndDebtExpense": "None", "netIncomeFromContinuingOperations": "256600000", "comprehensiveIncomeNetOfTax": "None", "ebit": "407300000", "ebitda": "440000000", "netIncome": "255300000"}, {"fiscalDateEnding": "2016-06-30", "reportedCurrency": "USD", "grossProfit": "670000000", "totalRevenue": "928900000", "costOfRevenue": "258900000", "costofGoodsAndServicesSold": "258900000", "operatingIncome": "410200000", "sellingGeneralAndAdministrative": "228600000", "researchAndDevelopment": "0", "operatingExpenses": "259800000", "investmentIncomeNet": "None", "netInterestIncome": "None", "interestIncome": "None", "interestExpense": "37100000", "nonInterestIncome": "None", "otherNonOperatingIncome": "3000000", "depreciation": "None", "depreciationAndAmortization": "31200000", "incomeBeforeTax": "378900000", "incomeTaxExpense": "120800000", "interestAndDebtExpense": "None", "netIncomeFromContinuingOperations": "258100000", "comprehensiveIncomeNetOfTax": "None", "ebit": "410200000", "ebitda": "441400000", "netIncome": "255500000"}, {"fiscalDateEnding": "2016-03-31", "reportedCurrency": "USD", "grossProfit": "566900000", "totalRevenue": "816100000", "costOfRevenue": "249200000", "costofGoodsAndServicesSold": "249200000", "operatingIncome": "304100000", "sellingGeneralAndAdministrative": "232900000", "researchAndDevelopment": "0", "operatingExpenses": "262800000", "investmentIncomeNet": "None", "netInterestIncome": "None", "interestIncome": "None", "interestExpense": "37000000", "nonInterestIncome": "None", "otherNonOperatingIncome": "5600000", "depreciation": "None", "depreciationAndAmortization": "29900000", "incomeBeforeTax": "275600000", "incomeTaxExpense": "89000000", "interestAndDebtExpense": "None", "netIncomeFromContinuingOperations": "186600000", "comprehensiveIncomeNetOfTax": "None", "ebit": "304400000", "ebitda": "334300000", "netIncome": "184400000"}, {"fiscalDateEnding": "2015-12-31", "reportedCurrency": "USD", "grossProfit": "614000000", "totalRevenue": "865900000", "costOfRevenue": "251900000", "costofGoodsAndServicesSold": "251900000", "operatingIncome": "333100000", "sellingGeneralAndAdministrative": "252200000", "researchAndDevelopment": "29100000", "operatingExpenses": "280900000", "investmentIncomeNet": "None", "netInterestIncome": "None", "interestIncome": "None", "interestExpense": "30800000", "nonInterestIncome": "None", "otherNonOperatingIncome": "36600000", "depreciation": "None", "depreciationAndAmortization": "28700000", "incomeBeforeTax": "312300000", "incomeTaxExpense": "91900000", "interestAndDebtExpense": "None", "netIncomeFromContinuingOperations": "220400000", "comprehensiveIncomeNetOfTax": "None", "ebit": "333700000", "ebitda": "362400000", "netIncome": "217900000"}, {"fiscalDateEnding": "2015-09-30", "reportedCurrency": "USD", "grossProfit": "598800000", "totalRevenue": "834900000", "costOfRevenue": "236100000", "costofGoodsAndServicesSold": "236100000", "operatingIncome": "349700000", "sellingGeneralAndAdministrative": "220800000", "researchAndDevelopment": "0", "operatingExpenses": "242700000", "investmentIncomeNet": "None", "netInterestIncome": "None", "interestIncome": "None", "interestExpense": "29300000", "nonInterestIncome": "None", "otherNonOperatingIncome": "19700000", "depreciation": "None", "depreciationAndAmortization": "28300000", "incomeBeforeTax": "343600000", "incomeTaxExpense": "109800000", "interestAndDebtExpense": "None", "netIncomeFromContinuingOperations": "233800000", "comprehensiveIncomeNetOfTax": "None", "ebit": "349700000", "ebitda": "378000000", "netIncome": "231600000"}, {"fiscalDateEnding": "2015-06-30", "reportedCurrency": "USD", "grossProfit": "674200000", "totalRevenue": "918100000", "costOfRevenue": "243900000", "costofGoodsAndServicesSold": "243900000", "operatingIncome": "419300000", "sellingGeneralAndAdministrative": "227000000", "researchAndDevelopment": "0", "operatingExpenses": "254900000", "investmentIncomeNet": "None", "netInterestIncome": "None", "interestIncome": "None", "interestExpense": "34200000", "nonInterestIncome": "None", "otherNonOperatingIncome": "-8200000", "depreciation": "None", "depreciationAndAmortization": "27900000", "incomeBeforeTax": "379200000", "incomeTaxExpense": "115100000", "interestAndDebtExpense": "None", "netIncomeFromContinuingOperations": "264100000", "comprehensiveIncomeNetOfTax": "None", "ebit": "419300000", "ebitda": "447200000", "netIncome": "261700000"}, {"fiscalDateEnding": "2015-03-31", "reportedCurrency": "USD", "grossProfit": "621200000", "totalRevenue": "865600000", "costOfRevenue": "244400000", "costofGoodsAndServicesSold": "244400000", "operatingIncome": "371300000", "sellingGeneralAndAdministrative": "221300000", "researchAndDevelopment": "0", "operatingExpenses": "249900000", "investmentIncomeNet": "None", "netInterestIncome": "None", "interestIncome": "None", "interestExpense": "31200000", "nonInterestIncome": "None", "otherNonOperatingIncome": "-26800000", "depreciation": "None", "depreciationAndAmortization": "28600000", "incomeBeforeTax": "344500000", "incomeTaxExpense": "113200000", "interestAndDebtExpense": "None", "netIncomeFromContinuingOperations": "231300000", "comprehensiveIncomeNetOfTax": "None", "ebit": "371300000", "ebitda": "399900000", "netIncome": "230100000"}, {"fiscalDateEnding": "2014-12-31", "reportedCurrency": "USD", "grossProfit": "622000000", "totalRevenue": "877500000", "costOfRevenue": "255500000", "costofGoodsAndServicesSold": "255500000", "operatingIncome": "344700000", "sellingGeneralAndAdministrative": "250300000", "researchAndDevelopment": "37900000", "operatingExpenses": "277300000", "investmentIncomeNet": "None", "netInterestIncome": "None", "interestIncome": "None", "interestExpense": "30900000", "nonInterestIncome": "None", "otherNonOperatingIncome": "-8900000", "depreciation": "None", "depreciationAndAmortization": "27000000", "incomeBeforeTax": "335800000", "incomeTaxExpense": "94400000", "interestAndDebtExpense": "None", "netIncomeFromContinuingOperations": "241400000", "comprehensiveIncomeNetOfTax": "None", "ebit": "346000000", "ebitda": "373000000", "netIncome": "236300000"}, {"fiscalDateEnding": "2014-09-30", "reportedCurrency": "USD", "grossProfit": "579400000", "totalRevenue": "816100000", "costOfRevenue": "236700000", "costofGoodsAndServicesSold": "236700000", "operatingIncome": "349700000", "sellingGeneralAndAdministrative": "206500000", "researchAndDevelopment": "0", "operatingExpenses": "223300000", "investmentIncomeNet": "None", "netInterestIncome": "None", "interestIncome": "None", "interestExpense": "39500000", "nonInterestIncome": "None", "otherNonOperatingIncome": "-21300000", "depreciation": "None", "depreciationAndAmortization": "23200000", "incomeBeforeTax": "328400000", "incomeTaxExpense": "109900000", "interestAndDebtExpense": "None", "netIncomeFromContinuingOperations": "218500000", "comprehensiveIncomeNetOfTax": "None", "ebit": "349700000", "ebitda": "372900000", "netIncome": "215200000"}, {"fiscalDateEnding": "2014-06-30", "reportedCurrency": "USD", "grossProfit": "651400000", "totalRevenue": "873500000", "costOfRevenue": "222100000", "costofGoodsAndServicesSold": "222100000", "operatingIncome": "411700000", "sellingGeneralAndAdministrative": "217400000", "researchAndDevelopment": "0", "operatingExpenses": "239700000", "investmentIncomeNet": "None", "netInterestIncome": "None", "interestIncome": "None", "interestExpense": "27700000", "nonInterestIncome": "None", "otherNonOperatingIncome": "73500000", "depreciation": "None", "depreciationAndAmortization": "22300000", "incomeBeforeTax": "485200000", "incomeTaxExpense": "160800000", "interestAndDebtExpense": "None", "netIncomeFromContinuingOperations": "324400000", "comprehensiveIncomeNetOfTax": "None", "ebit": "411700000", "ebitda": "434000000", "netIncome": "319200000"}, {"fiscalDateEnding": "2014-03-31", "reportedCurrency": "USD", "grossProfit": "551200000", "totalRevenue": "767200000", "costOfRevenue": "216000000", "costofGoodsAndServicesSold": "216000000", "operatingIncome": "333000000", "sellingGeneralAndAdministrative": "195100000", "researchAndDevelopment": "0", "operatingExpenses": "218200000", "investmentIncomeNet": "None", "netInterestIncome": "None", "interestIncome": "None", "interestExpense": "25400000", "nonInterestIncome": "None", "otherNonOperatingIncome": "-21400000", "depreciation": "None", "depreciationAndAmortization": "23100000", "incomeBeforeTax": "311600000", "incomeTaxExpense": "89900000", "interestAndDebtExpense": "None", "netIncomeFromContinuingOperations": "221700000", "comprehensiveIncomeNetOfTax": "None", "ebit": "332800000", "ebitda": "355900000", "netIncome": "218000000"}, {"fiscalDateEnding": "2013-12-31", "reportedCurrency": "USD", "grossProfit": "558200000", "totalRevenue": "779200000", "costOfRevenue": "221000000", "costofGoodsAndServicesSold": "221000000", "operatingIncome": "311900000", "sellingGeneralAndAdministrative": "223000000", "researchAndDevelopment": "22800000", "operatingExpenses": "227100000", "investmentIncomeNet": "None", "netInterestIncome": "None", "interestIncome": "None", "interestExpense": "25200000", "nonInterestIncome": "None", "otherNonOperatingIncome": "-10100000", "depreciation": "None", "depreciationAndAmortization": "23300000", "incomeBeforeTax": "301800000", "incomeTaxExpense": "92200000", "interestAndDebtExpense": "None", "netIncomeFromContinuingOperations": "209600000", "comprehensiveIncomeNetOfTax": "None", "ebit": "313800000", "ebitda": "337100000", "netIncome": "206700000"}, {"fiscalDateEnding": "2013-09-30", "reportedCurrency": "USD", "grossProfit": "502000000", "totalRevenue": "705500000", "costOfRevenue": "203500000", "costofGoodsAndServicesSold": "203500000", "operatingIncome": "291500000", "sellingGeneralAndAdministrative": "187100000", "researchAndDevelopment": "0", "operatingExpenses": "210500000", "investmentIncomeNet": "None", "netInterestIncome": "None", "interestIncome": "None", "interestExpense": "26000000", "nonInterestIncome": "None", "otherNonOperatingIncome": "-28000000", "depreciation": "None", "depreciationAndAmortization": "23400000", "incomeBeforeTax": "263500000", "incomeTaxExpense": "76700000", "interestAndDebtExpense": "None", "netIncomeFromContinuingOperations": "186800000", "comprehensiveIncomeNetOfTax": "None", "ebit": "291500000", "ebitda": "314900000", "netIncome": "183900000"}, {"fiscalDateEnding": "2013-06-30", "reportedCurrency": "USD", "grossProfit": "558900000", "totalRevenue": "756000000", "costOfRevenue": "197100000", "costofGoodsAndServicesSold": "197100000", "operatingIncome": "350800000", "sellingGeneralAndAdministrative": "185000000", "researchAndDevelopment": "0", "operatingExpenses": "208100000", "investmentIncomeNet": "None", "netInterestIncome": "None", "interestIncome": "None", "interestExpense": "22900000", "nonInterestIncome": "None", "otherNonOperatingIncome": "-14000000", "depreciation": "None", "depreciationAndAmortization": "23100000", "incomeBeforeTax": "336800000", "incomeTaxExpense": "108400000", "interestAndDebtExpense": "None", "netIncomeFromContinuingOperations": "228400000", "comprehensiveIncomeNetOfTax": "None", "ebit": "359700000", "ebitda": "382800000", "netIncome": "225500000"}, {"fiscalDateEnding": "2013-03-31", "reportedCurrency": "USD", "grossProfit": "531000000", "totalRevenue": "731800000", "costOfRevenue": "200800000", "costofGoodsAndServicesSold": "200800000", "operatingIncome": "280400000", "sellingGeneralAndAdministrative": "227000000", "researchAndDevelopment": "0", "operatingExpenses": "250600000", "investmentIncomeNet": "None", "netInterestIncome": "None", "interestIncome": "None", "interestExpense": "23200000", "nonInterestIncome": "None", "otherNonOperatingIncome": "-13200000", "depreciation": "None", "depreciationAndAmortization": "23600000", "incomeBeforeTax": "267200000", "incomeTaxExpense": "76100000", "interestAndDebtExpense": "None", "netIncomeFromContinuingOperations": "191100000", "comprehensiveIncomeNetOfTax": "None", "ebit": "290400000", "ebitda": "314000000", "netIncome": "188400000"}, {"fiscalDateEnding": "2012-12-31", "reportedCurrency": "USD", "grossProfit": "532600000", "totalRevenue": "754200000", "costOfRevenue": "221600000", "costofGoodsAndServicesSold": "221600000", "operatingIncome": "260200000", "sellingGeneralAndAdministrative": "236400000", "researchAndDevelopment": "16100000", "operatingExpenses": "260200000", "investmentIncomeNet": "None", "netInterestIncome": "None", "interestIncome": "None", "interestExpense": "23100000", "nonInterestIncome": "None", "otherNonOperatingIncome": "-23800000", "depreciation": "None", "depreciationAndAmortization": "23800000", "incomeBeforeTax": "236400000", "incomeTaxExpense": "74400000", "interestAndDebtExpense": "None", "netIncomeFromContinuingOperations": "162000000", "comprehensiveIncomeNetOfTax": "None", "ebit": "253300000", "ebitda": "277100000", "netIncome": "160100000"}, {"fiscalDateEnding": "2012-09-30", "reportedCurrency": "USD", "grossProfit": "481200000", "totalRevenue": "688500000", "costOfRevenue": "207300000", "costofGoodsAndServicesSold": "207300000", "operatingIncome": "269700000", "sellingGeneralAndAdministrative": "187400000", "researchAndDevelopment": "0", "operatingExpenses": "211500000", "investmentIncomeNet": "None", "netInterestIncome": "None", "interestIncome": "None", "interestExpense": "15300000", "nonInterestIncome": "None", "otherNonOperatingIncome": "-5300000", "depreciation": "None", "depreciationAndAmortization": "24100000", "incomeBeforeTax": "264400000", "incomeTaxExpense": "77900000", "interestAndDebtExpense": "None", "netIncomeFromContinuingOperations": "186500000", "comprehensiveIncomeNetOfTax": "None", "ebit": "280900000", "ebitda": "305000000", "netIncome": "183900000"}, {"fiscalDateEnding": "2012-06-30", "reportedCurrency": "USD", "grossProfit": "460200000", "totalRevenue": "640800000", "costOfRevenue": "180600000", "costofGoodsAndServicesSold": "180600000", "operatingIncome": "278500000", "sellingGeneralAndAdministrative": "159600000", "researchAndDevelopment": "0", "operatingExpenses": "181700000", "investmentIncomeNet": "None", "netInterestIncome": "None", "interestIncome": "None", "interestExpense": "16600000", "nonInterestIncome": "None", "otherNonOperatingIncome": "-13900000", "depreciation": "None", "depreciationAndAmortization": "22100000", "incomeBeforeTax": "264600000", "incomeTaxExpense": "88900000", "interestAndDebtExpense": "None", "netIncomeFromContinuingOperations": "175700000", "comprehensiveIncomeNetOfTax": "None", "ebit": "282400000", "ebitda": "304500000", "netIncome": "172500000"}, {"fiscalDateEnding": "2012-03-31", "reportedCurrency": "USD", "grossProfit": "461300000", "totalRevenue": "646800000", "costOfRevenue": "185500000", "costofGoodsAndServicesSold": "185500000", "operatingIncome": "269000000", "sellingGeneralAndAdministrative": "168800000", "researchAndDevelopment": "0", "operatingExpenses": "192300000", "investmentIncomeNet": "None", "netInterestIncome": "None", "interestIncome": "None", "interestExpense": "10300000", "nonInterestIncome": "None", "otherNonOperatingIncome": "-10400000", "depreciation": "None", "depreciationAndAmortization": "23500000", "incomeBeforeTax": "258600000", "incomeTaxExpense": "83100000", "interestAndDebtExpense": "None", "netIncomeFromContinuingOperations": "175500000", "comprehensiveIncomeNetOfTax": "None", "ebit": "270200000", "ebitda": "293700000", "netIncome": "173500000"}, {"fiscalDateEnding": "2011-12-31", "reportedCurrency": "USD", "grossProfit": "385900000", "totalRevenue": "567100000", "costOfRevenue": "181200000", "costofGoodsAndServicesSold": "181200000", "operatingIncome": "172100000", "sellingGeneralAndAdministrative": "193200000", "researchAndDevelopment": "29800000", "operatingExpenses": "213900000", "investmentIncomeNet": "None", "netInterestIncome": "None", "interestIncome": "None", "interestExpense": "18300000", "nonInterestIncome": "None", "otherNonOperatingIncome": "-16500000", "depreciation": "None", "depreciationAndAmortization": "20700000", "incomeBeforeTax": "155600000", "incomeTaxExpense": "57500000", "interestAndDebtExpense": "None", "netIncomeFromContinuingOperations": "98100000", "comprehensiveIncomeNetOfTax": "None", "ebit": "173900000", "ebitda": "194600000", "netIncome": "96200000"}, {"fiscalDateEnding": "2011-09-30", "reportedCurrency": "USD", "grossProfit": "360300000", "totalRevenue": "531300000", "costOfRevenue": "171000000", "costofGoodsAndServicesSold": "171000000", "operatingIncome": "196100000", "sellingGeneralAndAdministrative": "145000000", "researchAndDevelopment": "0", "operatingExpenses": "164000000", "investmentIncomeNet": "None", "netInterestIncome": "None", "interestIncome": "None", "interestExpense": "12900000", "nonInterestIncome": "None", "otherNonOperatingIncome": "-11300000", "depreciation": "None", "depreciationAndAmortization": "19000000", "incomeBeforeTax": "184800000", "incomeTaxExpense": "52700000", "interestAndDebtExpense": "None", "netIncomeFromContinuingOperations": "132100000", "comprehensiveIncomeNetOfTax": "None", "ebit": "200200000", "ebitda": "219200000", "netIncome": "130700000"}, {"fiscalDateEnding": "2011-06-30", "reportedCurrency": "USD", "grossProfit": "434700000", "totalRevenue": "605200000", "costOfRevenue": "170500000", "costofGoodsAndServicesSold": "170500000", "operatingIncome": "270100000", "sellingGeneralAndAdministrative": "142900000", "researchAndDevelopment": "0", "operatingExpenses": "164700000", "investmentIncomeNet": "None", "netInterestIncome": "None", "interestIncome": "None", "interestExpense": "16300000", "nonInterestIncome": "None", "otherNonOperatingIncome": "-5900000", "depreciation": "None", "depreciationAndAmortization": "21800000", "incomeBeforeTax": "264200000", "incomeTaxExpense": "73500000", "interestAndDebtExpense": "None", "netIncomeFromContinuingOperations": "190700000", "comprehensiveIncomeNetOfTax": "None", "ebit": "280500000", "ebitda": "302300000", "netIncome": "189000000"}, {"fiscalDateEnding": "2011-03-31", "reportedCurrency": "USD", "grossProfit": "416300000", "totalRevenue": "577100000", "costOfRevenue": "160800000", "costofGoodsAndServicesSold": "160800000", "operatingIncome": "250100000", "sellingGeneralAndAdministrative": "148500000", "researchAndDevelopment": "0", "operatingExpenses": "166200000", "investmentIncomeNet": "None", "netInterestIncome": "None", "interestIncome": "None", "interestExpense": "19200000", "nonInterestIncome": "None", "otherNonOperatingIncome": "-14900000", "depreciation": "None", "depreciationAndAmortization": "17700000", "incomeBeforeTax": "235200000", "incomeTaxExpense": "78100000", "interestAndDebtExpense": "None", "netIncomeFromContinuingOperations": "157100000", "comprehensiveIncomeNetOfTax": "None", "ebit": "254400000", "ebitda": "272100000", "netIncome": "155500000"}, {"fiscalDateEnding": "2010-12-31", "reportedCurrency": "USD", "grossProfit": "383400000", "totalRevenue": "564300000", "costOfRevenue": "180900000", "costofGoodsAndServicesSold": "180900000", "operatingIncome": "196600000", "sellingGeneralAndAdministrative": "169500000", "researchAndDevelopment": "20300000", "operatingExpenses": "186700000", "investmentIncomeNet": "None", "netInterestIncome": "None", "interestIncome": "None", "interestExpense": "18600000", "nonInterestIncome": "None", "otherNonOperatingIncome": "-37300000", "depreciation": "None", "depreciationAndAmortization": "17200000", "incomeBeforeTax": "172600000", "incomeTaxExpense": "33700000", "interestAndDebtExpense": "None", "netIncomeFromContinuingOperations": "138900000", "comprehensiveIncomeNetOfTax": "None", "ebit": "191200000", "ebitda": "208400000", "netIncome": "137400000"}, {"fiscalDateEnding": "2010-09-30", "reportedCurrency": "USD", "grossProfit": "359600000", "totalRevenue": "513300000", "costOfRevenue": "153700000", "costofGoodsAndServicesSold": "153700000", "operatingIncome": "188900000", "sellingGeneralAndAdministrative": "152200000", "researchAndDevelopment": "0", "operatingExpenses": "170300000", "investmentIncomeNet": "None", "netInterestIncome": "None", "interestIncome": "None", "interestExpense": "14200000", "nonInterestIncome": "None", "otherNonOperatingIncome": "-7500000", "depreciation": "None", "depreciationAndAmortization": "18100000", "incomeBeforeTax": "181400000", "incomeTaxExpense": "44200000", "interestAndDebtExpense": "None", "netIncomeFromContinuingOperations": "137200000", "comprehensiveIncomeNetOfTax": "None", "ebit": "195000000", "ebitda": "213100000", "netIncome": "136000000"}, {"fiscalDateEnding": "2010-06-30", "reportedCurrency": "USD", "grossProfit": "343500000", "totalRevenue": "477800000", "costOfRevenue": "134300000", "costofGoodsAndServicesSold": "134300000", "operatingIncome": "190500000", "sellingGeneralAndAdministrative": "137500000", "researchAndDevelopment": "0", "operatingExpenses": "152700000", "investmentIncomeNet": "None", "netInterestIncome": "None", "interestIncome": "None", "interestExpense": "19400000", "nonInterestIncome": "None", "otherNonOperatingIncome": "-12600000", "depreciation": "None", "depreciationAndAmortization": "15200000", "incomeBeforeTax": "177900000", "incomeTaxExpense": "55300000", "interestAndDebtExpense": "None", "netIncomeFromContinuingOperations": "122600000", "comprehensiveIncomeNetOfTax": "None", "ebit": "194700000", "ebitda": "209900000", "netIncome": "121000000"}, {"fiscalDateEnding": "2010-03-31", "reportedCurrency": "USD", "grossProfit": "340700000", "totalRevenue": "476600000", "costOfRevenue": "135900000", "costofGoodsAndServicesSold": "135900000", "operatingIncome": "196800000", "sellingGeneralAndAdministrative": "128800000", "researchAndDevelopment": "0", "operatingExpenses": "144600000", "investmentIncomeNet": "None", "netInterestIncome": "None", "interestIncome": "None", "interestExpense": "10400000", "nonInterestIncome": "None", "otherNonOperatingIncome": "-1000000", "depreciation": "None", "depreciationAndAmortization": "15800000", "incomeBeforeTax": "182500000", "incomeTaxExpense": "67800000", "interestAndDebtExpense": "None", "netIncomeFromContinuingOperations": "114700000", "comprehensiveIncomeNetOfTax": "None", "ebit": "196800000", "ebitda": "212600000", "netIncome": "113400000"}, {"fiscalDateEnding": "2009-12-31", "reportedCurrency": "USD", "grossProfit": "338900000", "totalRevenue": "485800000", "costOfRevenue": "146900000", "costofGoodsAndServicesSold": "146900000", "operatingIncome": "178900000", "sellingGeneralAndAdministrative": "144500000", "researchAndDevelopment": "0", "operatingExpenses": "161100000", "investmentIncomeNet": "None", "netInterestIncome": "None", "interestIncome": "None", "interestExpense": "15000000", "nonInterestIncome": "None", "otherNonOperatingIncome": "None", "depreciation": "None", "depreciationAndAmortization": "16600000", "incomeBeforeTax": "167300000", "incomeTaxExpense": "64000000", "interestAndDebtExpense": "None", "netIncomeFromContinuingOperations": "0", "comprehensiveIncomeNetOfTax": "None", "ebit": "182300000", "ebitda": "198900000", "netIncome": "101900000"}, {"fiscalDateEnding": "2009-09-30", "reportedCurrency": "USD", "grossProfit": "316700000", "totalRevenue": "451800000", "costOfRevenue": "135100000", "costofGoodsAndServicesSold": "135100000", "operatingIncome": "172500000", "sellingGeneralAndAdministrative": "124300000", "researchAndDevelopment": "0", "operatingExpenses": "140500000", "investmentIncomeNet": "None", "netInterestIncome": "None", "interestIncome": "None", "interestExpense": "11500000", "nonInterestIncome": "None", "otherNonOperatingIncome": "None", "depreciation": "None", "depreciationAndAmortization": "16200000", "incomeBeforeTax": "162700000", "incomeTaxExpense": "61000000", "interestAndDebtExpense": "None", "netIncomeFromContinuingOperations": "0", "comprehensiveIncomeNetOfTax": "None", "ebit": "174800000", "ebitda": "191000000", "netIncome": "100600000"}, {"fiscalDateEnding": "2009-06-30", "reportedCurrency": "USD", "grossProfit": "322700000", "totalRevenue": "450700000", "costOfRevenue": "128000000", "costofGoodsAndServicesSold": "128000000", "operatingIncome": "187200000", "sellingGeneralAndAdministrative": "116700000", "researchAndDevelopment": "0", "operatingExpenses": "132400000", "investmentIncomeNet": "None", "netInterestIncome": "None", "interestIncome": "None", "interestExpense": "13200000", "nonInterestIncome": "None", "otherNonOperatingIncome": "-6500000", "depreciation": "None", "depreciationAndAmortization": "15700000", "incomeBeforeTax": "174600000", "incomeTaxExpense": "63600000", "interestAndDebtExpense": "None", "netIncomeFromContinuingOperations": "111000000", "comprehensiveIncomeNetOfTax": "None", "ebit": "193200000", "ebitda": "208900000", "netIncome": "111000000"}, {"fiscalDateEnding": "2009-03-31", "reportedCurrency": "USD", "grossProfit": "286500000", "totalRevenue": "408900000", "costOfRevenue": "122400000", "costofGoodsAndServicesSold": "122400000", "operatingIncome": "148900000", "sellingGeneralAndAdministrative": "110200000", "researchAndDevelopment": "0", "operatingExpenses": "125800000", "investmentIncomeNet": "None", "netInterestIncome": "None", "interestIncome": "None", "interestExpense": "11500000", "nonInterestIncome": "None", "otherNonOperatingIncome": "None", "depreciation": "None", "depreciationAndAmortization": "15600000", "incomeBeforeTax": "141600000", "incomeTaxExpense": "50500000", "interestAndDebtExpense": "None", "netIncomeFromContinuingOperations": "0", "comprehensiveIncomeNetOfTax": "None", "ebit": "153100000", "ebitda": "168700000", "netIncome": "90200000"}, {"fiscalDateEnding": "2008-12-31", "reportedCurrency": "USD", "grossProfit": "598100000", "totalRevenue": "403700000", "costOfRevenue": "-194400000", "costofGoodsAndServicesSold": "-194400000", "operatingIncome": "125400000", "sellingGeneralAndAdministrative": "113500000", "researchAndDevelopment": "0", "operatingExpenses": "472500000", "investmentIncomeNet": "None", "netInterestIncome": "None", "interestIncome": "None", "interestExpense": "1100000", "nonInterestIncome": "None", "otherNonOperatingIncome": "None", "depreciation": "None", "depreciationAndAmortization": "31200000", "incomeBeforeTax": "124300000", "incomeTaxExpense": "35600000", "interestAndDebtExpense": "None", "netIncomeFromContinuingOperations": "0", "comprehensiveIncomeNetOfTax": "None", "ebit": "125600000", "ebitda": "156800000", "netIncome": "88700000"}, {"fiscalDateEnding": "2008-09-30", "reportedCurrency": "USD", "grossProfit": "202600000", "totalRevenue": "433400000", "costOfRevenue": "230800000", "costofGoodsAndServicesSold": "230800000", "operatingIncome": "189800000", "sellingGeneralAndAdministrative": "108100000", "researchAndDevelopment": "0", "operatingExpenses": "14600000", "investmentIncomeNet": "None", "netInterestIncome": "None", "interestIncome": "None", "interestExpense": "5900000", "nonInterestIncome": "None", "otherNonOperatingIncome": "None", "depreciation": "None", "depreciationAndAmortization": "14600000", "incomeBeforeTax": "183900000", "incomeTaxExpense": "70900000", "interestAndDebtExpense": "None", "netIncomeFromContinuingOperations": "0", "comprehensiveIncomeNetOfTax": "None", "ebit": "188000000", "ebitda": "202600000", "netIncome": "113000000"}, {"fiscalDateEnding": "2008-06-30", "reportedCurrency": "USD", "grossProfit": "250300000", "totalRevenue": "487600000", "costOfRevenue": "237300000", "costofGoodsAndServicesSold": "237300000", "operatingIncome": "233700000", "sellingGeneralAndAdministrative": "114000000", "researchAndDevelopment": "0", "operatingExpenses": "16800000", "investmentIncomeNet": "None", "netInterestIncome": "None", "interestIncome": "None", "interestExpense": "12300000", "nonInterestIncome": "None", "otherNonOperatingIncome": "None", "depreciation": "None", "depreciationAndAmortization": "16800000", "incomeBeforeTax": "221400000", "incomeTaxExpense": "86200000", "interestAndDebtExpense": "None", "netIncomeFromContinuingOperations": "0", "comprehensiveIncomeNetOfTax": "None", "ebit": "241800000", "ebitda": "258600000", "netIncome": "135200000"}, {"fiscalDateEnding": "2008-03-31", "reportedCurrency": "USD", "grossProfit": "211100000", "totalRevenue": "430700000", "costOfRevenue": "219600000", "costofGoodsAndServicesSold": "219600000", "operatingIncome": "199300000", "sellingGeneralAndAdministrative": "99700000", "researchAndDevelopment": "0", "operatingExpenses": "12500000", "investmentIncomeNet": "None", "netInterestIncome": "None", "interestIncome": "None", "interestExpense": "3100000", "nonInterestIncome": "None", "otherNonOperatingIncome": "None", "depreciation": "None", "depreciationAndAmortization": "12500000", "incomeBeforeTax": "196200000", "incomeTaxExpense": "75500000", "interestAndDebtExpense": "None", "netIncomeFromContinuingOperations": "0", "comprehensiveIncomeNetOfTax": "None", "ebit": "215200000", "ebitda": "227700000", "netIncome": "120700000"}, {"fiscalDateEnding": "2007-12-31", "reportedCurrency": "USD", "grossProfit": "725100000", "totalRevenue": "504900000", "costOfRevenue": "-220200000", "costofGoodsAndServicesSold": "-220200000", "operatingIncome": "212100000", "sellingGeneralAndAdministrative": "451100000", "researchAndDevelopment": "0", "operatingExpenses": "463000000", "investmentIncomeNet": "None", "netInterestIncome": "None", "interestIncome": "None", "interestExpense": "19800000", "nonInterestIncome": "None", "otherNonOperatingIncome": "None", "depreciation": "None", "depreciationAndAmortization": "11900000", "incomeBeforeTax": "192300000", "incomeTaxExpense": "65000000", "interestAndDebtExpense": "None", "netIncomeFromContinuingOperations": "0", "comprehensiveIncomeNetOfTax": "None", "ebit": "262100000", "ebitda": "274000000", "netIncome": "127300000"}, {"fiscalDateEnding": "2007-09-30", "reportedCurrency": "USD", "grossProfit": "262100000", "totalRevenue": "525000000", "costOfRevenue": "262900000", "costofGoodsAndServicesSold": "262900000", "operatingIncome": "250500000", "sellingGeneralAndAdministrative": "0", "researchAndDevelopment": "0", "operatingExpenses": "11600000", "investmentIncomeNet": "None", "netInterestIncome": "None", "interestIncome": "None", "interestExpense": "9000000", "nonInterestIncome": "None", "otherNonOperatingIncome": "None", "depreciation": "None", "depreciationAndAmortization": "11600000", "incomeBeforeTax": "241500000", "incomeTaxExpense": "104600000", "interestAndDebtExpense": "None", "netIncomeFromContinuingOperations": "0", "comprehensiveIncomeNetOfTax": "None", "ebit": "250500000", "ebitda": "262100000", "netIncome": "136900000"}, {"fiscalDateEnding": "2007-06-30", "reportedCurrency": "USD", "grossProfit": "372800000", "totalRevenue": "646100000", "costOfRevenue": "273300000", "costofGoodsAndServicesSold": "273300000", "operatingIncome": "363700000", "sellingGeneralAndAdministrative": "0", "researchAndDevelopment": "0", "operatingExpenses": "9100000", "investmentIncomeNet": "None", "netInterestIncome": "None", "interestIncome": "None", "interestExpense": "17800000", "nonInterestIncome": "None", "otherNonOperatingIncome": "None", "depreciation": "None", "depreciationAndAmortization": "9100000", "incomeBeforeTax": "381500000", "incomeTaxExpense": "119600000", "interestAndDebtExpense": "None", "netIncomeFromContinuingOperations": "0", "comprehensiveIncomeNetOfTax": "None", "ebit": "363700000", "ebitda": "372800000", "netIncome": "261900000"}, {"fiscalDateEnding": "2007-03-31", "reportedCurrency": "USD", "grossProfit": "315000000", "totalRevenue": "583000000", "costOfRevenue": "268000000", "costofGoodsAndServicesSold": "268000000", "operatingIncome": "304700000", "sellingGeneralAndAdministrative": "0", "researchAndDevelopment": "0", "operatingExpenses": "10300000", "investmentIncomeNet": "None", "netInterestIncome": "None", "interestIncome": "None", "interestExpense": "3300000", "nonInterestIncome": "None", "otherNonOperatingIncome": "None", "depreciation": "None", "depreciationAndAmortization": "10300000", "incomeBeforeTax": "301400000", "incomeTaxExpense": "126000000", "interestAndDebtExpense": "None", "netIncomeFromContinuingOperations": "0", "comprehensiveIncomeNetOfTax": "None", "ebit": "304700000", "ebitda": "315000000", "netIncome": "175400000"}, {"fiscalDateEnding": "2006-12-31", "reportedCurrency": "USD", "grossProfit": "673000000", "totalRevenue": "590000000", "costOfRevenue": "-83000000", "costofGoodsAndServicesSold": "-83000000", "operatingIncome": "463300000", "sellingGeneralAndAdministrative": "359300000", "researchAndDevelopment": "0", "operatingExpenses": "209700000", "investmentIncomeNet": "None", "netInterestIncome": "None", "interestIncome": "None", "interestExpense": "4000000", "nonInterestIncome": "None", "otherNonOperatingIncome": "None", "depreciation": "None", "depreciationAndAmortization": "11000000", "incomeBeforeTax": "463300000", "incomeTaxExpense": "184700000", "interestAndDebtExpense": "None", "netIncomeFromContinuingOperations": "0", "comprehensiveIncomeNetOfTax": "None", "ebit": "463300000", "ebitda": "474300000", "netIncome": "278600000"}, {"fiscalDateEnding": "2006-09-30", "reportedCurrency": "USD", "grossProfit": "278600000", "totalRevenue": "495500000", "costOfRevenue": "216900000", "costofGoodsAndServicesSold": "216900000", "operatingIncome": "268800000", "sellingGeneralAndAdministrative": "0", "researchAndDevelopment": "0", "operatingExpenses": "9800000", "investmentIncomeNet": "None", "netInterestIncome": "None", "interestIncome": "None", "interestExpense": "3100000", "nonInterestIncome": "None", "otherNonOperatingIncome": "None", "depreciation": "None", "depreciationAndAmortization": "9800000", "incomeBeforeTax": "265700000", "incomeTaxExpense": "108700000", "interestAndDebtExpense": "None", "netIncomeFromContinuingOperations": "0", "comprehensiveIncomeNetOfTax": "None", "ebit": "268800000", "ebitda": "278600000", "netIncome": "157000000"}, {"fiscalDateEnding": "2006-06-30", "reportedCurrency": "USD", "grossProfit": "298400000", "totalRevenue": "511400000", "costOfRevenue": "213000000", "costofGoodsAndServicesSold": "213000000", "operatingIncome": "289100000", "sellingGeneralAndAdministrative": "0", "researchAndDevelopment": "0", "operatingExpenses": "9300000", "investmentIncomeNet": "None", "netInterestIncome": "None", "interestIncome": "None", "interestExpense": "700000", "nonInterestIncome": "None", "otherNonOperatingIncome": "None", "depreciation": "None", "depreciationAndAmortization": "9300000", "incomeBeforeTax": "289800000", "incomeTaxExpense": "117700000", "interestAndDebtExpense": "None", "netIncomeFromContinuingOperations": "0", "comprehensiveIncomeNetOfTax": "None", "ebit": "289100000", "ebitda": "298400000", "netIncome": "172100000"}, {"fiscalDateEnding": "2006-03-31", "reportedCurrency": "USD", "grossProfit": "440200000", "totalRevenue": "440200000", "costOfRevenue": "192500000", "costofGoodsAndServicesSold": "192500000", "operatingIncome": "238300000", "sellingGeneralAndAdministrative": "192500000", "researchAndDevelopment": "0", "operatingExpenses": "201900000", "investmentIncomeNet": "None", "netInterestIncome": "None", "interestIncome": "None", "interestExpense": "3400000", "nonInterestIncome": "None", "otherNonOperatingIncome": "None", "depreciation": "None", "depreciationAndAmortization": "9400000", "incomeBeforeTax": "241700000", "incomeTaxExpense": "95500000", "interestAndDebtExpense": "None", "netIncomeFromContinuingOperations": "0", "comprehensiveIncomeNetOfTax": "None", "ebit": "238300000", "ebitda": "247700000", "netIncome": "146200000"}, {"fiscalDateEnding": "2005-12-31", "reportedCurrency": "USD", "grossProfit": "375000000", "totalRevenue": "473200000", "costOfRevenue": "98200000", "costofGoodsAndServicesSold": "98200000", "operatingIncome": "242400000", "sellingGeneralAndAdministrative": "231200000", "researchAndDevelopment": "0", "operatingExpenses": "-222100000", "investmentIncomeNet": "None", "netInterestIncome": "None", "interestIncome": "None", "interestExpense": "1500000", "nonInterestIncome": "None", "otherNonOperatingIncome": "None", "depreciation": "None", "depreciationAndAmortization": "9100000", "incomeBeforeTax": "243900000", "incomeTaxExpense": "93800000", "interestAndDebtExpense": "None", "netIncomeFromContinuingOperations": "0", "comprehensiveIncomeNetOfTax": "None", "ebit": "242400000", "ebitda": "251500000", "netIncome": "150100000"}, {"fiscalDateEnding": "2005-09-30", "reportedCurrency": "USD", "grossProfit": "421100000", "totalRevenue": "421100000", "costOfRevenue": "180400000", "costofGoodsAndServicesSold": "180400000", "operatingIncome": "231900000", "sellingGeneralAndAdministrative": "180400000", "researchAndDevelopment": "0", "operatingExpenses": "189200000", "investmentIncomeNet": "None", "netInterestIncome": "None", "interestIncome": "None", "interestExpense": "2700000", "nonInterestIncome": "None", "otherNonOperatingIncome": "None", "depreciation": "None", "depreciationAndAmortization": "8800000", "incomeBeforeTax": "234600000", "incomeTaxExpense": "88000000", "interestAndDebtExpense": "None", "netIncomeFromContinuingOperations": "0", "comprehensiveIncomeNetOfTax": "None", "ebit": "231900000", "ebitda": "240700000", "netIncome": "146600000"}]}