{"symbol": "PPL", "annualReports": [{"fiscalDateEnding": "2024-12-31", "reportedCurrency": "USD", "grossProfit": "3393000000", "totalRevenue": "8462000000", "costOfRevenue": "5069000000", "costofGoodsAndServicesSold": "5069000000", "operatingIncome": "1740000000", "sellingGeneralAndAdministrative": "None", "researchAndDevelopment": "None", "operatingExpenses": "1653000000", "investmentIncomeNet": "None", "netInterestIncome": "-705000000", "interestIncome": "33000000", "interestExpense": "738000000", "nonInterestIncome": "None", "otherNonOperatingIncome": "None", "depreciation": "None", "depreciationAndAmortization": "1357000000", "incomeBeforeTax": "1116000000", "incomeTaxExpense": "228000000", "interestAndDebtExpense": "None", "netIncomeFromContinuingOperations": "888000000", "comprehensiveIncomeNetOfTax": "None", "ebit": "1854000000", "ebitda": "3211000000", "netIncome": "888000000"}, {"fiscalDateEnding": "2023-12-31", "reportedCurrency": "USD", "grossProfit": "3276000000", "totalRevenue": "8312000000", "costOfRevenue": "5036000000", "costofGoodsAndServicesSold": "5036000000", "operatingIncome": "1630000000", "sellingGeneralAndAdministrative": "-40000000", "researchAndDevelopment": "None", "operatingExpenses": "1646000000", "investmentIncomeNet": "None", "netInterestIncome": "-618000000", "interestIncome": "32000000", "interestExpense": "666000000", "nonInterestIncome": "None", "otherNonOperatingIncome": "None", "depreciation": "None", "depreciationAndAmortization": "1335000000", "incomeBeforeTax": "924000000", "incomeTaxExpense": "184000000", "interestAndDebtExpense": "None", "netIncomeFromContinuingOperations": "775000000", "comprehensiveIncomeNetOfTax": "None", "ebit": "1590000000", "ebitda": "2925000000", "netIncome": "740000000"}, {"fiscalDateEnding": "2022-12-31", "reportedCurrency": "USD", "grossProfit": "2887000000", "totalRevenue": "7902000000", "costOfRevenue": "5015000000", "costofGoodsAndServicesSold": "5015000000", "operatingIncome": "1374000000", "sellingGeneralAndAdministrative": "-47000000", "researchAndDevelopment": "None", "operatingExpenses": "1513000000", "investmentIncomeNet": "None", "netInterestIncome": "-509000000", "interestIncome": "4000000", "interestExpense": "513000000", "nonInterestIncome": "None", "otherNonOperatingIncome": "54000000", "depreciation": "None", "depreciationAndAmortization": "1233000000", "incomeBeforeTax": "915000000", "incomeTaxExpense": "201000000", "interestAndDebtExpense": "None", "netIncomeFromContinuingOperations": "714000000", "comprehensiveIncomeNetOfTax": "None", "ebit": "1428000000", "ebitda": "2661000000", "netIncome": "756000000"}, {"fiscalDateEnding": "2021-12-31", "reportedCurrency": "USD", "grossProfit": "2713000000", "totalRevenue": "5783000000", "costOfRevenue": "3070000000", "costofGoodsAndServicesSold": "3070000000", "operatingIncome": "1424000000", "sellingGeneralAndAdministrative": "-21000000", "researchAndDevelopment": "None", "operatingExpenses": "1289000000", "investmentIncomeNet": "None", "netInterestIncome": "-906000000", "interestIncome": "906000000", "interestExpense": "918000000", "nonInterestIncome": "None", "otherNonOperatingIncome": "15000000", "depreciation": "None", "depreciationAndAmortization": "1121000000", "incomeBeforeTax": "521000000", "incomeTaxExpense": "503000000", "interestAndDebtExpense": "None", "netIncomeFromContinuingOperations": "18000000", "comprehensiveIncomeNetOfTax": "None", "ebit": "1439000000", "ebitda": "2560000000", "netIncome": "-1480000000"}, {"fiscalDateEnding": "2020-12-31", "reportedCurrency": "USD", "grossProfit": "2788000000", "totalRevenue": "5474000000", "costOfRevenue": "2686000000", "costofGoodsAndServicesSold": "2686000000", "operatingIncome": "1586000000", "sellingGeneralAndAdministrative": "2000000", "researchAndDevelopment": "None", "operatingExpenses": "1202000000", "investmentIncomeNet": "None", "netInterestIncome": "-991000000", "interestIncome": "10000000", "interestExpense": "634000000", "nonInterestIncome": "None", "otherNonOperatingIncome": "169000000", "depreciation": "None", "depreciationAndAmortization": "1080000000", "incomeBeforeTax": "954000000", "incomeTaxExpense": "314000000", "interestAndDebtExpense": "None", "netIncomeFromContinuingOperations": "1469000000", "comprehensiveIncomeNetOfTax": "None", "ebit": "1588000000", "ebitda": "2668000000", "netIncome": "1469000000"}, {"fiscalDateEnding": "2019-12-31", "reportedCurrency": "USD", "grossProfit": "2661000000", "totalRevenue": "5602000000", "costOfRevenue": "2941000000", "costofGoodsAndServicesSold": "2941000000", "operatingIncome": "1526000000", "sellingGeneralAndAdministrative": "8000000", "researchAndDevelopment": "None", "operatingExpenses": "1135000000", "investmentIncomeNet": "None", "netInterestIncome": "-978000000", "interestIncome": "16000000", "interestExpense": "621000000", "nonInterestIncome": "None", "otherNonOperatingIncome": "309000000", "depreciation": "None", "depreciationAndAmortization": "1007000000", "incomeBeforeTax": "919000000", "incomeTaxExpense": "183000000", "interestAndDebtExpense": "None", "netIncomeFromContinuingOperations": "1746000000", "comprehensiveIncomeNetOfTax": "None", "ebit": "1540000000", "ebitda": "2547000000", "netIncome": "1746000000"}, {"fiscalDateEnding": "2018-12-31", "reportedCurrency": "USD", "grossProfit": "4258000000", "totalRevenue": "7785000000", "costOfRevenue": "3527000000", "costofGoodsAndServicesSold": "3527000000", "operatingIncome": "2852000000", "sellingGeneralAndAdministrative": "257000000", "researchAndDevelopment": "0", "operatingExpenses": "1406000000", "investmentIncomeNet": "None", "netInterestIncome": "-957000000", "interestIncome": "6000000", "interestExpense": "963000000", "nonInterestIncome": "None", "otherNonOperatingIncome": "396000000", "depreciation": "None", "depreciationAndAmortization": "1172000000", "incomeBeforeTax": "2285000000", "incomeTaxExpense": "458000000", "interestAndDebtExpense": "None", "netIncomeFromContinuingOperations": "1827000000", "comprehensiveIncomeNetOfTax": "None", "ebit": "3248000000", "ebitda": "4420000000", "netIncome": "1827000000"}, {"fiscalDateEnding": "2017-12-31", "reportedCurrency": "USD", "grossProfit": "4201000000", "totalRevenue": "7447000000", "costOfRevenue": "3246000000", "costofGoodsAndServicesSold": "3246000000", "operatingIncome": "2901000000", "sellingGeneralAndAdministrative": "167000000", "researchAndDevelopment": "0", "operatingExpenses": "1300000000", "investmentIncomeNet": "None", "netInterestIncome": "-899000000", "interestIncome": "2000000", "interestExpense": "901000000", "nonInterestIncome": "None", "otherNonOperatingIncome": "-255000000", "depreciation": "None", "depreciationAndAmortization": "1105000000", "incomeBeforeTax": "1912000000", "incomeTaxExpense": "784000000", "interestAndDebtExpense": "None", "netIncomeFromContinuingOperations": "1128000000", "comprehensiveIncomeNetOfTax": "None", "ebit": "2813000000", "ebitda": "3918000000", "netIncome": "1128000000"}, {"fiscalDateEnding": "2016-12-31", "reportedCurrency": "USD", "grossProfit": "4163000000", "totalRevenue": "7517000000", "costOfRevenue": "3354000000", "costofGoodsAndServicesSold": "3354000000", "operatingIncome": "2936000000", "sellingGeneralAndAdministrative": "112000000", "researchAndDevelopment": "0", "operatingExpenses": "1227000000", "investmentIncomeNet": "None", "netInterestIncome": "-885000000", "interestIncome": "3000000", "interestExpense": "888000000", "nonInterestIncome": "None", "otherNonOperatingIncome": "390000000", "depreciation": "None", "depreciationAndAmortization": "1006000000", "incomeBeforeTax": "2550000000", "incomeTaxExpense": "648000000", "interestAndDebtExpense": "None", "netIncomeFromContinuingOperations": "1902000000", "comprehensiveIncomeNetOfTax": "None", "ebit": "3438000000", "ebitda": "4444000000", "netIncome": "1902000000"}, {"fiscalDateEnding": "2015-12-31", "reportedCurrency": "USD", "grossProfit": "4013000000", "totalRevenue": "7669000000", "costOfRevenue": "3656000000", "costofGoodsAndServicesSold": "3656000000", "operatingIncome": "2831000000", "sellingGeneralAndAdministrative": "112000000", "researchAndDevelopment": "0", "operatingExpenses": "1182000000", "investmentIncomeNet": "None", "netInterestIncome": "None", "interestIncome": "871000000", "interestExpense": "871000000", "nonInterestIncome": "None", "otherNonOperatingIncome": "None", "depreciation": "None", "depreciationAndAmortization": "942000000", "incomeBeforeTax": "2068000000", "incomeTaxExpense": "465000000", "interestAndDebtExpense": "None", "netIncomeFromContinuingOperations": "1603000000", "comprehensiveIncomeNetOfTax": "None", "ebit": "2939000000", "ebitda": "3881000000", "netIncome": "682000000"}, {"fiscalDateEnding": "2014-12-31", "reportedCurrency": "USD", "grossProfit": "4107000000", "totalRevenue": "7852000000", "costOfRevenue": "3745000000", "costofGoodsAndServicesSold": "3745000000", "operatingIncome": "2867000000", "sellingGeneralAndAdministrative": "0", "researchAndDevelopment": "0", "operatingExpenses": "1240000000", "investmentIncomeNet": "None", "netInterestIncome": "None", "interestIncome": "None", "interestExpense": "843000000", "nonInterestIncome": "None", "otherNonOperatingIncome": "None", "depreciation": "None", "depreciationAndAmortization": "988000000", "incomeBeforeTax": "2129000000", "incomeTaxExpense": "692000000", "interestAndDebtExpense": "None", "netIncomeFromContinuingOperations": "1437000000", "comprehensiveIncomeNetOfTax": "None", "ebit": "2972000000", "ebitda": "3960000000", "netIncome": "1737000000"}, {"fiscalDateEnding": "2013-12-31", "reportedCurrency": "USD", "grossProfit": "3702000000", "totalRevenue": "7263000000", "costOfRevenue": "3561000000", "costofGoodsAndServicesSold": "3561000000", "operatingIncome": "2561000000", "sellingGeneralAndAdministrative": "0", "researchAndDevelopment": "0", "operatingExpenses": "1141000000", "investmentIncomeNet": "None", "netInterestIncome": "None", "interestIncome": "None", "interestExpense": "778000000", "nonInterestIncome": "None", "otherNonOperatingIncome": "-23000000", "depreciation": "None", "depreciationAndAmortization": "909000000", "incomeBeforeTax": "1728000000", "incomeTaxExpense": "360000000", "interestAndDebtExpense": "None", "netIncomeFromContinuingOperations": "1129000000", "comprehensiveIncomeNetOfTax": "None", "ebit": "2506000000", "ebitda": "3415000000", "netIncome": "1130000000"}, {"fiscalDateEnding": "2012-12-31", "reportedCurrency": "USD", "grossProfit": "4465000000", "totalRevenue": "12132000000", "costOfRevenue": "7667000000", "costofGoodsAndServicesSold": "7667000000", "operatingIncome": "3026000000", "sellingGeneralAndAdministrative": "0", "researchAndDevelopment": "0", "operatingExpenses": "1439000000", "investmentIncomeNet": "None", "netInterestIncome": "None", "interestIncome": "None", "interestExpense": "951000000", "nonInterestIncome": "None", "otherNonOperatingIncome": "None", "depreciation": "None", "depreciationAndAmortization": "1286000000", "incomeBeforeTax": "2009000000", "incomeTaxExpense": "518000000", "interestAndDebtExpense": "None", "netIncomeFromContinuingOperations": "None", "comprehensiveIncomeNetOfTax": "None", "ebit": "2960000000", "ebitda": "4246000000", "netIncome": "1526000000"}, {"fiscalDateEnding": "2011-12-31", "reportedCurrency": "USD", "grossProfit": "4387000000", "totalRevenue": "12737000000", "costOfRevenue": "8350000000", "costofGoodsAndServicesSold": "8350000000", "operatingIncome": "3101000000", "sellingGeneralAndAdministrative": "0", "researchAndDevelopment": "0", "operatingExpenses": "1286000000", "investmentIncomeNet": "None", "netInterestIncome": "None", "interestIncome": "None", "interestExpense": "898000000", "nonInterestIncome": "None", "otherNonOperatingIncome": "None", "depreciation": "None", "depreciationAndAmortization": "1215000000", "incomeBeforeTax": "2201000000", "incomeTaxExpense": "691000000", "interestAndDebtExpense": "None", "netIncomeFromContinuingOperations": "None", "comprehensiveIncomeNetOfTax": "None", "ebit": "3099000000", "ebitda": "4314000000", "netIncome": "1495000000"}, {"fiscalDateEnding": "2010-12-31", "reportedCurrency": "USD", "grossProfit": "2660000000", "totalRevenue": "8521000000", "costOfRevenue": "5861000000", "costofGoodsAndServicesSold": "5861000000", "operatingIncome": "1866000000", "sellingGeneralAndAdministrative": "0", "researchAndDevelopment": "0", "operatingExpenses": "794000000", "investmentIncomeNet": "None", "netInterestIncome": "None", "interestIncome": "None", "interestExpense": "593000000", "nonInterestIncome": "None", "otherNonOperatingIncome": "None", "depreciation": "None", "depreciationAndAmortization": "780000000", "incomeBeforeTax": "1239000000", "incomeTaxExpense": "263000000", "interestAndDebtExpense": "None", "netIncomeFromContinuingOperations": "None", "comprehensiveIncomeNetOfTax": "None", "ebit": "1832000000", "ebitda": "2612000000", "netIncome": "938000000"}, {"fiscalDateEnding": "2009-12-31", "reportedCurrency": "USD", "grossProfit": "3749000000", "totalRevenue": "7449000000", "costOfRevenue": "3700000000", "costofGoodsAndServicesSold": "3700000000", "operatingIncome": "896000000", "sellingGeneralAndAdministrative": "0", "researchAndDevelopment": "0", "operatingExpenses": "2853000000", "investmentIncomeNet": "None", "netInterestIncome": "None", "interestIncome": "None", "interestExpense": "387000000", "nonInterestIncome": "None", "otherNonOperatingIncome": "None", "depreciation": "None", "depreciationAndAmortization": "860000000", "incomeBeforeTax": "538000000", "incomeTaxExpense": "105000000", "interestAndDebtExpense": "None", "netIncomeFromContinuingOperations": "None", "comprehensiveIncomeNetOfTax": "None", "ebit": "925000000", "ebitda": "1785000000", "netIncome": "407000000"}, {"fiscalDateEnding": "2008-12-31", "reportedCurrency": "USD", "grossProfit": "3020000000", "totalRevenue": "8007000000", "costOfRevenue": "4987000000", "costofGoodsAndServicesSold": "4987000000", "operatingIncome": "1793000000", "sellingGeneralAndAdministrative": "None", "researchAndDevelopment": "None", "operatingExpenses": "1227000000", "investmentIncomeNet": "None", "netInterestIncome": "None", "interestIncome": "None", "interestExpense": "455000000", "nonInterestIncome": "None", "otherNonOperatingIncome": "None", "depreciation": "None", "depreciationAndAmortization": "461000000", "incomeBeforeTax": "1357000000", "incomeTaxExpense": "430000000", "interestAndDebtExpense": "None", "netIncomeFromContinuingOperations": "None", "comprehensiveIncomeNetOfTax": "None", "ebit": "1812000000", "ebitda": "2273000000", "netIncome": "930000000"}, {"fiscalDateEnding": "2007-12-31", "reportedCurrency": "USD", "grossProfit": "4872000000", "totalRevenue": "6498000000", "costOfRevenue": "1626000000", "costofGoodsAndServicesSold": "1626000000", "operatingIncome": "1683000000", "sellingGeneralAndAdministrative": "None", "researchAndDevelopment": "None", "operatingExpenses": "3189000000", "investmentIncomeNet": "None", "netInterestIncome": "None", "interestIncome": "None", "interestExpense": "474000000", "nonInterestIncome": "None", "otherNonOperatingIncome": "None", "depreciation": "None", "depreciationAndAmortization": "891000000", "incomeBeforeTax": "1301000000", "incomeTaxExpense": "270000000", "interestAndDebtExpense": "None", "netIncomeFromContinuingOperations": "None", "comprehensiveIncomeNetOfTax": "None", "ebit": "1683000000", "ebitda": "2574000000", "netIncome": "1306000000"}, {"fiscalDateEnding": "2006-12-31", "reportedCurrency": "USD", "grossProfit": "5368000000", "totalRevenue": "6131000000", "costOfRevenue": "763000000", "costofGoodsAndServicesSold": "763000000", "operatingIncome": "1509000000", "sellingGeneralAndAdministrative": "None", "researchAndDevelopment": "None", "operatingExpenses": "3859000000", "investmentIncomeNet": "None", "netInterestIncome": "None", "interestIncome": "None", "interestExpense": "482000000", "nonInterestIncome": "None", "otherNonOperatingIncome": "None", "depreciation": "None", "depreciationAndAmortization": "755000000", "incomeBeforeTax": "1121000000", "incomeTaxExpense": "268000000", "interestAndDebtExpense": "None", "netIncomeFromContinuingOperations": "None", "comprehensiveIncomeNetOfTax": "None", "ebit": "1509000000", "ebitda": "2264000000", "netIncome": "827000000"}, {"fiscalDateEnding": "2005-12-31", "reportedCurrency": "USD", "grossProfit": "4743000000", "totalRevenue": "5539000000", "costOfRevenue": "796000000", "costofGoodsAndServicesSold": "796000000", "operatingIncome": "1273000000", "sellingGeneralAndAdministrative": "None", "researchAndDevelopment": "None", "operatingExpenses": "3470000000", "investmentIncomeNet": "None", "netInterestIncome": "None", "interestIncome": "None", "interestExpense": "508000000", "nonInterestIncome": "None", "otherNonOperatingIncome": "None", "depreciation": "None", "depreciationAndAmortization": "721000000", "incomeBeforeTax": "821000000", "incomeTaxExpense": "128000000", "interestAndDebtExpense": "None", "netIncomeFromContinuingOperations": "None", "comprehensiveIncomeNetOfTax": "None", "ebit": "1273000000", "ebitda": "1994000000", "netIncome": "678000000"}], "quarterlyReports": [{"fiscalDateEnding": "2025-09-30", "reportedCurrency": "USD", "grossProfit": "1000000000", "totalRevenue": "2239000000", "costOfRevenue": "1239000000", "costofGoodsAndServicesSold": "1239000000", "operatingIncome": "569000000", "sellingGeneralAndAdministrative": "None", "researchAndDevelopment": "None", "operatingExpenses": "431000000", "investmentIncomeNet": "None", "netInterestIncome": "-204000000", "interestIncome": "6000000", "interestExpense": "210000000", "nonInterestIncome": "None", "otherNonOperatingIncome": "None", "depreciation": "None", "depreciationAndAmortization": "341000000", "incomeBeforeTax": "398000000", "incomeTaxExpense": "80000000", "interestAndDebtExpense": "None", "netIncomeFromContinuingOperations": "318000000", "comprehensiveIncomeNetOfTax": "None", "ebit": "608000000", "ebitda": "949000000", "netIncome": "318000000"}, {"fiscalDateEnding": "2025-06-30", "reportedCurrency": "USD", "grossProfit": "831000000", "totalRevenue": "2025000000", "costOfRevenue": "1194000000", "costofGoodsAndServicesSold": "1194000000", "operatingIncome": "406000000", "sellingGeneralAndAdministrative": "None", "researchAndDevelopment": "None", "operatingExpenses": "425000000", "investmentIncomeNet": "None", "netInterestIncome": "-197000000", "interestIncome": "2000000", "interestExpense": "199000000", "nonInterestIncome": "None", "otherNonOperatingIncome": "None", "depreciation": "None", "depreciationAndAmortization": "353000000", "incomeBeforeTax": "230000000", "incomeTaxExpense": "47000000", "interestAndDebtExpense": "None", "netIncomeFromContinuingOperations": "183000000", "comprehensiveIncomeNetOfTax": "None", "ebit": "429000000", "ebitda": "782000000", "netIncome": "183000000"}, {"fiscalDateEnding": "2025-03-31", "reportedCurrency": "USD", "grossProfit": "1113000000", "totalRevenue": "2504000000", "costOfRevenue": "1391000000", "costofGoodsAndServicesSold": "1391000000", "operatingIncome": "678000000", "sellingGeneralAndAdministrative": "None", "researchAndDevelopment": "None", "operatingExpenses": "435000000", "investmentIncomeNet": "None", "netInterestIncome": "-185000000", "interestIncome": "5000000", "interestExpense": "190000000", "nonInterestIncome": "None", "otherNonOperatingIncome": "None", "depreciation": "None", "depreciationAndAmortization": "342000000", "incomeBeforeTax": "516000000", "incomeTaxExpense": "102000000", "interestAndDebtExpense": "None", "netIncomeFromContinuingOperations": "414000000", "comprehensiveIncomeNetOfTax": "None", "ebit": "706000000", "ebitda": "1048000000", "netIncome": "414000000"}, {"fiscalDateEnding": "2024-12-31", "reportedCurrency": "USD", "grossProfit": "802000000", "totalRevenue": "2211000000", "costOfRevenue": "1409000000", "costofGoodsAndServicesSold": "1409000000", "operatingIncome": "377000000", "sellingGeneralAndAdministrative": "23000000", "researchAndDevelopment": "None", "operatingExpenses": "425000000", "investmentIncomeNet": "None", "netInterestIncome": "-181000000", "interestIncome": "8000000", "interestExpense": "189000000", "nonInterestIncome": "None", "otherNonOperatingIncome": "None", "depreciation": "None", "depreciationAndAmortization": "339000000", "incomeBeforeTax": "216000000", "incomeTaxExpense": "39000000", "interestAndDebtExpense": "None", "netIncomeFromContinuingOperations": "177000000", "comprehensiveIncomeNetOfTax": "None", "ebit": "405000000", "ebitda": "744000000", "netIncome": "177000000"}, {"fiscalDateEnding": "2024-09-30", "reportedCurrency": "USD", "grossProfit": "840000000", "totalRevenue": "2066000000", "costOfRevenue": "1226000000", "costofGoodsAndServicesSold": "1226000000", "operatingIncome": "428000000", "sellingGeneralAndAdministrative": "None", "researchAndDevelopment": "None", "operatingExpenses": "412000000", "investmentIncomeNet": "None", "netInterestIncome": "-178000000", "interestIncome": "10000000", "interestExpense": "188000000", "nonInterestIncome": "None", "otherNonOperatingIncome": "None", "depreciation": "None", "depreciationAndAmortization": "336000000", "incomeBeforeTax": "272000000", "incomeTaxExpense": "58000000", "interestAndDebtExpense": "None", "netIncomeFromContinuingOperations": "214000000", "comprehensiveIncomeNetOfTax": "None", "ebit": "460000000", "ebitda": "796000000", "netIncome": "214000000"}, {"fiscalDateEnding": "2024-06-30", "reportedCurrency": "USD", "grossProfit": "802000000", "totalRevenue": "1881000000", "costOfRevenue": "1079000000", "costofGoodsAndServicesSold": "1079000000", "operatingIncome": "390000000", "sellingGeneralAndAdministrative": "15000000", "researchAndDevelopment": "None", "operatingExpenses": "412000000", "investmentIncomeNet": "None", "netInterestIncome": "-176000000", "interestIncome": "6000000", "interestExpense": "182000000", "nonInterestIncome": "None", "otherNonOperatingIncome": "None", "depreciation": "None", "depreciationAndAmortization": "342000000", "incomeBeforeTax": "240000000", "incomeTaxExpense": "50000000", "interestAndDebtExpense": "None", "netIncomeFromContinuingOperations": "190000000", "comprehensiveIncomeNetOfTax": "None", "ebit": "422000000", "ebitda": "764000000", "netIncome": "190000000"}, {"fiscalDateEnding": "2024-03-31", "reportedCurrency": "USD", "grossProfit": "949000000", "totalRevenue": "2304000000", "costOfRevenue": "1355000000", "costofGoodsAndServicesSold": "1355000000", "operatingIncome": "545000000", "sellingGeneralAndAdministrative": "8000000", "researchAndDevelopment": "None", "operatingExpenses": "404000000", "investmentIncomeNet": "None", "netInterestIncome": "-170000000", "interestIncome": "9000000", "interestExpense": "179000000", "nonInterestIncome": "None", "otherNonOperatingIncome": "None", "depreciation": "None", "depreciationAndAmortization": "340000000", "incomeBeforeTax": "388000000", "incomeTaxExpense": "81000000", "interestAndDebtExpense": "None", "netIncomeFromContinuingOperations": "307000000", "comprehensiveIncomeNetOfTax": "None", "ebit": "567000000", "ebitda": "907000000", "netIncome": "307000000"}, {"fiscalDateEnding": "2023-12-31", "reportedCurrency": "USD", "grossProfit": "797000000", "totalRevenue": "2031000000", "costOfRevenue": "1234000000", "costofGoodsAndServicesSold": "1234000000", "operatingIncome": "390000000", "sellingGeneralAndAdministrative": "10000000", "researchAndDevelopment": "None", "operatingExpenses": "407000000", "investmentIncomeNet": "None", "netInterestIncome": "-162000000", "interestIncome": "10000000", "interestExpense": "172000000", "nonInterestIncome": "None", "otherNonOperatingIncome": "None", "depreciation": "None", "depreciationAndAmortization": "334000000", "incomeBeforeTax": "127000000", "incomeTaxExpense": "14000000", "interestAndDebtExpense": "None", "netIncomeFromContinuingOperations": "113000000", "comprehensiveIncomeNetOfTax": "None", "ebit": "299000000", "ebitda": "633000000", "netIncome": "113000000"}, {"fiscalDateEnding": "2023-09-30", "reportedCurrency": "USD", "grossProfit": "851000000", "totalRevenue": "2043000000", "costOfRevenue": "1192000000", "costofGoodsAndServicesSold": "1192000000", "operatingIncome": "437000000", "sellingGeneralAndAdministrative": "13000000", "researchAndDevelopment": "None", "operatingExpenses": "414000000", "investmentIncomeNet": "None", "netInterestIncome": "-165000000", "interestIncome": "165000000", "interestExpense": "165000000", "nonInterestIncome": "None", "otherNonOperatingIncome": "None", "depreciation": "None", "depreciationAndAmortization": "336000000", "incomeBeforeTax": "288000000", "incomeTaxExpense": "58000000", "interestAndDebtExpense": "None", "netIncomeFromContinuingOperations": "230000000", "comprehensiveIncomeNetOfTax": "None", "ebit": "453000000", "ebitda": "789000000", "netIncome": "230000000"}, {"fiscalDateEnding": "2023-06-30", "reportedCurrency": "USD", "grossProfit": "707000000", "totalRevenue": "1823000000", "costOfRevenue": "1116000000", "costofGoodsAndServicesSold": "1116000000", "operatingIncome": "305000000", "sellingGeneralAndAdministrative": "1000000", "researchAndDevelopment": "None", "operatingExpenses": "402000000", "investmentIncomeNet": "None", "netInterestIncome": "-165000000", "interestIncome": "8000000", "interestExpense": "165000000", "nonInterestIncome": "None", "otherNonOperatingIncome": "5000000", "depreciation": "None", "depreciationAndAmortization": "335000000", "incomeBeforeTax": "145000000", "incomeTaxExpense": "33000000", "interestAndDebtExpense": "None", "netIncomeFromContinuingOperations": "112000000", "comprehensiveIncomeNetOfTax": "None", "ebit": "310000000", "ebitda": "645000000", "netIncome": "112000000"}, {"fiscalDateEnding": "2023-03-31", "reportedCurrency": "USD", "grossProfit": "921000000", "totalRevenue": "2415000000", "costOfRevenue": "1494000000", "costofGoodsAndServicesSold": "1494000000", "operatingIncome": "498000000", "sellingGeneralAndAdministrative": "17000000", "researchAndDevelopment": "None", "operatingExpenses": "423000000", "investmentIncomeNet": "None", "netInterestIncome": "-164000000", "interestIncome": "10000000", "interestExpense": "164000000", "nonInterestIncome": "None", "otherNonOperatingIncome": "30000000", "depreciation": "None", "depreciationAndAmortization": "330000000", "incomeBeforeTax": "364000000", "incomeTaxExpense": "79000000", "interestAndDebtExpense": "None", "netIncomeFromContinuingOperations": "285000000", "comprehensiveIncomeNetOfTax": "None", "ebit": "528000000", "ebitda": "858000000", "netIncome": "285000000"}, {"fiscalDateEnding": "2022-12-31", "reportedCurrency": "USD", "grossProfit": "747000000", "totalRevenue": "2290000000", "costOfRevenue": "1543000000", "costofGoodsAndServicesSold": "1543000000", "operatingIncome": "336000000", "sellingGeneralAndAdministrative": "20000000", "researchAndDevelopment": "None", "operatingExpenses": "411000000", "investmentIncomeNet": "None", "netInterestIncome": "-146000000", "interestIncome": "146000000", "interestExpense": "146000000", "nonInterestIncome": "None", "otherNonOperatingIncome": "18000000", "depreciation": "None", "depreciationAndAmortization": "331000000", "incomeBeforeTax": "202000000", "incomeTaxExpense": "54000000", "interestAndDebtExpense": "None", "netIncomeFromContinuingOperations": "148000000", "comprehensiveIncomeNetOfTax": "None", "ebit": "352000000", "ebitda": "683000000", "netIncome": "190000000"}, {"fiscalDateEnding": "2022-09-30", "reportedCurrency": "USD", "grossProfit": "753000000", "totalRevenue": "2134000000", "costOfRevenue": "1381000000", "costofGoodsAndServicesSold": "1381000000", "operatingIncome": "341000000", "sellingGeneralAndAdministrative": "7000000", "researchAndDevelopment": "None", "operatingExpenses": "412000000", "investmentIncomeNet": "None", "netInterestIncome": "-136000000", "interestIncome": "136000000", "interestExpense": "136000000", "nonInterestIncome": "None", "otherNonOperatingIncome": "10000000", "depreciation": "None", "depreciationAndAmortization": "327000000", "incomeBeforeTax": "215000000", "incomeTaxExpense": "41000000", "interestAndDebtExpense": "None", "netIncomeFromContinuingOperations": "174000000", "comprehensiveIncomeNetOfTax": "None", "ebit": "351000000", "ebitda": "678000000", "netIncome": "174000000"}, {"fiscalDateEnding": "2022-06-30", "reportedCurrency": "USD", "grossProfit": "602000000", "totalRevenue": "1696000000", "costOfRevenue": "1094000000", "costofGoodsAndServicesSold": "1094000000", "operatingIncome": "243000000", "sellingGeneralAndAdministrative": "9000000", "researchAndDevelopment": "None", "operatingExpenses": "359000000", "investmentIncomeNet": "None", "netInterestIncome": "-119000000", "interestIncome": "119000000", "interestExpense": "119000000", "nonInterestIncome": "None", "otherNonOperatingIncome": "26000000", "depreciation": "None", "depreciationAndAmortization": "297000000", "incomeBeforeTax": "151000000", "incomeTaxExpense": "32000000", "interestAndDebtExpense": "None", "netIncomeFromContinuingOperations": "119000000", "comprehensiveIncomeNetOfTax": "None", "ebit": "270000000", "ebitda": "567000000", "netIncome": "119000000"}, {"fiscalDateEnding": "2022-03-31", "reportedCurrency": "USD", "grossProfit": "785000000", "totalRevenue": "1782000000", "costOfRevenue": "997000000", "costofGoodsAndServicesSold": "997000000", "operatingIncome": "454000000", "sellingGeneralAndAdministrative": "10000000", "researchAndDevelopment": "None", "operatingExpenses": "331000000", "investmentIncomeNet": "None", "netInterestIncome": "-107000000", "interestIncome": "107000000", "interestExpense": "108000000", "nonInterestIncome": "None", "otherNonOperatingIncome": "None", "depreciation": "None", "depreciationAndAmortization": "278000000", "incomeBeforeTax": "347000000", "incomeTaxExpense": "74000000", "interestAndDebtExpense": "None", "netIncomeFromContinuingOperations": "273000000", "comprehensiveIncomeNetOfTax": "None", "ebit": "455000000", "ebitda": "733000000", "netIncome": "273000000"}, {"fiscalDateEnding": "2021-12-31", "reportedCurrency": "USD", "grossProfit": "634000000", "totalRevenue": "1485000000", "costOfRevenue": "851000000", "costofGoodsAndServicesSold": "851000000", "operatingIncome": "308000000", "sellingGeneralAndAdministrative": "3000000", "researchAndDevelopment": "None", "operatingExpenses": "326000000", "investmentIncomeNet": "None", "netInterestIncome": "-106000000", "interestIncome": "106000000", "interestExpense": "108000000", "nonInterestIncome": "None", "otherNonOperatingIncome": "-10000000", "depreciation": "None", "depreciationAndAmortization": "281000000", "incomeBeforeTax": "190000000", "incomeTaxExpense": "48000000", "interestAndDebtExpense": "None", "netIncomeFromContinuingOperations": "142000000", "comprehensiveIncomeNetOfTax": "None", "ebit": "298000000", "ebitda": "579000000", "netIncome": "134000000"}, {"fiscalDateEnding": "2021-09-30", "reportedCurrency": "USD", "grossProfit": "757000000", "totalRevenue": "1512000000", "costOfRevenue": "755000000", "costofGoodsAndServicesSold": "755000000", "operatingIncome": "431000000", "sellingGeneralAndAdministrative": "6000000", "researchAndDevelopment": "None", "operatingExpenses": "326000000", "investmentIncomeNet": "None", "netInterestIncome": "-177000000", "interestIncome": "177000000", "interestExpense": "183000000", "nonInterestIncome": "None", "otherNonOperatingIncome": "12000000", "depreciation": "None", "depreciationAndAmortization": "274000000", "incomeBeforeTax": "260000000", "incomeTaxExpense": "51000000", "interestAndDebtExpense": "None", "netIncomeFromContinuingOperations": "209000000", "comprehensiveIncomeNetOfTax": "None", "ebit": "443000000", "ebitda": "717000000", "netIncome": "207000000"}, {"fiscalDateEnding": "2021-06-30", "reportedCurrency": "USD", "grossProfit": "588000000", "totalRevenue": "1288000000", "costOfRevenue": "700000000", "costofGoodsAndServicesSold": "700000000", "operatingIncome": "270000000", "sellingGeneralAndAdministrative": "8000000", "researchAndDevelopment": "None", "operatingExpenses": "318000000", "investmentIncomeNet": "None", "netInterestIncome": "-470000000", "interestIncome": "4000000", "interestExpense": "474000000", "nonInterestIncome": "None", "otherNonOperatingIncome": "13000000", "depreciation": "None", "depreciationAndAmortization": "298000000", "incomeBeforeTax": "-191000000", "incomeTaxExpense": "345000000", "interestAndDebtExpense": "None", "netIncomeFromContinuingOperations": "-536000000", "comprehensiveIncomeNetOfTax": "None", "ebit": "283000000", "ebitda": "581000000", "netIncome": "19000000"}, {"fiscalDateEnding": "2021-03-31", "reportedCurrency": "USD", "grossProfit": "734000000", "totalRevenue": "1498000000", "costOfRevenue": "764000000", "costofGoodsAndServicesSold": "764000000", "operatingIncome": "415000000", "sellingGeneralAndAdministrative": "4000000", "researchAndDevelopment": "None", "operatingExpenses": "319000000", "investmentIncomeNet": "None", "netInterestIncome": "-153000000", "interestIncome": "153000000", "interestExpense": "153000000", "nonInterestIncome": "None", "otherNonOperatingIncome": "None", "depreciation": "None", "depreciationAndAmortization": "278000000", "incomeBeforeTax": "262000000", "incomeTaxExpense": "59000000", "interestAndDebtExpense": "None", "netIncomeFromContinuingOperations": "203000000", "comprehensiveIncomeNetOfTax": "None", "ebit": "415000000", "ebitda": "693000000", "netIncome": "-1840000000"}, {"fiscalDateEnding": "2020-12-31", "reportedCurrency": "USD", "grossProfit": "1113000000", "totalRevenue": "1929000000", "costOfRevenue": "816000000", "costofGoodsAndServicesSold": "816000000", "operatingIncome": "704000000", "sellingGeneralAndAdministrative": "60000000", "researchAndDevelopment": "None", "operatingExpenses": "409000000", "investmentIncomeNet": "None", "netInterestIncome": "-244000000", "interestIncome": "7000000", "interestExpense": "251000000", "nonInterestIncome": "None", "otherNonOperatingIncome": "-84000000", "depreciation": "None", "depreciationAndAmortization": "353000000", "incomeBeforeTax": "369000000", "incomeTaxExpense": "79000000", "interestAndDebtExpense": "None", "netIncomeFromContinuingOperations": "290000000", "comprehensiveIncomeNetOfTax": "None", "ebit": "620000000", "ebitda": "973000000", "netIncome": "290000000"}, {"fiscalDateEnding": "2020-09-30", "reportedCurrency": "USD", "grossProfit": "741000000", "totalRevenue": "1400000000", "costOfRevenue": "659000000", "costofGoodsAndServicesSold": "659000000", "operatingIncome": "437000000", "sellingGeneralAndAdministrative": "1000000", "researchAndDevelopment": "None", "operatingExpenses": "304000000", "investmentIncomeNet": "None", "netInterestIncome": "-248000000", "interestIncome": "268000000", "interestExpense": "161000000", "nonInterestIncome": "None", "otherNonOperatingIncome": "52000000", "depreciation": "None", "depreciationAndAmortization": "275000000", "incomeBeforeTax": "282000000", "incomeTaxExpense": "165000000", "interestAndDebtExpense": "None", "netIncomeFromContinuingOperations": "281000000", "comprehensiveIncomeNetOfTax": "None", "ebit": "443000000", "ebitda": "718000000", "netIncome": "281000000"}, {"fiscalDateEnding": "2020-06-30", "reportedCurrency": "USD", "grossProfit": "639000000", "totalRevenue": "1263000000", "costOfRevenue": "624000000", "costofGoodsAndServicesSold": "624000000", "operatingIncome": "347000000", "sellingGeneralAndAdministrative": "2000000", "researchAndDevelopment": "None", "operatingExpenses": "292000000", "investmentIncomeNet": "None", "netInterestIncome": "-252000000", "interestIncome": "1000000", "interestExpense": "164000000", "nonInterestIncome": "None", "otherNonOperatingIncome": "76000000", "depreciation": "None", "depreciationAndAmortization": "268000000", "incomeBeforeTax": "193000000", "incomeTaxExpense": "40000000", "interestAndDebtExpense": "None", "netIncomeFromContinuingOperations": "344000000", "comprehensiveIncomeNetOfTax": "None", "ebit": "357000000", "ebitda": "625000000", "netIncome": "344000000"}, {"fiscalDateEnding": "2020-03-31", "reportedCurrency": "USD", "grossProfit": "721000000", "totalRevenue": "1440000000", "costOfRevenue": "719000000", "costofGoodsAndServicesSold": "719000000", "operatingIncome": "424000000", "sellingGeneralAndAdministrative": "1000000", "researchAndDevelopment": "None", "operatingExpenses": "297000000", "investmentIncomeNet": "None", "netInterestIncome": "-247000000", "interestIncome": "1000000", "interestExpense": "154000000", "nonInterestIncome": "None", "otherNonOperatingIncome": "125000000", "depreciation": "None", "depreciationAndAmortization": "259000000", "incomeBeforeTax": "265000000", "incomeTaxExpense": "61000000", "interestAndDebtExpense": "None", "netIncomeFromContinuingOperations": "554000000", "comprehensiveIncomeNetOfTax": "None", "ebit": "419000000", "ebitda": "678000000", "netIncome": "554000000"}, {"fiscalDateEnding": "2019-12-31", "reportedCurrency": "USD", "grossProfit": "1083000000", "totalRevenue": "1954000000", "costOfRevenue": "871000000", "costofGoodsAndServicesSold": "871000000", "operatingIncome": "693000000", "sellingGeneralAndAdministrative": "79000000", "researchAndDevelopment": "None", "operatingExpenses": "390000000", "investmentIncomeNet": "None", "netInterestIncome": "-244000000", "interestIncome": "4000000", "interestExpense": "248000000", "nonInterestIncome": "None", "otherNonOperatingIncome": "None", "depreciation": "None", "depreciationAndAmortization": "330000000", "incomeBeforeTax": "445000000", "incomeTaxExpense": "81000000", "interestAndDebtExpense": "None", "netIncomeFromContinuingOperations": "364000000", "comprehensiveIncomeNetOfTax": "None", "ebit": "693000000", "ebitda": "1023000000", "netIncome": "364000000"}, {"fiscalDateEnding": "2019-09-30", "reportedCurrency": "USD", "grossProfit": "1109000000", "totalRevenue": "1933000000", "costOfRevenue": "824000000", "costofGoodsAndServicesSold": "824000000", "operatingIncome": "726000000", "sellingGeneralAndAdministrative": "77000000", "researchAndDevelopment": "None", "operatingExpenses": "383000000", "investmentIncomeNet": "None", "netInterestIncome": "-256000000", "interestIncome": "3000000", "interestExpense": "259000000", "nonInterestIncome": "None", "otherNonOperatingIncome": "126000000", "depreciation": "None", "depreciationAndAmortization": "335000000", "incomeBeforeTax": "593000000", "incomeTaxExpense": "118000000", "interestAndDebtExpense": "None", "netIncomeFromContinuingOperations": "475000000", "comprehensiveIncomeNetOfTax": "None", "ebit": "852000000", "ebitda": "1187000000", "netIncome": "475000000"}, {"fiscalDateEnding": "2019-06-30", "reportedCurrency": "USD", "grossProfit": "1015000000", "totalRevenue": "1803000000", "costOfRevenue": "788000000", "costofGoodsAndServicesSold": "788000000", "operatingIncome": "640000000", "sellingGeneralAndAdministrative": "80000000", "researchAndDevelopment": "None", "operatingExpenses": "375000000", "investmentIncomeNet": "None", "netInterestIncome": "-243000000", "interestIncome": "3000000", "interestExpense": "246000000", "nonInterestIncome": "None", "otherNonOperatingIncome": "131000000", "depreciation": "None", "depreciationAndAmortization": "309000000", "incomeBeforeTax": "525000000", "incomeTaxExpense": "84000000", "interestAndDebtExpense": "None", "netIncomeFromContinuingOperations": "441000000", "comprehensiveIncomeNetOfTax": "None", "ebit": "771000000", "ebitda": "1080000000", "netIncome": "441000000"}, {"fiscalDateEnding": "2019-03-31", "reportedCurrency": "USD", "grossProfit": "1145000000", "totalRevenue": "2079000000", "costOfRevenue": "934000000", "costofGoodsAndServicesSold": "934000000", "operatingIncome": "781000000", "sellingGeneralAndAdministrative": "80000000", "researchAndDevelopment": "None", "operatingExpenses": "364000000", "investmentIncomeNet": "None", "netInterestIncome": "-235000000", "interestIncome": "274000000", "interestExpense": "241000000", "nonInterestIncome": "None", "otherNonOperatingIncome": "52000000", "depreciation": "None", "depreciationAndAmortization": "306000000", "incomeBeforeTax": "592000000", "incomeTaxExpense": "126000000", "interestAndDebtExpense": "None", "netIncomeFromContinuingOperations": "466000000", "comprehensiveIncomeNetOfTax": "None", "ebit": "833000000", "ebitda": "1139000000", "netIncome": "466000000"}, {"fiscalDateEnding": "2018-12-31", "reportedCurrency": "USD", "grossProfit": "1012000000", "totalRevenue": "1939000000", "costOfRevenue": "927000000", "costofGoodsAndServicesSold": "927000000", "operatingIncome": "657000000", "sellingGeneralAndAdministrative": "62000000", "researchAndDevelopment": "0", "operatingExpenses": "355000000", "investmentIncomeNet": "None", "netInterestIncome": "None", "interestIncome": "None", "interestExpense": "245000000", "nonInterestIncome": "None", "otherNonOperatingIncome": "99000000", "depreciation": "None", "depreciationAndAmortization": "299000000", "incomeBeforeTax": "511000000", "incomeTaxExpense": "96000000", "interestAndDebtExpense": "None", "netIncomeFromContinuingOperations": "415000000", "comprehensiveIncomeNetOfTax": "None", "ebit": "756000000", "ebitda": "1055000000", "netIncome": "415000000"}, {"fiscalDateEnding": "2018-09-30", "reportedCurrency": "USD", "grossProfit": "1038000000", "totalRevenue": "1872000000", "costOfRevenue": "834000000", "costofGoodsAndServicesSold": "834000000", "operatingIncome": "686000000", "sellingGeneralAndAdministrative": "61000000", "researchAndDevelopment": "0", "operatingExpenses": "352000000", "investmentIncomeNet": "None", "netInterestIncome": "None", "interestIncome": "None", "interestExpense": "244000000", "nonInterestIncome": "None", "otherNonOperatingIncome": "106000000", "depreciation": "None", "depreciationAndAmortization": "297000000", "incomeBeforeTax": "548000000", "incomeTaxExpense": "103000000", "interestAndDebtExpense": "None", "netIncomeFromContinuingOperations": "445000000", "comprehensiveIncomeNetOfTax": "None", "ebit": "792000000", "ebitda": "1089000000", "netIncome": "445000000"}, {"fiscalDateEnding": "2018-06-30", "reportedCurrency": "USD", "grossProfit": "1005000000", "totalRevenue": "1848000000", "costOfRevenue": "843000000", "costofGoodsAndServicesSold": "843000000", "operatingIncome": "658000000", "sellingGeneralAndAdministrative": "66000000", "researchAndDevelopment": "0", "operatingExpenses": "347000000", "investmentIncomeNet": "None", "netInterestIncome": "None", "interestIncome": "None", "interestExpense": "235000000", "nonInterestIncome": "None", "otherNonOperatingIncome": "234000000", "depreciation": "None", "depreciationAndAmortization": "286000000", "incomeBeforeTax": "657000000", "incomeTaxExpense": "142000000", "interestAndDebtExpense": "None", "netIncomeFromContinuingOperations": "515000000", "comprehensiveIncomeNetOfTax": "None", "ebit": "892000000", "ebitda": "1178000000", "netIncome": "515000000"}, {"fiscalDateEnding": "2018-03-31", "reportedCurrency": "USD", "grossProfit": "1203000000", "totalRevenue": "2126000000", "costOfRevenue": "923000000", "costofGoodsAndServicesSold": "923000000", "operatingIncome": "851000000", "sellingGeneralAndAdministrative": "68000000", "researchAndDevelopment": "0", "operatingExpenses": "352000000", "investmentIncomeNet": "None", "netInterestIncome": "None", "interestIncome": "None", "interestExpense": "239000000", "nonInterestIncome": "None", "otherNonOperatingIncome": "-43000000", "depreciation": "None", "depreciationAndAmortization": "290000000", "incomeBeforeTax": "569000000", "incomeTaxExpense": "117000000", "interestAndDebtExpense": "None", "netIncomeFromContinuingOperations": "452000000", "comprehensiveIncomeNetOfTax": "None", "ebit": "808000000", "ebitda": "1098000000", "netIncome": "452000000"}, {"fiscalDateEnding": "2017-12-31", "reportedCurrency": "USD", "grossProfit": "1134000000", "totalRevenue": "1926000000", "costOfRevenue": "792000000", "costofGoodsAndServicesSold": "792000000", "operatingIncome": "793000000", "sellingGeneralAndAdministrative": "167000000", "researchAndDevelopment": "0", "operatingExpenses": "341000000", "investmentIncomeNet": "None", "netInterestIncome": "None", "interestIncome": "None", "interestExpense": "232000000", "nonInterestIncome": "None", "otherNonOperatingIncome": "-20000000", "depreciation": "None", "depreciationAndAmortization": "288000000", "incomeBeforeTax": "541000000", "incomeTaxExpense": "463000000", "interestAndDebtExpense": "None", "netIncomeFromContinuingOperations": "78000000", "comprehensiveIncomeNetOfTax": "None", "ebit": "773000000", "ebitda": "1061000000", "netIncome": "78000000"}, {"fiscalDateEnding": "2017-09-30", "reportedCurrency": "USD", "grossProfit": "1062000000", "totalRevenue": "1845000000", "costOfRevenue": "783000000", "costofGoodsAndServicesSold": "783000000", "operatingIncome": "736000000", "sellingGeneralAndAdministrative": "41000000", "researchAndDevelopment": "0", "operatingExpenses": "326000000", "investmentIncomeNet": "None", "netInterestIncome": "None", "interestIncome": "None", "interestExpense": "230000000", "nonInterestIncome": "None", "otherNonOperatingIncome": "-76000000", "depreciation": "None", "depreciationAndAmortization": "284000000", "incomeBeforeTax": "471000000", "incomeTaxExpense": "116000000", "interestAndDebtExpense": "None", "netIncomeFromContinuingOperations": "355000000", "comprehensiveIncomeNetOfTax": "None", "ebit": "701000000", "ebitda": "985000000", "netIncome": "355000000"}, {"fiscalDateEnding": "2017-06-30", "reportedCurrency": "USD", "grossProfit": "974000000", "totalRevenue": "1725000000", "costOfRevenue": "751000000", "costofGoodsAndServicesSold": "751000000", "operatingIncome": "658000000", "sellingGeneralAndAdministrative": "44000000", "researchAndDevelopment": "0", "operatingExpenses": "316000000", "investmentIncomeNet": "None", "netInterestIncome": "None", "interestIncome": "None", "interestExpense": "222000000", "nonInterestIncome": "None", "otherNonOperatingIncome": "-112000000", "depreciation": "None", "depreciationAndAmortization": "268000000", "incomeBeforeTax": "368000000", "incomeTaxExpense": "76000000", "interestAndDebtExpense": "None", "netIncomeFromContinuingOperations": "292000000", "comprehensiveIncomeNetOfTax": "None", "ebit": "590000000", "ebitda": "858000000", "netIncome": "292000000"}, {"fiscalDateEnding": "2017-03-31", "reportedCurrency": "USD", "grossProfit": "1075000000", "totalRevenue": "1951000000", "costOfRevenue": "876000000", "costofGoodsAndServicesSold": "876000000", "operatingIncome": "758000000", "sellingGeneralAndAdministrative": "38000000", "researchAndDevelopment": "0", "operatingExpenses": "317000000", "investmentIncomeNet": "None", "netInterestIncome": "None", "interestIncome": "None", "interestExpense": "217000000", "nonInterestIncome": "None", "otherNonOperatingIncome": "-47000000", "depreciation": "None", "depreciationAndAmortization": "265000000", "incomeBeforeTax": "532000000", "incomeTaxExpense": "129000000", "interestAndDebtExpense": "None", "netIncomeFromContinuingOperations": "403000000", "comprehensiveIncomeNetOfTax": "None", "ebit": "749000000", "ebitda": "1014000000", "netIncome": "403000000"}, {"fiscalDateEnding": "2016-12-31", "reportedCurrency": "USD", "grossProfit": "1020000000", "totalRevenue": "1832000000", "costOfRevenue": "812000000", "costofGoodsAndServicesSold": "812000000", "operatingIncome": "714000000", "sellingGeneralAndAdministrative": "112000000", "researchAndDevelopment": "0", "operatingExpenses": "306000000", "investmentIncomeNet": "None", "netInterestIncome": "None", "interestIncome": "None", "interestExpense": "217000000", "nonInterestIncome": "None", "otherNonOperatingIncome": "106000000", "depreciation": "None", "depreciationAndAmortization": "260000000", "incomeBeforeTax": "603000000", "incomeTaxExpense": "138000000", "interestAndDebtExpense": "None", "netIncomeFromContinuingOperations": "465000000", "comprehensiveIncomeNetOfTax": "None", "ebit": "820000000", "ebitda": "1080000000", "netIncome": "465000000"}, {"fiscalDateEnding": "2016-09-30", "reportedCurrency": "USD", "grossProfit": "1094000000", "totalRevenue": "1889000000", "costOfRevenue": "795000000", "costofGoodsAndServicesSold": "795000000", "operatingIncome": "786000000", "sellingGeneralAndAdministrative": "0", "researchAndDevelopment": "0", "operatingExpenses": "308000000", "investmentIncomeNet": "None", "netInterestIncome": "None", "interestIncome": "None", "interestExpense": "223000000", "nonInterestIncome": "None", "otherNonOperatingIncome": "49000000", "depreciation": "None", "depreciationAndAmortization": "249000000", "incomeBeforeTax": "612000000", "incomeTaxExpense": "139000000", "interestAndDebtExpense": "None", "netIncomeFromContinuingOperations": "473000000", "comprehensiveIncomeNetOfTax": "None", "ebit": "835000000", "ebitda": "1084000000", "netIncome": "473000000"}, {"fiscalDateEnding": "2016-06-30", "reportedCurrency": "USD", "grossProfit": "1030000000", "totalRevenue": "1785000000", "costOfRevenue": "755000000", "costofGoodsAndServicesSold": "755000000", "operatingIncome": "725000000", "sellingGeneralAndAdministrative": "0", "researchAndDevelopment": "0", "operatingExpenses": "305000000", "investmentIncomeNet": "None", "netInterestIncome": "None", "interestIncome": "None", "interestExpense": "224000000", "nonInterestIncome": "None", "otherNonOperatingIncome": "174000000", "depreciation": "None", "depreciationAndAmortization": "250000000", "incomeBeforeTax": "675000000", "incomeTaxExpense": "192000000", "interestAndDebtExpense": "None", "netIncomeFromContinuingOperations": "483000000", "comprehensiveIncomeNetOfTax": "None", "ebit": "899000000", "ebitda": "1149000000", "netIncome": "483000000"}, {"fiscalDateEnding": "2016-03-31", "reportedCurrency": "USD", "grossProfit": "1131000000", "totalRevenue": "2011000000", "costOfRevenue": "880000000", "costofGoodsAndServicesSold": "880000000", "operatingIncome": "823000000", "sellingGeneralAndAdministrative": "0", "researchAndDevelopment": "0", "operatingExpenses": "308000000", "investmentIncomeNet": "None", "netInterestIncome": "None", "interestIncome": "None", "interestExpense": "224000000", "nonInterestIncome": "None", "otherNonOperatingIncome": "61000000", "depreciation": "None", "depreciationAndAmortization": "247000000", "incomeBeforeTax": "660000000", "incomeTaxExpense": "179000000", "interestAndDebtExpense": "None", "netIncomeFromContinuingOperations": "481000000", "comprehensiveIncomeNetOfTax": "None", "ebit": "884000000", "ebitda": "1131000000", "netIncome": "481000000"}, {"fiscalDateEnding": "2015-12-31", "reportedCurrency": "USD", "grossProfit": "900000000", "totalRevenue": "1780000000", "costOfRevenue": "880000000", "costofGoodsAndServicesSold": "880000000", "operatingIncome": "617000000", "sellingGeneralAndAdministrative": "112000000", "researchAndDevelopment": "0", "operatingExpenses": "283000000", "investmentIncomeNet": "None", "netInterestIncome": "None", "interestIncome": "None", "interestExpense": "226000000", "nonInterestIncome": "None", "otherNonOperatingIncome": "None", "depreciation": "None", "depreciationAndAmortization": "238000000", "incomeBeforeTax": "438000000", "incomeTaxExpense": "33000000", "interestAndDebtExpense": "None", "netIncomeFromContinuingOperations": "1603000000", "comprehensiveIncomeNetOfTax": "None", "ebit": "664000000", "ebitda": "902000000", "netIncome": "399000000"}, {"fiscalDateEnding": "2015-09-30", "reportedCurrency": "USD", "grossProfit": "991000000", "totalRevenue": "1878000000", "costOfRevenue": "887000000", "costofGoodsAndServicesSold": "887000000", "operatingIncome": "686000000", "sellingGeneralAndAdministrative": "0", "researchAndDevelopment": "0", "operatingExpenses": "305000000", "investmentIncomeNet": "None", "netInterestIncome": "None", "interestIncome": "None", "interestExpense": "221000000", "nonInterestIncome": "None", "otherNonOperatingIncome": "75000000", "depreciation": "None", "depreciationAndAmortization": "245000000", "incomeBeforeTax": "540000000", "incomeTaxExpense": "144000000", "interestAndDebtExpense": "None", "netIncomeFromContinuingOperations": "396000000", "comprehensiveIncomeNetOfTax": "None", "ebit": "761000000", "ebitda": "1006000000", "netIncome": "393000000"}, {"fiscalDateEnding": "2015-06-30", "reportedCurrency": "USD", "grossProfit": "930000000", "totalRevenue": "1781000000", "costOfRevenue": "851000000", "costofGoodsAndServicesSold": "851000000", "operatingIncome": "638000000", "sellingGeneralAndAdministrative": "0", "researchAndDevelopment": "0", "operatingExpenses": "292000000", "investmentIncomeNet": "None", "netInterestIncome": "None", "interestIncome": "None", "interestExpense": "215000000", "nonInterestIncome": "None", "otherNonOperatingIncome": "-102000000", "depreciation": "None", "depreciationAndAmortization": "232000000", "incomeBeforeTax": "321000000", "incomeTaxExpense": "71000000", "interestAndDebtExpense": "None", "netIncomeFromContinuingOperations": "250000000", "comprehensiveIncomeNetOfTax": "None", "ebit": "536000000", "ebitda": "768000000", "netIncome": "-757000000"}, {"fiscalDateEnding": "2015-03-31", "reportedCurrency": "USD", "grossProfit": "1192000000", "totalRevenue": "2230000000", "costOfRevenue": "1038000000", "costofGoodsAndServicesSold": "1038000000", "operatingIncome": "890000000", "sellingGeneralAndAdministrative": "0", "researchAndDevelopment": "0", "operatingExpenses": "302000000", "investmentIncomeNet": "None", "netInterestIncome": "None", "interestIncome": "None", "interestExpense": "209000000", "nonInterestIncome": "None", "otherNonOperatingIncome": "95000000", "depreciation": "None", "depreciationAndAmortization": "227000000", "incomeBeforeTax": "769000000", "incomeTaxExpense": "217000000", "interestAndDebtExpense": "None", "netIncomeFromContinuingOperations": "647000000", "comprehensiveIncomeNetOfTax": "None", "ebit": "978000000", "ebitda": "1205000000", "netIncome": "647000000"}, {"fiscalDateEnding": "2014-12-31", "reportedCurrency": "USD", "grossProfit": "1381000000", "totalRevenue": "4023000000", "costOfRevenue": "2642000000", "costofGoodsAndServicesSold": "2642000000", "operatingIncome": "983000000", "sellingGeneralAndAdministrative": "0", "researchAndDevelopment": "0", "operatingExpenses": "398000000", "investmentIncomeNet": "None", "netInterestIncome": "None", "interestIncome": "None", "interestExpense": "249000000", "nonInterestIncome": "None", "otherNonOperatingIncome": "None", "depreciation": "None", "depreciationAndAmortization": "367000000", "incomeBeforeTax": "812000000", "incomeTaxExpense": "261000000", "interestAndDebtExpense": "None", "netIncomeFromContinuingOperations": "1437000000", "comprehensiveIncomeNetOfTax": "None", "ebit": "1061000000", "ebitda": "1428000000", "netIncome": "695000000"}, {"fiscalDateEnding": "2014-09-30", "reportedCurrency": "USD", "grossProfit": "999000000", "totalRevenue": "1879000000", "costOfRevenue": "880000000", "costofGoodsAndServicesSold": "880000000", "operatingIncome": "688000000", "sellingGeneralAndAdministrative": "0", "researchAndDevelopment": "0", "operatingExpenses": "311000000", "investmentIncomeNet": "None", "netInterestIncome": "None", "interestIncome": "None", "interestExpense": "213000000", "nonInterestIncome": "None", "otherNonOperatingIncome": "144000000", "depreciation": "None", "depreciationAndAmortization": "249000000", "incomeBeforeTax": "611000000", "incomeTaxExpense": "201000000", "interestAndDebtExpense": "None", "netIncomeFromContinuingOperations": "490000000", "comprehensiveIncomeNetOfTax": "None", "ebit": "824000000", "ebitda": "1073000000", "netIncome": "497000000"}, {"fiscalDateEnding": "2014-06-30", "reportedCurrency": "USD", "grossProfit": "985000000", "totalRevenue": "1849000000", "costOfRevenue": "864000000", "costofGoodsAndServicesSold": "864000000", "operatingIncome": "678000000", "sellingGeneralAndAdministrative": "0", "researchAndDevelopment": "0", "operatingExpenses": "307000000", "investmentIncomeNet": "None", "netInterestIncome": "None", "interestIncome": "None", "interestExpense": "208000000", "nonInterestIncome": "None", "otherNonOperatingIncome": "-82000000", "depreciation": "None", "depreciationAndAmortization": "125000000", "incomeBeforeTax": "396000000", "incomeTaxExpense": "166000000", "interestAndDebtExpense": "None", "netIncomeFromContinuingOperations": "229000000", "comprehensiveIncomeNetOfTax": "None", "ebit": "709000000", "ebitda": "834000000", "netIncome": "229000000"}, {"fiscalDateEnding": "2014-03-31", "reportedCurrency": "USD", "grossProfit": "1124000000", "totalRevenue": "1194000000", "costOfRevenue": "70000000", "costofGoodsAndServicesSold": "70000000", "operatingIncome": "723000000", "sellingGeneralAndAdministrative": "0", "researchAndDevelopment": "0", "operatingExpenses": "401000000", "investmentIncomeNet": "None", "netInterestIncome": "None", "interestIncome": "None", "interestExpense": "262000000", "nonInterestIncome": "None", "otherNonOperatingIncome": "-23000000", "depreciation": "None", "depreciationAndAmortization": "365000000", "incomeBeforeTax": "438000000", "incomeTaxExpense": "114000000", "interestAndDebtExpense": "None", "netIncomeFromContinuingOperations": "316000000", "comprehensiveIncomeNetOfTax": "None", "ebit": "700000000", "ebitda": "1065000000", "netIncome": "316000000"}, {"fiscalDateEnding": "2013-12-31", "reportedCurrency": "USD", "grossProfit": "1122000000", "totalRevenue": "2848000000", "costOfRevenue": "1726000000", "costofGoodsAndServicesSold": "1726000000", "operatingIncome": "31000000", "sellingGeneralAndAdministrative": "0", "researchAndDevelopment": "0", "operatingExpenses": "1091000000", "investmentIncomeNet": "None", "netInterestIncome": "None", "interestIncome": "None", "interestExpense": "251000000", "nonInterestIncome": "None", "otherNonOperatingIncome": "None", "depreciation": "None", "depreciationAndAmortization": "360000000", "incomeBeforeTax": "-262000000", "incomeTaxExpense": "-164000000", "interestAndDebtExpense": "None", "netIncomeFromContinuingOperations": "0", "comprehensiveIncomeNetOfTax": "None", "ebit": "-11000000", "ebitda": "349000000", "netIncome": "-98000000"}, {"fiscalDateEnding": "2013-09-30", "reportedCurrency": "USD", "grossProfit": "1216000000", "totalRevenue": "3074000000", "costOfRevenue": "1858000000", "costofGoodsAndServicesSold": "1858000000", "operatingIncome": "846000000", "sellingGeneralAndAdministrative": "0", "researchAndDevelopment": "0", "operatingExpenses": "370000000", "investmentIncomeNet": "None", "netInterestIncome": "None", "interestIncome": "None", "interestExpense": "244000000", "nonInterestIncome": "None", "otherNonOperatingIncome": "-116000000", "depreciation": "None", "depreciationAndAmortization": "340000000", "incomeBeforeTax": "485000000", "incomeTaxExpense": "81000000", "interestAndDebtExpense": "None", "netIncomeFromContinuingOperations": "410000000", "comprehensiveIncomeNetOfTax": "None", "ebit": "729000000", "ebitda": "1069000000", "netIncome": "410000000"}, {"fiscalDateEnding": "2013-06-30", "reportedCurrency": "USD", "grossProfit": "1130000000", "totalRevenue": "3450000000", "costOfRevenue": "2320000000", "costofGoodsAndServicesSold": "2320000000", "operatingIncome": "758000000", "sellingGeneralAndAdministrative": "0", "researchAndDevelopment": "0", "operatingExpenses": "372000000", "investmentIncomeNet": "None", "netInterestIncome": "None", "interestIncome": "None", "interestExpense": "258000000", "nonInterestIncome": "None", "otherNonOperatingIncome": "13000000", "depreciation": "None", "depreciationAndAmortization": "335000000", "incomeBeforeTax": "513000000", "incomeTaxExpense": "109000000", "interestAndDebtExpense": "None", "netIncomeFromContinuingOperations": "404000000", "comprehensiveIncomeNetOfTax": "None", "ebit": "771000000", "ebitda": "1106000000", "netIncome": "405000000"}, {"fiscalDateEnding": "2013-03-31", "reportedCurrency": "USD", "grossProfit": "1073000000", "totalRevenue": "2457000000", "costOfRevenue": "1384000000", "costofGoodsAndServicesSold": "1384000000", "operatingIncome": "693000000", "sellingGeneralAndAdministrative": "0", "researchAndDevelopment": "0", "operatingExpenses": "380000000", "investmentIncomeNet": "None", "netInterestIncome": "None", "interestIncome": "None", "interestExpense": "251000000", "nonInterestIncome": "None", "otherNonOperatingIncome": "None", "depreciation": "None", "depreciationAndAmortization": "348000000", "incomeBeforeTax": "564000000", "incomeTaxExpense": "151000000", "interestAndDebtExpense": "None", "netIncomeFromContinuingOperations": "0", "comprehensiveIncomeNetOfTax": "None", "ebit": "815000000", "ebitda": "1163000000", "netIncome": "413000000"}, {"fiscalDateEnding": "2012-12-31", "reportedCurrency": "USD", "grossProfit": "-1251000000", "totalRevenue": "3222000000", "costOfRevenue": "4473000000", "costofGoodsAndServicesSold": "4473000000", "operatingIncome": "822000000", "sellingGeneralAndAdministrative": "0", "researchAndDevelopment": "0", "operatingExpenses": "-2073000000", "investmentIncomeNet": "None", "netInterestIncome": "None", "interestIncome": "None", "interestExpense": "247000000", "nonInterestIncome": "None", "otherNonOperatingIncome": "None", "depreciation": "None", "depreciationAndAmortization": "329000000", "incomeBeforeTax": "541000000", "incomeTaxExpense": "181000000", "interestAndDebtExpense": "None", "netIncomeFromContinuingOperations": "0", "comprehensiveIncomeNetOfTax": "None", "ebit": "788000000", "ebitda": "1117000000", "netIncome": "359000000"}, {"fiscalDateEnding": "2012-09-30", "reportedCurrency": "USD", "grossProfit": "1032000000", "totalRevenue": "2403000000", "costOfRevenue": "1371000000", "costofGoodsAndServicesSold": "1371000000", "operatingIncome": "664000000", "sellingGeneralAndAdministrative": "0", "researchAndDevelopment": "0", "operatingExpenses": "368000000", "investmentIncomeNet": "None", "netInterestIncome": "None", "interestIncome": "None", "interestExpense": "248000000", "nonInterestIncome": "None", "otherNonOperatingIncome": "None", "depreciation": "None", "depreciationAndAmortization": "334000000", "incomeBeforeTax": "372000000", "incomeTaxExpense": "17000000", "interestAndDebtExpense": "None", "netIncomeFromContinuingOperations": "0", "comprehensiveIncomeNetOfTax": "None", "ebit": "620000000", "ebitda": "954000000", "netIncome": "355000000"}, {"fiscalDateEnding": "2012-06-30", "reportedCurrency": "USD", "grossProfit": "930000000", "totalRevenue": "2549000000", "costOfRevenue": "1619000000", "costofGoodsAndServicesSold": "1619000000", "operatingIncome": "572000000", "sellingGeneralAndAdministrative": "0", "researchAndDevelopment": "0", "operatingExpenses": "358000000", "investmentIncomeNet": "None", "netInterestIncome": "None", "interestIncome": "None", "interestExpense": "236000000", "nonInterestIncome": "None", "otherNonOperatingIncome": "None", "depreciation": "None", "depreciationAndAmortization": "304000000", "incomeBeforeTax": "365000000", "incomeTaxExpense": "88000000", "interestAndDebtExpense": "None", "netIncomeFromContinuingOperations": "0", "comprehensiveIncomeNetOfTax": "None", "ebit": "601000000", "ebitda": "905000000", "netIncome": "271000000"}, {"fiscalDateEnding": "2012-03-31", "reportedCurrency": "USD", "grossProfit": "1406000000", "totalRevenue": "4112000000", "costOfRevenue": "2706000000", "costofGoodsAndServicesSold": "2706000000", "operatingIncome": "1051000000", "sellingGeneralAndAdministrative": "0", "researchAndDevelopment": "0", "operatingExpenses": "355000000", "investmentIncomeNet": "None", "netInterestIncome": "None", "interestIncome": "None", "interestExpense": "230000000", "nonInterestIncome": "None", "otherNonOperatingIncome": "None", "depreciation": "None", "depreciationAndAmortization": "319000000", "incomeBeforeTax": "804000000", "incomeTaxExpense": "259000000", "interestAndDebtExpense": "None", "netIncomeFromContinuingOperations": "0", "comprehensiveIncomeNetOfTax": "None", "ebit": "1034000000", "ebitda": "1353000000", "netIncome": "541000000"}, {"fiscalDateEnding": "2011-12-31", "reportedCurrency": "USD", "grossProfit": "2027000000", "totalRevenue": "4218000000", "costOfRevenue": "2191000000", "costofGoodsAndServicesSold": "2191000000", "operatingIncome": "934000000", "sellingGeneralAndAdministrative": "0", "researchAndDevelopment": "0", "operatingExpenses": "1093000000", "investmentIncomeNet": "None", "netInterestIncome": "None", "interestIncome": "None", "interestExpense": "220000000", "nonInterestIncome": "None", "otherNonOperatingIncome": "None", "depreciation": "None", "depreciationAndAmortization": "338000000", "incomeBeforeTax": "720000000", "incomeTaxExpense": "262000000", "interestAndDebtExpense": "None", "netIncomeFromContinuingOperations": "0", "comprehensiveIncomeNetOfTax": "None", "ebit": "940000000", "ebitda": "1278000000", "netIncome": "454000000"}, {"fiscalDateEnding": "2011-09-30", "reportedCurrency": "USD", "grossProfit": "1979000000", "totalRevenue": "3120000000", "costOfRevenue": "1141000000", "costofGoodsAndServicesSold": "1141000000", "operatingIncome": "767000000", "sellingGeneralAndAdministrative": "0", "researchAndDevelopment": "0", "operatingExpenses": "1212000000", "investmentIncomeNet": "None", "netInterestIncome": "None", "interestIncome": "None", "interestExpense": "240000000", "nonInterestIncome": "None", "otherNonOperatingIncome": "None", "depreciation": "None", "depreciationAndAmortization": "305000000", "incomeBeforeTax": "559000000", "incomeTaxExpense": "110000000", "interestAndDebtExpense": "None", "netIncomeFromContinuingOperations": "0", "comprehensiveIncomeNetOfTax": "None", "ebit": "799000000", "ebitda": "1104000000", "netIncome": "444000000"}, {"fiscalDateEnding": "2011-06-30", "reportedCurrency": "USD", "grossProfit": "1750000000", "totalRevenue": "2489000000", "costOfRevenue": "739000000", "costofGoodsAndServicesSold": "739000000", "operatingIncome": "595000000", "sellingGeneralAndAdministrative": "0", "researchAndDevelopment": "0", "operatingExpenses": "1155000000", "investmentIncomeNet": "None", "netInterestIncome": "None", "interestIncome": "None", "interestExpense": "264000000", "nonInterestIncome": "None", "otherNonOperatingIncome": "None", "depreciation": "None", "depreciationAndAmortization": "317000000", "incomeBeforeTax": "297000000", "incomeTaxExpense": "96000000", "interestAndDebtExpense": "None", "netIncomeFromContinuingOperations": "0", "comprehensiveIncomeNetOfTax": "None", "ebit": "561000000", "ebitda": "878000000", "netIncome": "196000000"}, {"fiscalDateEnding": "2011-03-31", "reportedCurrency": "USD", "grossProfit": "1782000000", "totalRevenue": "2910000000", "costOfRevenue": "1128000000", "costofGoodsAndServicesSold": "1128000000", "operatingIncome": "805000000", "sellingGeneralAndAdministrative": "0", "researchAndDevelopment": "0", "operatingExpenses": "977000000", "investmentIncomeNet": "None", "netInterestIncome": "None", "interestIncome": "None", "interestExpense": "174000000", "nonInterestIncome": "None", "otherNonOperatingIncome": "None", "depreciation": "None", "depreciationAndAmortization": "255000000", "incomeBeforeTax": "625000000", "incomeTaxExpense": "223000000", "interestAndDebtExpense": "None", "netIncomeFromContinuingOperations": "0", "comprehensiveIncomeNetOfTax": "None", "ebit": "799000000", "ebitda": "1054000000", "netIncome": "401000000"}, {"fiscalDateEnding": "2010-12-31", "reportedCurrency": "USD", "grossProfit": "1406000000", "totalRevenue": "1863000000", "costOfRevenue": "457000000", "costofGoodsAndServicesSold": "457000000", "operatingIncome": "642000000", "sellingGeneralAndAdministrative": "0", "researchAndDevelopment": "0", "operatingExpenses": "764000000", "investmentIncomeNet": "None", "netInterestIncome": "None", "interestIncome": "None", "interestExpense": "180000000", "nonInterestIncome": "None", "otherNonOperatingIncome": "None", "depreciation": "None", "depreciationAndAmortization": "182000000", "incomeBeforeTax": "449000000", "incomeTaxExpense": "111000000", "interestAndDebtExpense": "None", "netIncomeFromContinuingOperations": "0", "comprehensiveIncomeNetOfTax": "None", "ebit": "629000000", "ebitda": "811000000", "netIncome": "355000000"}, {"fiscalDateEnding": "2010-09-30", "reportedCurrency": "USD", "grossProfit": "1171000000", "totalRevenue": "2179000000", "costOfRevenue": "1008000000", "costofGoodsAndServicesSold": "1008000000", "operatingIncome": "522000000", "sellingGeneralAndAdministrative": "0", "researchAndDevelopment": "0", "operatingExpenses": "649000000", "investmentIncomeNet": "None", "netInterestIncome": "None", "interestIncome": "None", "interestExpense": "171000000", "nonInterestIncome": "None", "otherNonOperatingIncome": "None", "depreciation": "None", "depreciationAndAmortization": "198000000", "incomeBeforeTax": "325000000", "incomeTaxExpense": "19000000", "interestAndDebtExpense": "None", "netIncomeFromContinuingOperations": "0", "comprehensiveIncomeNetOfTax": "None", "ebit": "496000000", "ebitda": "694000000", "netIncome": "248000000"}, {"fiscalDateEnding": "2010-06-30", "reportedCurrency": "USD", "grossProfit": "923000000", "totalRevenue": "1473000000", "costOfRevenue": "550000000", "costofGoodsAndServicesSold": "550000000", "operatingIncome": "226000000", "sellingGeneralAndAdministrative": "0", "researchAndDevelopment": "0", "operatingExpenses": "697000000", "investmentIncomeNet": "None", "netInterestIncome": "None", "interestIncome": "None", "interestExpense": "131000000", "nonInterestIncome": "None", "otherNonOperatingIncome": "None", "depreciation": "None", "depreciationAndAmortization": "184000000", "incomeBeforeTax": "92000000", "incomeTaxExpense": "7000000", "interestAndDebtExpense": "None", "netIncomeFromContinuingOperations": "0", "comprehensiveIncomeNetOfTax": "None", "ebit": "223000000", "ebitda": "407000000", "netIncome": "85000000"}, {"fiscalDateEnding": "2010-03-31", "reportedCurrency": "USD", "grossProfit": "1204000000", "totalRevenue": "3006000000", "costOfRevenue": "1802000000", "costofGoodsAndServicesSold": "1802000000", "operatingIncome": "476000000", "sellingGeneralAndAdministrative": "0", "researchAndDevelopment": "0", "operatingExpenses": "728000000", "investmentIncomeNet": "None", "netInterestIncome": "None", "interestIncome": "None", "interestExpense": "111000000", "nonInterestIncome": "None", "otherNonOperatingIncome": "None", "depreciation": "None", "depreciationAndAmortization": "161000000", "incomeBeforeTax": "373000000", "incomeTaxExpense": "126000000", "interestAndDebtExpense": "None", "netIncomeFromContinuingOperations": "0", "comprehensiveIncomeNetOfTax": "None", "ebit": "484000000", "ebitda": "645000000", "netIncome": "250000000"}, {"fiscalDateEnding": "2009-12-31", "reportedCurrency": "USD", "grossProfit": "559000000", "totalRevenue": "1727000000", "costOfRevenue": "1168000000", "costofGoodsAndServicesSold": "1168000000", "operatingIncome": "264000000", "sellingGeneralAndAdministrative": "0", "researchAndDevelopment": "0", "operatingExpenses": "295000000", "investmentIncomeNet": "None", "netInterestIncome": "None", "interestIncome": "None", "interestExpense": "102000000", "nonInterestIncome": "None", "otherNonOperatingIncome": "None", "depreciation": "None", "depreciationAndAmortization": "126000000", "incomeBeforeTax": "173000000", "incomeTaxExpense": "29000000", "interestAndDebtExpense": "None", "netIncomeFromContinuingOperations": "0", "comprehensiveIncomeNetOfTax": "None", "ebit": "275000000", "ebitda": "401000000", "netIncome": "153000000"}, {"fiscalDateEnding": "2009-09-30", "reportedCurrency": "USD", "grossProfit": "587000000", "totalRevenue": "1782000000", "costOfRevenue": "1195000000", "costofGoodsAndServicesSold": "1195000000", "operatingIncome": "171000000", "sellingGeneralAndAdministrative": "109000000", "researchAndDevelopment": "0", "operatingExpenses": "416000000", "investmentIncomeNet": "None", "netInterestIncome": "None", "interestIncome": "None", "interestExpense": "104000000", "nonInterestIncome": "None", "otherNonOperatingIncome": "None", "depreciation": "None", "depreciationAndAmortization": "224000000", "incomeBeforeTax": "76000000", "incomeTaxExpense": "25000000", "interestAndDebtExpense": "None", "netIncomeFromContinuingOperations": "0", "comprehensiveIncomeNetOfTax": "None", "ebit": "180000000", "ebitda": "404000000", "netIncome": "20000000"}, {"fiscalDateEnding": "2009-06-30", "reportedCurrency": "USD", "grossProfit": "639000000", "totalRevenue": "1671000000", "costOfRevenue": "1032000000", "costofGoodsAndServicesSold": "1032000000", "operatingIncome": "104000000", "sellingGeneralAndAdministrative": "0", "researchAndDevelopment": "0", "operatingExpenses": "535000000", "investmentIncomeNet": "None", "netInterestIncome": "None", "interestIncome": "None", "interestExpense": "99000000", "nonInterestIncome": "None", "otherNonOperatingIncome": "None", "depreciation": "None", "depreciationAndAmortization": "297000000", "incomeBeforeTax": "-2000000", "incomeTaxExpense": "-31000000", "interestAndDebtExpense": "None", "netIncomeFromContinuingOperations": "0", "comprehensiveIncomeNetOfTax": "None", "ebit": "97000000", "ebitda": "394000000", "netIncome": "-7000000"}, {"fiscalDateEnding": "2009-03-31", "reportedCurrency": "USD", "grossProfit": "965000000", "totalRevenue": "2344000000", "costOfRevenue": "1379000000", "costofGoodsAndServicesSold": "1379000000", "operatingIncome": "412000000", "sellingGeneralAndAdministrative": "0", "researchAndDevelopment": "0", "operatingExpenses": "553000000", "investmentIncomeNet": "None", "netInterestIncome": "None", "interestIncome": "None", "interestExpense": "89000000", "nonInterestIncome": "None", "otherNonOperatingIncome": "None", "depreciation": "None", "depreciationAndAmortization": "110000000", "incomeBeforeTax": "341000000", "incomeTaxExpense": "98000000", "interestAndDebtExpense": "None", "netIncomeFromContinuingOperations": "0", "comprehensiveIncomeNetOfTax": "None", "ebit": "430000000", "ebitda": "540000000", "netIncome": "241000000"}, {"fiscalDateEnding": "2008-12-31", "reportedCurrency": "USD", "grossProfit": "1259000000", "totalRevenue": "2513000000", "costOfRevenue": "1254000000", "costofGoodsAndServicesSold": "1254000000", "operatingIncome": "552000000", "sellingGeneralAndAdministrative": "0", "researchAndDevelopment": "0", "operatingExpenses": "707000000", "investmentIncomeNet": "None", "netInterestIncome": "None", "interestIncome": "None", "interestExpense": "459000000", "nonInterestIncome": "None", "otherNonOperatingIncome": "None", "depreciation": "None", "depreciationAndAmortization": "497000000", "incomeBeforeTax": "438000000", "incomeTaxExpense": "155000000", "interestAndDebtExpense": "None", "netIncomeFromContinuingOperations": "0", "comprehensiveIncomeNetOfTax": "None", "ebit": "552000000", "ebitda": "1049000000", "netIncome": "281000000"}, {"fiscalDateEnding": "2008-09-30", "reportedCurrency": "USD", "grossProfit": "712000000", "totalRevenue": "2971000000", "costOfRevenue": "2259000000", "costofGoodsAndServicesSold": "2259000000", "operatingIncome": "384000000", "sellingGeneralAndAdministrative": "0", "researchAndDevelopment": "0", "operatingExpenses": "328000000", "investmentIncomeNet": "None", "netInterestIncome": "None", "interestIncome": "None", "interestExpense": "119000000", "nonInterestIncome": "None", "otherNonOperatingIncome": "None", "depreciation": "None", "depreciationAndAmortization": "117000000", "incomeBeforeTax": "267000000", "incomeTaxExpense": "57000000", "interestAndDebtExpense": "None", "netIncomeFromContinuingOperations": "0", "comprehensiveIncomeNetOfTax": "None", "ebit": "386000000", "ebitda": "503000000", "netIncome": "203000000"}, {"fiscalDateEnding": "2008-06-30", "reportedCurrency": "USD", "grossProfit": "694000000", "totalRevenue": "1014000000", "costOfRevenue": "320000000", "costofGoodsAndServicesSold": "320000000", "operatingIncome": "385000000", "sellingGeneralAndAdministrative": "0", "researchAndDevelopment": "0", "operatingExpenses": "309000000", "investmentIncomeNet": "None", "netInterestIncome": "None", "interestIncome": "None", "interestExpense": "108000000", "nonInterestIncome": "None", "otherNonOperatingIncome": "None", "depreciation": "None", "depreciationAndAmortization": "118000000", "incomeBeforeTax": "283000000", "incomeTaxExpense": "94000000", "interestAndDebtExpense": "None", "netIncomeFromContinuingOperations": "0", "comprehensiveIncomeNetOfTax": "None", "ebit": "391000000", "ebitda": "509000000", "netIncome": "190000000"}, {"fiscalDateEnding": "2008-03-31", "reportedCurrency": "USD", "grossProfit": "1044000000", "totalRevenue": "1526000000", "costOfRevenue": "482000000", "costofGoodsAndServicesSold": "482000000", "operatingIncome": "480000000", "sellingGeneralAndAdministrative": "0", "researchAndDevelopment": "0", "operatingExpenses": "564000000", "investmentIncomeNet": "None", "netInterestIncome": "None", "interestIncome": "None", "interestExpense": "108000000", "nonInterestIncome": "None", "otherNonOperatingIncome": "None", "depreciation": "None", "depreciationAndAmortization": "112000000", "incomeBeforeTax": "380000000", "incomeTaxExpense": "129000000", "interestAndDebtExpense": "None", "netIncomeFromContinuingOperations": "0", "comprehensiveIncomeNetOfTax": "None", "ebit": "488000000", "ebitda": "600000000", "netIncome": "260000000"}, {"fiscalDateEnding": "2007-12-31", "reportedCurrency": "USD", "grossProfit": "1221000000", "totalRevenue": "1621000000", "costOfRevenue": "400000000", "costofGoodsAndServicesSold": "400000000", "operatingIncome": "395000000", "sellingGeneralAndAdministrative": "0", "researchAndDevelopment": "0", "operatingExpenses": "826000000", "investmentIncomeNet": "None", "netInterestIncome": "None", "interestIncome": "None", "interestExpense": "474000000", "nonInterestIncome": "None", "otherNonOperatingIncome": "None", "depreciation": "None", "depreciationAndAmortization": "657000000", "incomeBeforeTax": "315000000", "incomeTaxExpense": "82000000", "interestAndDebtExpense": "None", "netIncomeFromContinuingOperations": "0", "comprehensiveIncomeNetOfTax": "None", "ebit": "395000000", "ebitda": "1052000000", "netIncome": "436000000"}, {"fiscalDateEnding": "2007-09-30", "reportedCurrency": "USD", "grossProfit": "1282000000", "totalRevenue": "1774000000", "costOfRevenue": "492000000", "costofGoodsAndServicesSold": "492000000", "operatingIncome": "521000000", "sellingGeneralAndAdministrative": "0", "researchAndDevelopment": "0", "operatingExpenses": "761000000", "investmentIncomeNet": "None", "netInterestIncome": "None", "interestIncome": "None", "interestExpense": "117000000", "nonInterestIncome": "None", "otherNonOperatingIncome": "None", "depreciation": "None", "depreciationAndAmortization": "-100000000", "incomeBeforeTax": "426000000", "incomeTaxExpense": "88000000", "interestAndDebtExpense": "None", "netIncomeFromContinuingOperations": "0", "comprehensiveIncomeNetOfTax": "None", "ebit": "729000000", "ebitda": "629000000", "netIncome": "327000000"}, {"fiscalDateEnding": "2007-06-30", "reportedCurrency": "USD", "grossProfit": "1178000000", "totalRevenue": "1573000000", "costOfRevenue": "395000000", "costofGoodsAndServicesSold": "395000000", "operatingIncome": "378000000", "sellingGeneralAndAdministrative": "0", "researchAndDevelopment": "0", "operatingExpenses": "800000000", "investmentIncomeNet": "None", "netInterestIncome": "None", "interestIncome": "None", "interestExpense": "121000000", "nonInterestIncome": "None", "otherNonOperatingIncome": "None", "depreciation": "None", "depreciationAndAmortization": "213000000", "incomeBeforeTax": "275000000", "incomeTaxExpense": "31000000", "interestAndDebtExpense": "None", "netIncomeFromContinuingOperations": "0", "comprehensiveIncomeNetOfTax": "None", "ebit": "378000000", "ebitda": "591000000", "netIncome": "345000000"}, {"fiscalDateEnding": "2007-03-31", "reportedCurrency": "USD", "grossProfit": "1191000000", "totalRevenue": "1546000000", "costOfRevenue": "355000000", "costofGoodsAndServicesSold": "355000000", "operatingIncome": "389000000", "sellingGeneralAndAdministrative": "0", "researchAndDevelopment": "0", "operatingExpenses": "802000000", "investmentIncomeNet": "None", "netInterestIncome": "None", "interestIncome": "None", "interestExpense": "121000000", "nonInterestIncome": "None", "otherNonOperatingIncome": "None", "depreciation": "None", "depreciationAndAmortization": "232000000", "incomeBeforeTax": "290000000", "incomeTaxExpense": "69000000", "interestAndDebtExpense": "None", "netIncomeFromContinuingOperations": "0", "comprehensiveIncomeNetOfTax": "None", "ebit": "389000000", "ebitda": "621000000", "netIncome": "203000000"}, {"fiscalDateEnding": "2006-12-31", "reportedCurrency": "USD", "grossProfit": "1196000000", "totalRevenue": "1724000000", "costOfRevenue": "528000000", "costofGoodsAndServicesSold": "528000000", "operatingIncome": "367000000", "sellingGeneralAndAdministrative": "0", "researchAndDevelopment": "0", "operatingExpenses": "829000000", "investmentIncomeNet": "None", "netInterestIncome": "None", "interestIncome": "None", "interestExpense": "482000000", "nonInterestIncome": "None", "otherNonOperatingIncome": "None", "depreciation": "None", "depreciationAndAmortization": "195000000", "incomeBeforeTax": "234000000", "incomeTaxExpense": "56000000", "interestAndDebtExpense": "None", "netIncomeFromContinuingOperations": "0", "comprehensiveIncomeNetOfTax": "None", "ebit": "367000000", "ebitda": "562000000", "netIncome": "178000000"}, {"fiscalDateEnding": "2006-09-30", "reportedCurrency": "USD", "grossProfit": "1069000000", "totalRevenue": "1589000000", "costOfRevenue": "520000000", "costofGoodsAndServicesSold": "520000000", "operatingIncome": "360000000", "sellingGeneralAndAdministrative": "0", "researchAndDevelopment": "0", "operatingExpenses": "709000000", "investmentIncomeNet": "None", "netInterestIncome": "None", "interestIncome": "None", "interestExpense": "125000000", "nonInterestIncome": "None", "otherNonOperatingIncome": "None", "depreciation": "None", "depreciationAndAmortization": "-145000000", "incomeBeforeTax": "259000000", "incomeTaxExpense": "44000000", "interestAndDebtExpense": "None", "netIncomeFromContinuingOperations": "0", "comprehensiveIncomeNetOfTax": "None", "ebit": "685000000", "ebitda": "540000000", "netIncome": "226000000"}, {"fiscalDateEnding": "2006-06-30", "reportedCurrency": "USD", "grossProfit": "1061000000", "totalRevenue": "1504000000", "costOfRevenue": "443000000", "costofGoodsAndServicesSold": "443000000", "operatingIncome": "358000000", "sellingGeneralAndAdministrative": "0", "researchAndDevelopment": "0", "operatingExpenses": "703000000", "investmentIncomeNet": "None", "netInterestIncome": "None", "interestIncome": "None", "interestExpense": "121000000", "nonInterestIncome": "None", "otherNonOperatingIncome": "None", "depreciation": "None", "depreciationAndAmortization": "185000000", "incomeBeforeTax": "270000000", "incomeTaxExpense": "80000000", "interestAndDebtExpense": "None", "netIncomeFromContinuingOperations": "0", "comprehensiveIncomeNetOfTax": "None", "ebit": "358000000", "ebitda": "543000000", "netIncome": "181000000"}, {"fiscalDateEnding": "2006-03-31", "reportedCurrency": "USD", "grossProfit": "1186000000", "totalRevenue": "1650000000", "costOfRevenue": "464000000", "costofGoodsAndServicesSold": "464000000", "operatingIncome": "465000000", "sellingGeneralAndAdministrative": "0", "researchAndDevelopment": "0", "operatingExpenses": "721000000", "investmentIncomeNet": "None", "netInterestIncome": "None", "interestIncome": "None", "interestExpense": "119000000", "nonInterestIncome": "None", "otherNonOperatingIncome": "None", "depreciation": "None", "depreciationAndAmortization": "185000000", "incomeBeforeTax": "366000000", "incomeTaxExpense": "95000000", "interestAndDebtExpense": "None", "netIncomeFromContinuingOperations": "0", "comprehensiveIncomeNetOfTax": "None", "ebit": "465000000", "ebitda": "650000000", "netIncome": "280000000"}, {"fiscalDateEnding": "2005-12-31", "reportedCurrency": "USD", "grossProfit": "1071000000", "totalRevenue": "1498000000", "costOfRevenue": "427000000", "costofGoodsAndServicesSold": "427000000", "operatingIncome": "294000000", "sellingGeneralAndAdministrative": "0", "researchAndDevelopment": "0", "operatingExpenses": "777000000", "investmentIncomeNet": "None", "netInterestIncome": "None", "interestIncome": "None", "interestExpense": "508000000", "nonInterestIncome": "None", "otherNonOperatingIncome": "None", "depreciation": "None", "depreciationAndAmortization": "213000000", "incomeBeforeTax": "177000000", "incomeTaxExpense": "-16000000", "interestAndDebtExpense": "None", "netIncomeFromContinuingOperations": "0", "comprehensiveIncomeNetOfTax": "None", "ebit": "294000000", "ebitda": "507000000", "netIncome": "185000000"}, {"fiscalDateEnding": "2005-09-30", "reportedCurrency": "USD", "grossProfit": "1136000000", "totalRevenue": "1620000000", "costOfRevenue": "484000000", "costofGoodsAndServicesSold": "484000000", "operatingIncome": "383000000", "sellingGeneralAndAdministrative": "0", "researchAndDevelopment": "0", "operatingExpenses": "753000000", "investmentIncomeNet": "None", "netInterestIncome": "None", "interestIncome": "None", "interestExpense": "127000000", "nonInterestIncome": "None", "otherNonOperatingIncome": "None", "depreciation": "None", "depreciationAndAmortization": "194000000", "incomeBeforeTax": "259000000", "incomeTaxExpense": "64000000", "interestAndDebtExpense": "None", "netIncomeFromContinuingOperations": "0", "comprehensiveIncomeNetOfTax": "None", "ebit": "383000000", "ebitda": "577000000", "netIncome": "193000000"}]}