{"symbol": "ALBT", "annualReports": [{"fiscalDateEnding": "2024-12-31", "reportedCurrency": "USD", "grossProfit": "267829", "totalRevenue": "1333403", "costOfRevenue": "1065574", "costofGoodsAndServicesSold": "1065574", "operatingIncome": "-4927732", "sellingGeneralAndAdministrative": "4111302", "researchAndDevelopment": "None", "operatingExpenses": "5195561", "investmentIncomeNet": "None", "netInterestIncome": "-2436973", "interestIncome": "None", "interestExpense": "2436973", "nonInterestIncome": "None", "otherNonOperatingIncome": "None", "depreciation": "None", "depreciationAndAmortization": "300470", "incomeBeforeTax": "-7903394", "incomeTaxExpense": "None", "interestAndDebtExpense": "None", "netIncomeFromContinuingOperations": "-7903394", "comprehensiveIncomeNetOfTax": "None", "ebit": "-5466421", "ebitda": "-5165951", "netIncome": "-7903394"}, {"fiscalDateEnding": "2023-12-31", "reportedCurrency": "USD", "grossProfit": "238188", "totalRevenue": "1255681", "costOfRevenue": "1017493", "costofGoodsAndServicesSold": "1017493", "operatingIncome": "-15753683", "sellingGeneralAndAdministrative": "5643885", "researchAndDevelopment": "109618", "operatingExpenses": "15991871", "investmentIncomeNet": "None", "netInterestIncome": "-980898", "interestIncome": "None", "interestExpense": "1351502", "nonInterestIncome": "None", "otherNonOperatingIncome": "None", "depreciation": "None", "depreciationAndAmortization": "329946", "incomeBeforeTax": "-16707010", "incomeTaxExpense": "4", "interestAndDebtExpense": "None", "netIncomeFromContinuingOperations": "-9569557", "comprehensiveIncomeNetOfTax": "None", "ebit": "-15355504", "ebitda": "-15025558", "netIncome": "-16707010"}, {"fiscalDateEnding": "2022-12-31", "reportedCurrency": "USD", "grossProfit": "272728", "totalRevenue": "1202169", "costOfRevenue": "929441", "costofGoodsAndServicesSold": "929441", "operatingIncome": "-8792895", "sellingGeneralAndAdministrative": "5658982", "researchAndDevelopment": "731328", "operatingExpenses": "9065623", "investmentIncomeNet": "None", "netInterestIncome": "-3576333", "interestIncome": "None", "interestExpense": "3576333", "nonInterestIncome": "None", "otherNonOperatingIncome": "None", "depreciation": "None", "depreciationAndAmortization": "466280", "incomeBeforeTax": "-11930847", "incomeTaxExpense": "749251", "interestAndDebtExpense": "None", "netIncomeFromContinuingOperations": "-11930847", "comprehensiveIncomeNetOfTax": "None", "ebit": "-8354514", "ebitda": "-7888234", "netIncome": "-11930847"}, {"fiscalDateEnding": "2021-12-31", "reportedCurrency": "USD", "grossProfit": "414518", "totalRevenue": "1390972", "costOfRevenue": "976454", "costofGoodsAndServicesSold": "976454", "operatingIncome": "-8833830", "sellingGeneralAndAdministrative": "7894774", "researchAndDevelopment": "1025009", "operatingExpenses": "9248348", "investmentIncomeNet": "None", "netInterestIncome": "-200477", "interestIncome": "None", "interestExpense": "200477", "nonInterestIncome": "None", "otherNonOperatingIncome": "None", "depreciation": "None", "depreciationAndAmortization": "438781", "incomeBeforeTax": "-9090499", "incomeTaxExpense": "144285", "interestAndDebtExpense": "None", "netIncomeFromContinuingOperations": "-9090499", "comprehensiveIncomeNetOfTax": "None", "ebit": "-8890022", "ebitda": "-8451241", "netIncome": "-9090499"}, {"fiscalDateEnding": "2020-12-31", "reportedCurrency": "USD", "grossProfit": "390203", "totalRevenue": "1377762", "costOfRevenue": "987559", "costofGoodsAndServicesSold": "987559", "operatingIncome": "-12454019", "sellingGeneralAndAdministrative": "11960367", "researchAndDevelopment": "883855", "operatingExpenses": "12844222", "investmentIncomeNet": "None", "netInterestIncome": "-168762", "interestIncome": "None", "interestExpense": "168762", "nonInterestIncome": "None", "otherNonOperatingIncome": "None", "depreciation": "None", "depreciationAndAmortization": "378475", "incomeBeforeTax": "-12679438", "incomeTaxExpense": "112105", "interestAndDebtExpense": "None", "netIncomeFromContinuingOperations": "-12679438", "comprehensiveIncomeNetOfTax": "None", "ebit": "-12510676", "ebitda": "-12132201", "netIncome": "-12679438"}, {"fiscalDateEnding": "2019-12-31", "reportedCurrency": "USD", "grossProfit": "339913", "totalRevenue": "1546305", "costOfRevenue": "1206392", "costofGoodsAndServicesSold": "1206392", "operatingIncome": "-19377230", "sellingGeneralAndAdministrative": "16925263", "researchAndDevelopment": "1781869", "operatingExpenses": "19717143", "investmentIncomeNet": "None", "netInterestIncome": "-608326", "interestIncome": "None", "interestExpense": "608326", "nonInterestIncome": "None", "otherNonOperatingIncome": "None", "depreciation": "None", "depreciationAndAmortization": "506744", "incomeBeforeTax": "-18070161", "incomeTaxExpense": "30394", "interestAndDebtExpense": "None", "netIncomeFromContinuingOperations": "-18070161", "comprehensiveIncomeNetOfTax": "None", "ebit": "-17987253", "ebitda": "-17480509", "netIncome": "-18070161"}, {"fiscalDateEnding": "2018-12-31", "reportedCurrency": "USD", "grossProfit": "388014", "totalRevenue": "1562286", "costOfRevenue": "1174272", "costofGoodsAndServicesSold": "1174272", "operatingIncome": "-7631135", "sellingGeneralAndAdministrative": "7683249", "researchAndDevelopment": "39061", "operatingExpenses": "7958728", "investmentIncomeNet": "None", "netInterestIncome": "-310339", "interestIncome": "4314", "interestExpense": "314653", "nonInterestIncome": "None", "otherNonOperatingIncome": "None", "depreciation": "None", "depreciationAndAmortization": "522835", "incomeBeforeTax": "-8052296", "incomeTaxExpense": "-278174", "interestAndDebtExpense": "None", "netIncomeFromContinuingOperations": "-8052296", "comprehensiveIncomeNetOfTax": "None", "ebit": "-7684670", "ebitda": "-7161835", "netIncome": "-7774122"}, {"fiscalDateEnding": "2017-12-31", "reportedCurrency": "USD", "grossProfit": "247763", "totalRevenue": "1077550", "costOfRevenue": "829787", "costofGoodsAndServicesSold": "829787", "operatingIncome": "-3877863", "sellingGeneralAndAdministrative": "2789035", "researchAndDevelopment": "None", "operatingExpenses": "2782086", "investmentIncomeNet": "None", "netInterestIncome": "None", "interestIncome": "None", "interestExpense": "138110", "nonInterestIncome": "None", "otherNonOperatingIncome": "None", "depreciation": "None", "depreciationAndAmortization": "181637", "incomeBeforeTax": "-4049645", "incomeTaxExpense": "-585360", "interestAndDebtExpense": "None", "netIncomeFromContinuingOperations": "None", "comprehensiveIncomeNetOfTax": "None", "ebit": "-3911533", "ebitda": "-3729896", "netIncome": "-3464285"}, {"fiscalDateEnding": "2016-12-31", "reportedCurrency": "USD", "grossProfit": "543380", "totalRevenue": "616446", "costOfRevenue": "73066", "costofGoodsAndServicesSold": "73066", "operatingIncome": "76933", "sellingGeneralAndAdministrative": "459553", "researchAndDevelopment": "None", "operatingExpenses": "466447", "investmentIncomeNet": "None", "netInterestIncome": "None", "interestIncome": "None", "interestExpense": "575", "nonInterestIncome": "None", "otherNonOperatingIncome": "None", "depreciation": "None", "depreciationAndAmortization": "26", "incomeBeforeTax": "77508", "incomeTaxExpense": "21927", "interestAndDebtExpense": "None", "netIncomeFromContinuingOperations": "None", "comprehensiveIncomeNetOfTax": "None", "ebit": "77508", "ebitda": "77534", "netIncome": "55581"}, {"fiscalDateEnding": "2015-12-31", "reportedCurrency": "USD", "grossProfit": "None", "totalRevenue": "None", "costOfRevenue": "None", "costofGoodsAndServicesSold": "None", "operatingIncome": "-31006", "sellingGeneralAndAdministrative": "31006", "researchAndDevelopment": "None", "operatingExpenses": "31006", "investmentIncomeNet": "None", "netInterestIncome": "None", "interestIncome": "None", "interestExpense": "None", "nonInterestIncome": "None", "otherNonOperatingIncome": "None", "depreciation": "None", "depreciationAndAmortization": "175509", "incomeBeforeTax": "-31006", "incomeTaxExpense": "-175501", "interestAndDebtExpense": "None", "netIncomeFromContinuingOperations": "None", "comprehensiveIncomeNetOfTax": "None", "ebit": "-31006", "ebitda": "-31006", "netIncome": "-31006"}], "quarterlyReports": [{"fiscalDateEnding": "2025-09-30", "reportedCurrency": "USD", "grossProfit": "115733", "totalRevenue": "350099", "costOfRevenue": "234366", "costofGoodsAndServicesSold": "234366", "operatingIncome": "-76193", "sellingGeneralAndAdministrative": "1362521", "researchAndDevelopment": "None", "operatingExpenses": "191926", "investmentIncomeNet": "None", "netInterestIncome": "-267408", "interestIncome": "None", "interestExpense": "31339", "nonInterestIncome": "None", "otherNonOperatingIncome": "None", "depreciation": "None", "depreciationAndAmortization": "59462", "incomeBeforeTax": "-254268", "incomeTaxExpense": "None", "interestAndDebtExpense": "None", "netIncomeFromContinuingOperations": "-254268", "comprehensiveIncomeNetOfTax": "None", "ebit": "-222929", "ebitda": "-163467", "netIncome": "-254268"}, {"fiscalDateEnding": "2025-06-30", "reportedCurrency": "USD", "grossProfit": "99329", "totalRevenue": "350406", "costOfRevenue": "251077", "costofGoodsAndServicesSold": "251077", "operatingIncome": "-3887987", "sellingGeneralAndAdministrative": "2014764", "researchAndDevelopment": "None", "operatingExpenses": "3987316", "investmentIncomeNet": "None", "netInterestIncome": "-1057664", "interestIncome": "None", "interestExpense": "1057664", "nonInterestIncome": "None", "otherNonOperatingIncome": "None", "depreciation": "None", "depreciationAndAmortization": "59004", "incomeBeforeTax": "-13458598", "incomeTaxExpense": "None", "interestAndDebtExpense": "None", "netIncomeFromContinuingOperations": "-13458598", "comprehensiveIncomeNetOfTax": "None", "ebit": "-12400934", "ebitda": "-12341930", "netIncome": "-13458598"}, {"fiscalDateEnding": "2025-03-31", "reportedCurrency": "USD", "grossProfit": "69410", "totalRevenue": "349800", "costOfRevenue": "280390", "costofGoodsAndServicesSold": "280390", "operatingIncome": "-1806775", "sellingGeneralAndAdministrative": "2197712", "researchAndDevelopment": "None", "operatingExpenses": "1876185", "investmentIncomeNet": "None", "netInterestIncome": "-560018", "interestIncome": "None", "interestExpense": "560018", "nonInterestIncome": "None", "otherNonOperatingIncome": "None", "depreciation": "None", "depreciationAndAmortization": "63384", "incomeBeforeTax": "-2482111", "incomeTaxExpense": "None", "interestAndDebtExpense": "None", "netIncomeFromContinuingOperations": "-2482111", "comprehensiveIncomeNetOfTax": "None", "ebit": "-1922093", "ebitda": "-1858709", "netIncome": "-2482111"}, {"fiscalDateEnding": "2024-12-31", "reportedCurrency": "USD", "grossProfit": "74337", "totalRevenue": "345769", "costOfRevenue": "271432", "costofGoodsAndServicesSold": "271432", "operatingIncome": "-1310346", "sellingGeneralAndAdministrative": "1222595", "researchAndDevelopment": "None", "operatingExpenses": "1384683", "investmentIncomeNet": "None", "netInterestIncome": "-562860", "interestIncome": "None", "interestExpense": "562860", "nonInterestIncome": "None", "otherNonOperatingIncome": "None", "depreciation": "None", "depreciationAndAmortization": "76384", "incomeBeforeTax": "-2724655", "incomeTaxExpense": "None", "interestAndDebtExpense": "None", "netIncomeFromContinuingOperations": "-2724655", "comprehensiveIncomeNetOfTax": "None", "ebit": "-2161793", "ebitda": "-2085409", "netIncome": "-2724655"}, {"fiscalDateEnding": "2024-09-30", "reportedCurrency": "USD", "grossProfit": "99631", "totalRevenue": "345159", "costOfRevenue": "245528", "costofGoodsAndServicesSold": "245528", "operatingIncome": "-1269961", "sellingGeneralAndAdministrative": "776949", "researchAndDevelopment": "None", "operatingExpenses": "1369592", "investmentIncomeNet": "None", "netInterestIncome": "-547245", "interestIncome": "None", "interestExpense": "547245", "nonInterestIncome": "None", "otherNonOperatingIncome": "None", "depreciation": "None", "depreciationAndAmortization": "75562", "incomeBeforeTax": "-1679200", "incomeTaxExpense": "None", "interestAndDebtExpense": "None", "netIncomeFromContinuingOperations": "-1679200", "comprehensiveIncomeNetOfTax": "None", "ebit": "-1131955", "ebitda": "-1056393", "netIncome": "-1679200"}, {"fiscalDateEnding": "2024-06-30", "reportedCurrency": "USD", "grossProfit": "42399", "totalRevenue": "327887", "costOfRevenue": "285488", "costofGoodsAndServicesSold": "285488", "operatingIncome": "-1504363", "sellingGeneralAndAdministrative": "1154765", "researchAndDevelopment": "None", "operatingExpenses": "1546762", "investmentIncomeNet": "None", "netInterestIncome": "-807861", "interestIncome": "None", "interestExpense": "807861", "nonInterestIncome": "None", "otherNonOperatingIncome": "None", "depreciation": "None", "depreciationAndAmortization": "74595", "incomeBeforeTax": "-2132026", "incomeTaxExpense": "5", "interestAndDebtExpense": "None", "netIncomeFromContinuingOperations": "-2132026", "comprehensiveIncomeNetOfTax": "None", "ebit": "-1324165", "ebitda": "-1249570", "netIncome": "-2132026"}, {"fiscalDateEnding": "2024-03-31", "reportedCurrency": "USD", "grossProfit": "51462", "totalRevenue": "314588", "costOfRevenue": "263126", "costofGoodsAndServicesSold": "263126", "operatingIncome": "-843062", "sellingGeneralAndAdministrative": "956993", "researchAndDevelopment": "35399", "operatingExpenses": "894524", "investmentIncomeNet": "None", "netInterestIncome": "-519007", "interestIncome": "None", "interestExpense": "519007", "nonInterestIncome": "None", "otherNonOperatingIncome": "None", "depreciation": "None", "depreciationAndAmortization": "73929", "incomeBeforeTax": "-1367513", "incomeTaxExpense": "-5", "interestAndDebtExpense": "None", "netIncomeFromContinuingOperations": "-1367513", "comprehensiveIncomeNetOfTax": "None", "ebit": "-848506", "ebitda": "-774577", "netIncome": "-1367513"}, {"fiscalDateEnding": "2023-12-31", "reportedCurrency": "USD", "grossProfit": "85759", "totalRevenue": "321321", "costOfRevenue": "235562", "costofGoodsAndServicesSold": "235562", "operatingIncome": "-849145", "sellingGeneralAndAdministrative": "935446", "researchAndDevelopment": "542", "operatingExpenses": "1170466", "investmentIncomeNet": "None", "netInterestIncome": "-510006", "interestIncome": "None", "interestExpense": "510006", "nonInterestIncome": "None", "otherNonOperatingIncome": "None", "depreciation": "None", "depreciationAndAmortization": "None", "incomeBeforeTax": "-9555134", "incomeTaxExpense": "None", "interestAndDebtExpense": "None", "netIncomeFromContinuingOperations": "-9555134", "comprehensiveIncomeNetOfTax": "None", "ebit": "None", "ebitda": "None", "netIncome": "-9555134"}, {"fiscalDateEnding": "2023-09-30", "reportedCurrency": "USD", "grossProfit": "43207", "totalRevenue": "331290", "costOfRevenue": "288083", "costofGoodsAndServicesSold": "288083", "operatingIncome": "-1141136", "sellingGeneralAndAdministrative": "1101093", "researchAndDevelopment": "0", "operatingExpenses": "1184343", "investmentIncomeNet": "None", "netInterestIncome": "-438992", "interestIncome": "None", "interestExpense": "438992", "nonInterestIncome": "None", "otherNonOperatingIncome": "None", "depreciation": "None", "depreciationAndAmortization": "71654", "incomeBeforeTax": "-1485075", "incomeTaxExpense": "801372", "interestAndDebtExpense": "None", "netIncomeFromContinuingOperations": "-1485075", "comprehensiveIncomeNetOfTax": "None", "ebit": "-1046083", "ebitda": "-974429", "netIncome": "-1485075"}, {"fiscalDateEnding": "2023-06-30", "reportedCurrency": "USD", "grossProfit": "61502", "totalRevenue": "306905", "costOfRevenue": "245403", "costofGoodsAndServicesSold": "245403", "operatingIncome": "-2068368", "sellingGeneralAndAdministrative": "1729304", "researchAndDevelopment": "17810", "operatingExpenses": "2129870", "investmentIncomeNet": "None", "netInterestIncome": "-246278", "interestIncome": "None", "interestExpense": "246278", "nonInterestIncome": "None", "otherNonOperatingIncome": "None", "depreciation": "None", "depreciationAndAmortization": "89523", "incomeBeforeTax": "-2747057", "incomeTaxExpense": "544947", "interestAndDebtExpense": "None", "netIncomeFromContinuingOperations": "-2543313", "comprehensiveIncomeNetOfTax": "None", "ebit": "-2500779", "ebitda": "-2411256", "netIncome": "-2747057"}, {"fiscalDateEnding": "2023-03-31", "reportedCurrency": "USD", "grossProfit": "47720", "totalRevenue": "296165", "costOfRevenue": "248445", "costofGoodsAndServicesSold": "248445", "operatingIncome": "-2753327", "sellingGeneralAndAdministrative": "1927853", "researchAndDevelopment": "92350", "operatingExpenses": "2801047", "investmentIncomeNet": "None", "netInterestIncome": "-156226", "interestIncome": "None", "interestExpense": "156226", "nonInterestIncome": "None", "otherNonOperatingIncome": "None", "depreciation": "None", "depreciationAndAmortization": "95944", "incomeBeforeTax": "-2919744", "incomeTaxExpense": "2985839", "interestAndDebtExpense": "None", "netIncomeFromContinuingOperations": "-2783914", "comprehensiveIncomeNetOfTax": "None", "ebit": "-2763518", "ebitda": "-2667574", "netIncome": "-2919744"}, {"fiscalDateEnding": "2022-12-31", "reportedCurrency": "USD", "grossProfit": "44189", "totalRevenue": "296327", "costOfRevenue": "252137", "costofGoodsAndServicesSold": "252137", "operatingIncome": "-2233283", "sellingGeneralAndAdministrative": "1570218", "researchAndDevelopment": "189762", "operatingExpenses": "2277472", "investmentIncomeNet": "None", "netInterestIncome": "-139402", "interestIncome": "None", "interestExpense": "139402", "nonInterestIncome": "None", "otherNonOperatingIncome": "None", "depreciation": "None", "depreciationAndAmortization": "113747", "incomeBeforeTax": "-2417681", "incomeTaxExpense": "184398", "interestAndDebtExpense": "None", "netIncomeFromContinuingOperations": "-2417681", "comprehensiveIncomeNetOfTax": "None", "ebit": "-2278276", "ebitda": "-2164529", "netIncome": "-2417681"}, {"fiscalDateEnding": "2022-09-30", "reportedCurrency": "USD", "grossProfit": "70238", "totalRevenue": "317390", "costOfRevenue": "247152", "costofGoodsAndServicesSold": "247152", "operatingIncome": "-1589099", "sellingGeneralAndAdministrative": "1338311", "researchAndDevelopment": "170406", "operatingExpenses": "1659337", "investmentIncomeNet": "None", "netInterestIncome": "-3303502", "interestIncome": "None", "interestExpense": "3303502", "nonInterestIncome": "None", "otherNonOperatingIncome": "None", "depreciation": "None", "depreciationAndAmortization": "115763", "incomeBeforeTax": "-5414154", "incomeTaxExpense": "3825055", "interestAndDebtExpense": "None", "netIncomeFromContinuingOperations": "-5414154", "comprehensiveIncomeNetOfTax": "None", "ebit": "-2110652", "ebitda": "-1994889", "netIncome": "-5414154"}, {"fiscalDateEnding": "2022-06-30", "reportedCurrency": "USD", "grossProfit": "79118", "totalRevenue": "290821", "costOfRevenue": "211703", "costofGoodsAndServicesSold": "211703", "operatingIncome": "-2843571", "sellingGeneralAndAdministrative": "1187818", "researchAndDevelopment": "254476", "operatingExpenses": "2922689", "investmentIncomeNet": "None", "netInterestIncome": "-93743", "interestIncome": "None", "interestExpense": "93743", "nonInterestIncome": "None", "otherNonOperatingIncome": "None", "depreciation": "None", "depreciationAndAmortization": "117539", "incomeBeforeTax": "-2028474", "incomeTaxExpense": "534903", "interestAndDebtExpense": "None", "netIncomeFromContinuingOperations": "-2028474", "comprehensiveIncomeNetOfTax": "None", "ebit": "-1934731", "ebitda": "-1817192", "netIncome": "-2028474"}, {"fiscalDateEnding": "2022-03-31", "reportedCurrency": "USD", "grossProfit": "79183", "totalRevenue": "297631", "costOfRevenue": "218448", "costofGoodsAndServicesSold": "218448", "operatingIncome": "-2126942", "sellingGeneralAndAdministrative": "1562635", "researchAndDevelopment": "116684", "operatingExpenses": "2206125", "investmentIncomeNet": "None", "netInterestIncome": "-39686", "interestIncome": "None", "interestExpense": "39686", "nonInterestIncome": "None", "otherNonOperatingIncome": "None", "depreciation": "None", "depreciationAndAmortization": "119231", "incomeBeforeTax": "-2070538", "incomeTaxExpense": "-56404", "interestAndDebtExpense": "None", "netIncomeFromContinuingOperations": "-2070538", "comprehensiveIncomeNetOfTax": "None", "ebit": "-2030852", "ebitda": "-1911621", "netIncome": "-2070538"}, {"fiscalDateEnding": "2021-12-31", "reportedCurrency": "USD", "grossProfit": "97853", "totalRevenue": "334202", "costOfRevenue": "236349", "costofGoodsAndServicesSold": "236349", "operatingIncome": "-2262991", "sellingGeneralAndAdministrative": "2011888", "researchAndDevelopment": "348956", "operatingExpenses": "2360844", "investmentIncomeNet": "None", "netInterestIncome": "-58949", "interestIncome": "None", "interestExpense": "58949", "nonInterestIncome": "None", "otherNonOperatingIncome": "None", "depreciation": "None", "depreciationAndAmortization": "118704", "incomeBeforeTax": "-2334252", "incomeTaxExpense": "58949", "interestAndDebtExpense": "None", "netIncomeFromContinuingOperations": "-2334252", "comprehensiveIncomeNetOfTax": "None", "ebit": "-2262971", "ebitda": "-2144267", "netIncome": "-2334252"}, {"fiscalDateEnding": "2021-09-30", "reportedCurrency": "USD", "grossProfit": "168700", "totalRevenue": "486764", "costOfRevenue": "318064", "costofGoodsAndServicesSold": "318064", "operatingIncome": "-1964971", "sellingGeneralAndAdministrative": "1881766", "researchAndDevelopment": "224072", "operatingExpenses": "2133671", "investmentIncomeNet": "None", "netInterestIncome": "-50248", "interestIncome": "None", "interestExpense": "50248", "nonInterestIncome": "None", "otherNonOperatingIncome": "None", "depreciation": "None", "depreciationAndAmortization": "118538", "incomeBeforeTax": "-2024219", "incomeTaxExpense": "41248", "interestAndDebtExpense": "None", "netIncomeFromContinuingOperations": "-2024219", "comprehensiveIncomeNetOfTax": "None", "ebit": "-1959771", "ebitda": "-1841233", "netIncome": "-2024219"}, {"fiscalDateEnding": "2021-06-30", "reportedCurrency": "USD", "grossProfit": "75085", "totalRevenue": "280232", "costOfRevenue": "205147", "costofGoodsAndServicesSold": "205147", "operatingIncome": "-2302280", "sellingGeneralAndAdministrative": "2138572", "researchAndDevelopment": "238793", "operatingExpenses": "2377365", "investmentIncomeNet": "None", "netInterestIncome": "None", "interestIncome": "None", "interestExpense": "46131", "nonInterestIncome": "None", "otherNonOperatingIncome": "None", "depreciation": "None", "depreciationAndAmortization": "95133", "incomeBeforeTax": "-2364910", "incomeTaxExpense": "29632", "interestAndDebtExpense": "None", "netIncomeFromContinuingOperations": "None", "comprehensiveIncomeNetOfTax": "None", "ebit": "-2303360", "ebitda": "-2208227", "netIncome": "-2364910"}, {"fiscalDateEnding": "2021-03-31", "reportedCurrency": "USD", "grossProfit": "72880", "totalRevenue": "289774", "costOfRevenue": "216894", "costofGoodsAndServicesSold": "216894", "operatingIncome": "-2303588", "sellingGeneralAndAdministrative": "2163280", "researchAndDevelopment": "213188", "operatingExpenses": "2376468", "investmentIncomeNet": "None", "netInterestIncome": "None", "interestIncome": "None", "interestExpense": "45149", "nonInterestIncome": "None", "otherNonOperatingIncome": "None", "depreciation": "None", "depreciationAndAmortization": "106406", "incomeBeforeTax": "-2367118", "incomeTaxExpense": "26768", "interestAndDebtExpense": "None", "netIncomeFromContinuingOperations": "None", "comprehensiveIncomeNetOfTax": "None", "ebit": "-2303458", "ebitda": "-2197052", "netIncome": "-2367118"}, {"fiscalDateEnding": "2020-12-31", "reportedCurrency": "USD", "grossProfit": "130084", "totalRevenue": "454557", "costOfRevenue": "324473", "costofGoodsAndServicesSold": "324473", "operatingIncome": "-3038442", "sellingGeneralAndAdministrative": "2959606", "researchAndDevelopment": "208920", "operatingExpenses": "3168526", "investmentIncomeNet": "None", "netInterestIncome": "None", "interestIncome": "None", "interestExpense": "42593", "nonInterestIncome": "None", "otherNonOperatingIncome": "None", "depreciation": "None", "depreciationAndAmortization": "145703", "incomeBeforeTax": "-3100316", "incomeTaxExpense": "23312", "interestAndDebtExpense": "None", "netIncomeFromContinuingOperations": "None", "comprehensiveIncomeNetOfTax": "None", "ebit": "-3041432", "ebitda": "-2895729", "netIncome": "-3100316"}, {"fiscalDateEnding": "2020-09-30", "reportedCurrency": "USD", "grossProfit": "189161", "totalRevenue": "324982", "costOfRevenue": "135821", "costofGoodsAndServicesSold": "135821", "operatingIncome": "-3190558", "sellingGeneralAndAdministrative": "3141287", "researchAndDevelopment": "238432", "operatingExpenses": "3379719", "investmentIncomeNet": "None", "netInterestIncome": "None", "interestIncome": "None", "interestExpense": "41531", "nonInterestIncome": "None", "otherNonOperatingIncome": "None", "depreciation": "None", "depreciationAndAmortization": "80193", "incomeBeforeTax": "-3251959", "incomeTaxExpense": "21661", "interestAndDebtExpense": "None", "netIncomeFromContinuingOperations": "None", "comprehensiveIncomeNetOfTax": "None", "ebit": "-3195458", "ebitda": "-3115265", "netIncome": "-3251959"}, {"fiscalDateEnding": "2020-06-30", "reportedCurrency": "USD", "grossProfit": "28503", "totalRevenue": "301267", "costOfRevenue": "272764", "costofGoodsAndServicesSold": "272764", "operatingIncome": "-3002827", "sellingGeneralAndAdministrative": "2870229", "researchAndDevelopment": "161101", "operatingExpenses": "3031330", "investmentIncomeNet": "None", "netInterestIncome": "None", "interestIncome": "None", "interestExpense": "42469", "nonInterestIncome": "None", "otherNonOperatingIncome": "None", "depreciation": "None", "depreciationAndAmortization": "76044", "incomeBeforeTax": "-3056382", "incomeTaxExpense": "31383", "interestAndDebtExpense": "None", "netIncomeFromContinuingOperations": "None", "comprehensiveIncomeNetOfTax": "None", "ebit": "-3002577", "ebitda": "-2926533", "netIncome": "-3056382"}, {"fiscalDateEnding": "2020-03-31", "reportedCurrency": "USD", "grossProfit": "42455", "totalRevenue": "296956", "costOfRevenue": "254501", "costofGoodsAndServicesSold": "254501", "operatingIncome": "-3222192", "sellingGeneralAndAdministrative": "2989245", "researchAndDevelopment": "275402", "operatingExpenses": "3264647", "investmentIncomeNet": "None", "netInterestIncome": "None", "interestIncome": "None", "interestExpense": "42169", "nonInterestIncome": "None", "otherNonOperatingIncome": "None", "depreciation": "None", "depreciationAndAmortization": "76535", "incomeBeforeTax": "-3270781", "incomeTaxExpense": "35749", "interestAndDebtExpense": "None", "netIncomeFromContinuingOperations": "None", "comprehensiveIncomeNetOfTax": "None", "ebit": "-3219532", "ebitda": "-3142997", "netIncome": "-3270781"}, {"fiscalDateEnding": "2019-12-31", "reportedCurrency": "USD", "grossProfit": "196786", "totalRevenue": "479198", "costOfRevenue": "282412", "costofGoodsAndServicesSold": "282412", "operatingIncome": "-5091818", "sellingGeneralAndAdministrative": "4874045", "researchAndDevelopment": "414559", "operatingExpenses": "5288604", "investmentIncomeNet": "None", "netInterestIncome": "None", "interestIncome": "None", "interestExpense": "22608", "nonInterestIncome": "None", "otherNonOperatingIncome": "None", "depreciation": "None", "depreciationAndAmortization": "76705", "incomeBeforeTax": "-4792351", "incomeTaxExpense": "656575", "interestAndDebtExpense": "None", "netIncomeFromContinuingOperations": "None", "comprehensiveIncomeNetOfTax": "None", "ebit": "-4762317", "ebitda": "-4685612", "netIncome": "-5448926"}, {"fiscalDateEnding": "2019-09-30", "reportedCurrency": "USD", "grossProfit": "53228", "totalRevenue": "383216", "costOfRevenue": "329988", "costofGoodsAndServicesSold": "329988", "operatingIncome": "-5476347", "sellingGeneralAndAdministrative": "4254425", "researchAndDevelopment": "265139", "operatingExpenses": "4519564", "investmentIncomeNet": "None", "netInterestIncome": "None", "interestIncome": "None", "interestExpense": "11198", "nonInterestIncome": "None", "otherNonOperatingIncome": "None", "depreciation": "None", "depreciationAndAmortization": "145545", "incomeBeforeTax": "-4334058", "incomeTaxExpense": "-475863", "interestAndDebtExpense": "None", "netIncomeFromContinuingOperations": "None", "comprehensiveIncomeNetOfTax": "None", "ebit": "-4297590", "ebitda": "-4152045", "netIncome": "-3858195"}, {"fiscalDateEnding": "2019-06-30", "reportedCurrency": "USD", "grossProfit": "79892", "totalRevenue": "399727", "costOfRevenue": "319835", "costofGoodsAndServicesSold": "319835", "operatingIncome": "-4343752", "sellingGeneralAndAdministrative": "3252711", "researchAndDevelopment": "949711", "operatingExpenses": "4423644", "investmentIncomeNet": "None", "netInterestIncome": "None", "interestIncome": "None", "interestExpense": "546879", "nonInterestIncome": "None", "otherNonOperatingIncome": "None", "depreciation": "None", "depreciationAndAmortization": "145363", "incomeBeforeTax": "-4438823", "incomeTaxExpense": "-81599", "interestAndDebtExpense": "None", "netIncomeFromContinuingOperations": "None", "comprehensiveIncomeNetOfTax": "None", "ebit": "-3881596", "ebitda": "-3736233", "netIncome": "-4357224"}, {"fiscalDateEnding": "2019-03-31", "reportedCurrency": "USD", "grossProfit": "10007", "totalRevenue": "284164", "costOfRevenue": "274157", "costofGoodsAndServicesSold": "274157", "operatingIncome": "-4465313", "sellingGeneralAndAdministrative": "4078260", "researchAndDevelopment": "152460", "operatingExpenses": "4475320", "investmentIncomeNet": "None", "netInterestIncome": "None", "interestIncome": "None", "interestExpense": "27641", "nonInterestIncome": "None", "otherNonOperatingIncome": "None", "depreciation": "None", "depreciationAndAmortization": "139131", "incomeBeforeTax": "-4504929", "incomeTaxExpense": "-99113", "interestAndDebtExpense": "None", "netIncomeFromContinuingOperations": "None", "comprehensiveIncomeNetOfTax": "None", "ebit": "-4464545", "ebitda": "-4325414", "netIncome": "-4405816"}, {"fiscalDateEnding": "2018-12-31", "reportedCurrency": "USD", "grossProfit": "55529", "totalRevenue": "344777", "costOfRevenue": "289248", "costofGoodsAndServicesSold": "289248", "operatingIncome": "-2723744", "sellingGeneralAndAdministrative": "2593921", "researchAndDevelopment": "37414", "operatingExpenses": "2718852", "investmentIncomeNet": "None", "netInterestIncome": "None", "interestIncome": "None", "interestExpense": "27530", "nonInterestIncome": "None", "otherNonOperatingIncome": "None", "depreciation": "None", "depreciationAndAmortization": "139232", "incomeBeforeTax": "-2754261", "incomeTaxExpense": "-100782", "interestAndDebtExpense": "None", "netIncomeFromContinuingOperations": "None", "comprehensiveIncomeNetOfTax": "None", "ebit": "-2673761", "ebitda": "-2534529", "netIncome": "-2653479"}, {"fiscalDateEnding": "2018-09-30", "reportedCurrency": "USD", "grossProfit": "118022", "totalRevenue": "413503", "costOfRevenue": "295481", "costofGoodsAndServicesSold": "295481", "operatingIncome": "-2379418", "sellingGeneralAndAdministrative": "2346892", "researchAndDevelopment": "1384", "operatingExpenses": "2497440", "investmentIncomeNet": "None", "netInterestIncome": "None", "interestIncome": "None", "interestExpense": "25205", "nonInterestIncome": "None", "otherNonOperatingIncome": "None", "depreciation": "None", "depreciationAndAmortization": "135628", "incomeBeforeTax": "-2403251", "incomeTaxExpense": "-58581", "interestAndDebtExpense": "None", "netIncomeFromContinuingOperations": "None", "comprehensiveIncomeNetOfTax": "None", "ebit": "-2378044", "ebitda": "-2242416", "netIncome": "-2344670"}, {"fiscalDateEnding": "2018-06-30", "reportedCurrency": "USD", "grossProfit": "133344", "totalRevenue": "496093", "costOfRevenue": "362749", "costofGoodsAndServicesSold": "362749", "operatingIncome": "-1213254", "sellingGeneralAndAdministrative": "1346598", "researchAndDevelopment": "263", "operatingExpenses": "1346598", "investmentIncomeNet": "None", "netInterestIncome": "None", "interestIncome": "None", "interestExpense": "24932", "nonInterestIncome": "None", "otherNonOperatingIncome": "None", "depreciation": "None", "depreciationAndAmortization": "124596", "incomeBeforeTax": "-1343815", "incomeTaxExpense": "-49421", "interestAndDebtExpense": "None", "netIncomeFromContinuingOperations": "None", "comprehensiveIncomeNetOfTax": "None", "ebit": "-1318884", "ebitda": "-1194288", "netIncome": "-1294394"}, {"fiscalDateEnding": "2018-03-31", "reportedCurrency": "USD", "grossProfit": "81119", "totalRevenue": "307913", "costOfRevenue": "226794", "costofGoodsAndServicesSold": "226794", "operatingIncome": "-1314719", "sellingGeneralAndAdministrative": "1395838", "researchAndDevelopment": "None", "operatingExpenses": "1395838", "investmentIncomeNet": "None", "netInterestIncome": "None", "interestIncome": "None", "interestExpense": "236986", "nonInterestIncome": "None", "otherNonOperatingIncome": "None", "depreciation": "None", "depreciationAndAmortization": "123379", "incomeBeforeTax": "-1550969", "incomeTaxExpense": "-69390", "interestAndDebtExpense": "None", "netIncomeFromContinuingOperations": "None", "comprehensiveIncomeNetOfTax": "None", "ebit": "-1313981", "ebitda": "-1190602", "netIncome": "-1481579"}, {"fiscalDateEnding": "2017-12-31", "reportedCurrency": "USD", "grossProfit": "103697", "totalRevenue": "319063", "costOfRevenue": "215366", "costofGoodsAndServicesSold": "215366", "operatingIncome": "-2338343", "sellingGeneralAndAdministrative": "1120587", "researchAndDevelopment": "None", "operatingExpenses": "1098500", "investmentIncomeNet": "None", "netInterestIncome": "None", "interestIncome": "None", "interestExpense": "43178", "nonInterestIncome": "None", "otherNonOperatingIncome": "None", "depreciation": "None", "depreciationAndAmortization": "123159", "incomeBeforeTax": "-2359075", "incomeTaxExpense": "-585360", "interestAndDebtExpense": "None", "netIncomeFromContinuingOperations": "None", "comprehensiveIncomeNetOfTax": "None", "ebit": "-2402348", "ebitda": "-2279189", "netIncome": "-1773715"}, {"fiscalDateEnding": "2017-09-30", "reportedCurrency": "USD", "grossProfit": "89695", "totalRevenue": "317450", "costOfRevenue": "227755", "costofGoodsAndServicesSold": "227755", "operatingIncome": "-657919", "sellingGeneralAndAdministrative": "747466", "researchAndDevelopment": "None", "operatingExpenses": "747614", "investmentIncomeNet": "None", "netInterestIncome": "None", "interestIncome": "None", "interestExpense": "52932", "nonInterestIncome": "None", "otherNonOperatingIncome": "None", "depreciation": "None", "depreciationAndAmortization": "24322", "incomeBeforeTax": "-710729", "incomeTaxExpense": "122", "interestAndDebtExpense": "None", "netIncomeFromContinuingOperations": "None", "comprehensiveIncomeNetOfTax": "None", "ebit": "-657797", "ebitda": "-633475", "netIncome": "-710729"}, {"fiscalDateEnding": "2017-06-30", "reportedCurrency": "USD", "grossProfit": "87666", "totalRevenue": "374751", "costOfRevenue": "287085", "costofGoodsAndServicesSold": "287085", "operatingIncome": "-388718", "sellingGeneralAndAdministrative": "470105", "researchAndDevelopment": "None", "operatingExpenses": "476384", "investmentIncomeNet": "None", "netInterestIncome": "None", "interestIncome": "None", "interestExpense": "42000", "nonInterestIncome": "None", "otherNonOperatingIncome": "None", "depreciation": "None", "depreciationAndAmortization": "34130", "incomeBeforeTax": "-430508", "incomeTaxExpense": "210", "interestAndDebtExpense": "None", "netIncomeFromContinuingOperations": "None", "comprehensiveIncomeNetOfTax": "None", "ebit": "-388508", "ebitda": "-354378", "netIncome": "-430508"}, {"fiscalDateEnding": "2017-03-31", "reportedCurrency": "USD", "grossProfit": "-33295", "totalRevenue": "66286", "costOfRevenue": "99581", "costofGoodsAndServicesSold": "99581", "operatingIncome": "-492883", "sellingGeneralAndAdministrative": "450877", "researchAndDevelopment": "None", "operatingExpenses": "459588", "investmentIncomeNet": "None", "netInterestIncome": "None", "interestIncome": "None", "interestExpense": "794", "nonInterestIncome": "None", "otherNonOperatingIncome": "None", "depreciation": "None", "depreciationAndAmortization": "26", "incomeBeforeTax": "-549333", "incomeTaxExpense": "56450", "interestAndDebtExpense": "None", "netIncomeFromContinuingOperations": "None", "comprehensiveIncomeNetOfTax": "None", "ebit": "-549329", "ebitda": "-549303", "netIncome": "-549333"}, {"fiscalDateEnding": "2016-12-31", "reportedCurrency": "USD", "grossProfit": "616446", "totalRevenue": "616446", "costOfRevenue": "None", "costofGoodsAndServicesSold": "None", "operatingIncome": "103477", "sellingGeneralAndAdministrative": "433009", "researchAndDevelopment": "None", "operatingExpenses": "439903", "investmentIncomeNet": "None", "netInterestIncome": "None", "interestIncome": "None", "interestExpense": "None", "nonInterestIncome": "None", "otherNonOperatingIncome": "None", "depreciation": "None", "depreciationAndAmortization": "25369", "incomeBeforeTax": "104052", "incomeTaxExpense": "21927", "interestAndDebtExpense": "None", "netIncomeFromContinuingOperations": "None", "comprehensiveIncomeNetOfTax": "None", "ebit": "78108", "ebitda": "103477", "netIncome": "82125"}, {"fiscalDateEnding": "2016-09-30", "reportedCurrency": "USD", "grossProfit": "326667", "totalRevenue": "326667", "costOfRevenue": "None", "costofGoodsAndServicesSold": "None", "operatingIncome": "-1104", "sellingGeneralAndAdministrative": "85165", "researchAndDevelopment": "None", "operatingExpenses": "1104", "investmentIncomeNet": "None", "netInterestIncome": "None", "interestIncome": "None", "interestExpense": "None", "nonInterestIncome": "None", "otherNonOperatingIncome": "None", "depreciation": "None", "depreciationAndAmortization": "-207833", "incomeBeforeTax": "-1104", "incomeTaxExpense": "207874", "interestAndDebtExpense": "None", "netIncomeFromContinuingOperations": "None", "comprehensiveIncomeNetOfTax": "None", "ebit": "206729", "ebitda": "-1104", "netIncome": "-1104"}, {"fiscalDateEnding": "2016-06-30", "reportedCurrency": "USD", "grossProfit": "None", "totalRevenue": "None", "costOfRevenue": "None", "costofGoodsAndServicesSold": "None", "operatingIncome": "-6750", "sellingGeneralAndAdministrative": "6750", "researchAndDevelopment": "None", "operatingExpenses": "6750", "investmentIncomeNet": "None", "netInterestIncome": "None", "interestIncome": "None", "interestExpense": "None", "nonInterestIncome": "None", "otherNonOperatingIncome": "None", "depreciation": "None", "depreciationAndAmortization": "46052", "incomeBeforeTax": "-6750", "incomeTaxExpense": "-46000", "interestAndDebtExpense": "None", "netIncomeFromContinuingOperations": "None", "comprehensiveIncomeNetOfTax": "None", "ebit": "-52802", "ebitda": "-6750", "netIncome": "-6750"}, {"fiscalDateEnding": "2016-03-31", "reportedCurrency": "USD", "grossProfit": "None", "totalRevenue": "None", "costOfRevenue": "None", "costofGoodsAndServicesSold": "None", "operatingIncome": "-18690", "sellingGeneralAndAdministrative": "18690", "researchAndDevelopment": "None", "operatingExpenses": "18690", "investmentIncomeNet": "None", "netInterestIncome": "None", "interestIncome": "None", "interestExpense": "None", "nonInterestIncome": "None", "otherNonOperatingIncome": "None", "depreciation": "None", "depreciationAndAmortization": "59479", "incomeBeforeTax": "-18690", "incomeTaxExpense": "-59471", "interestAndDebtExpense": "None", "netIncomeFromContinuingOperations": "None", "comprehensiveIncomeNetOfTax": "None", "ebit": "-78169", "ebitda": "-18690", "netIncome": "-18690"}, {"fiscalDateEnding": "2015-12-31", "reportedCurrency": "USD", "grossProfit": "None", "totalRevenue": "None", "costOfRevenue": "None", "costofGoodsAndServicesSold": "None", "operatingIncome": "-6941", "sellingGeneralAndAdministrative": "6941", "researchAndDevelopment": "None", "operatingExpenses": "6941", "investmentIncomeNet": "None", "netInterestIncome": "None", "interestIncome": "None", "interestExpense": "None", "nonInterestIncome": "None", "otherNonOperatingIncome": "None", "depreciation": "None", "depreciationAndAmortization": "None", "incomeBeforeTax": "-6941", "incomeTaxExpense": "None", "interestAndDebtExpense": "None", "netIncomeFromContinuingOperations": "None", "comprehensiveIncomeNetOfTax": "None", "ebit": "None", "ebitda": "-6941", "netIncome": "-6941"}, {"fiscalDateEnding": "2015-09-30", "reportedCurrency": "USD", "grossProfit": "None", "totalRevenue": "None", "costOfRevenue": "None", "costofGoodsAndServicesSold": "None", "operatingIncome": "-12265", "sellingGeneralAndAdministrative": "12265", "researchAndDevelopment": "None", "operatingExpenses": "12265", "investmentIncomeNet": "None", "netInterestIncome": "None", "interestIncome": "None", "interestExpense": "None", "nonInterestIncome": "None", "otherNonOperatingIncome": "None", "depreciation": "None", "depreciationAndAmortization": "None", "incomeBeforeTax": "-12265", "incomeTaxExpense": "None", "interestAndDebtExpense": "None", "netIncomeFromContinuingOperations": "None", "comprehensiveIncomeNetOfTax": "None", "ebit": "None", "ebitda": "-12265", "netIncome": "-12265"}, {"fiscalDateEnding": "2015-06-30", "reportedCurrency": "USD", "grossProfit": "None", "totalRevenue": "None", "costOfRevenue": "None", "costofGoodsAndServicesSold": "None", "operatingIncome": "-4750", "sellingGeneralAndAdministrative": "4750", "researchAndDevelopment": "None", "operatingExpenses": "4750", "investmentIncomeNet": "None", "netInterestIncome": "None", "interestIncome": "None", "interestExpense": "None", "nonInterestIncome": "None", "otherNonOperatingIncome": "None", "depreciation": "None", "depreciationAndAmortization": "4233", "incomeBeforeTax": "-4750", "incomeTaxExpense": "-4233", "interestAndDebtExpense": "None", "netIncomeFromContinuingOperations": "None", "comprehensiveIncomeNetOfTax": "None", "ebit": "-8983", "ebitda": "-4750", "netIncome": "-4750"}, {"fiscalDateEnding": "2015-03-31", "reportedCurrency": "USD", "grossProfit": "None", "totalRevenue": "None", "costOfRevenue": "None", "costofGoodsAndServicesSold": "None", "operatingIncome": "-7050", "sellingGeneralAndAdministrative": "7050", "researchAndDevelopment": "None", "operatingExpenses": "7050", "investmentIncomeNet": "None", "netInterestIncome": "None", "interestIncome": "None", "interestExpense": "None", "nonInterestIncome": "None", "otherNonOperatingIncome": "None", "depreciation": "None", "depreciationAndAmortization": "None", "incomeBeforeTax": "-7050", "incomeTaxExpense": "None", "interestAndDebtExpense": "None", "netIncomeFromContinuingOperations": "None", "comprehensiveIncomeNetOfTax": "None", "ebit": "None", "ebitda": "-7050", "netIncome": "-7050"}, {"fiscalDateEnding": "2014-12-31", "reportedCurrency": "USD", "grossProfit": "None", "totalRevenue": "None", "costOfRevenue": "None", "costofGoodsAndServicesSold": "None", "operatingIncome": "-3500", "sellingGeneralAndAdministrative": "3500", "researchAndDevelopment": "None", "operatingExpenses": "3500", "investmentIncomeNet": "None", "netInterestIncome": "None", "interestIncome": "None", "interestExpense": "None", "nonInterestIncome": "None", "otherNonOperatingIncome": "None", "depreciation": "None", "depreciationAndAmortization": "None", "incomeBeforeTax": "-3500", "incomeTaxExpense": "None", "interestAndDebtExpense": "None", "netIncomeFromContinuingOperations": "None", "comprehensiveIncomeNetOfTax": "None", "ebit": "None", "ebitda": "-3500", "netIncome": "-3500"}]}