{"symbol": "TKO", "annualReports": [{"fiscalDateEnding": "2024-12-31", "reportedCurrency": "USD", "grossProfit": "1511624000", "totalRevenue": "2804341000", "costOfRevenue": "1292717000", "costofGoodsAndServicesSold": "1292717000", "operatingIncome": "774980000", "sellingGeneralAndAdministrative": "1228722000", "researchAndDevelopment": "None", "operatingExpenses": "736644000", "investmentIncomeNet": "None", "netInterestIncome": "-249115000", "interestIncome": "251382000", "interestExpense": "249115000", "nonInterestIncome": "None", "otherNonOperatingIncome": "None", "depreciation": "None", "depreciationAndAmortization": "392842000", "incomeBeforeTax": "32083000", "incomeTaxExpense": "25706000", "interestAndDebtExpense": "None", "netIncomeFromContinuingOperations": "6377000", "comprehensiveIncomeNetOfTax": "None", "ebit": "283465000", "ebitda": "676307000", "netIncome": "9408000"}, {"fiscalDateEnding": "2023-12-31", "reportedCurrency": "USD", "grossProfit": "995754000", "totalRevenue": "1674968000", "costOfRevenue": "679214000", "costofGoodsAndServicesSold": "679214000", "operatingIncome": "586192000", "sellingGeneralAndAdministrative": "549091000", "researchAndDevelopment": "None", "operatingExpenses": "409562000", "investmentIncomeNet": "None", "netInterestIncome": "-239042000", "interestIncome": "239308000", "interestExpense": "239042000", "nonInterestIncome": "None", "otherNonOperatingIncome": "None", "depreciation": "None", "depreciationAndAmortization": "164616000", "incomeBeforeTax": "207169000", "incomeTaxExpense": "31446000", "interestAndDebtExpense": "None", "netIncomeFromContinuingOperations": "175723000", "comprehensiveIncomeNetOfTax": "None", "ebit": "446477000", "ebitda": "611093000", "netIncome": "-35227000"}, {"fiscalDateEnding": "2022-12-31", "reportedCurrency": "USD", "grossProfit": "754529000", "totalRevenue": "1140147000", "costOfRevenue": "385618000", "costofGoodsAndServicesSold": "385618000", "operatingIncome": "545140000", "sellingGeneralAndAdministrative": "240387000", "researchAndDevelopment": "None", "operatingExpenses": "209389000", "investmentIncomeNet": "None", "netInterestIncome": "-139567000", "interestIncome": "16999000", "interestExpense": "139567000", "nonInterestIncome": "None", "otherNonOperatingIncome": "None", "depreciation": "None", "depreciationAndAmortization": "60032000", "incomeBeforeTax": "403340000", "incomeTaxExpense": "14318000", "interestAndDebtExpense": "None", "netIncomeFromContinuingOperations": "389022000", "comprehensiveIncomeNetOfTax": "None", "ebit": "543116000", "ebitda": "603148000", "netIncome": "387275000"}, {"fiscalDateEnding": "2021-12-31", "reportedCurrency": "USD", "grossProfit": "446099000", "totalRevenue": "1095174000", "costOfRevenue": "649075000", "costofGoodsAndServicesSold": "649075000", "operatingIncome": "256017000", "sellingGeneralAndAdministrative": "190082000", "researchAndDevelopment": "None", "operatingExpenses": "190082000", "investmentIncomeNet": "None", "netInterestIncome": "-102247000", "interestIncome": "33215000", "interestExpense": "33610000", "nonInterestIncome": "None", "otherNonOperatingIncome": "None", "depreciation": "None", "depreciationAndAmortization": "77924000", "incomeBeforeTax": "229862000", "incomeTaxExpense": "52454000", "interestAndDebtExpense": "None", "netIncomeFromContinuingOperations": "273625000", "comprehensiveIncomeNetOfTax": "None", "ebit": "263472000", "ebitda": "341396000", "netIncome": "177408000"}, {"fiscalDateEnding": "2020-12-31", "reportedCurrency": "USD", "grossProfit": "382111000", "totalRevenue": "974207000", "costOfRevenue": "592096000", "costofGoodsAndServicesSold": "592096000", "operatingIncome": "208544000", "sellingGeneralAndAdministrative": "169867000", "researchAndDevelopment": "None", "operatingExpenses": "173567000", "investmentIncomeNet": "None", "netInterestIncome": "-118550000", "interestIncome": "33782000", "interestExpense": "35601000", "nonInterestIncome": "None", "otherNonOperatingIncome": "None", "depreciation": "None", "depreciationAndAmortization": "86188000", "incomeBeforeTax": "171109000", "incomeTaxExpense": "39338000", "interestAndDebtExpense": "None", "netIncomeFromContinuingOperations": "178325000", "comprehensiveIncomeNetOfTax": "None", "ebit": "206710000", "ebitda": "292898000", "netIncome": "131770999"}, {"fiscalDateEnding": "2019-12-31", "reportedCurrency": "None", "grossProfit": "288116000", "totalRevenue": "960442000", "costOfRevenue": "672326000", "costofGoodsAndServicesSold": "672326000", "operatingIncome": "116510000", "sellingGeneralAndAdministrative": "None", "researchAndDevelopment": "None", "operatingExpenses": "171606000", "investmentIncomeNet": "None", "netInterestIncome": "None", "interestIncome": "None", "interestExpense": "26121000", "nonInterestIncome": "None", "otherNonOperatingIncome": "None", "depreciation": "None", "depreciationAndAmortization": "83280000", "incomeBeforeTax": "94678000", "incomeTaxExpense": "17617000", "interestAndDebtExpense": "None", "netIncomeFromContinuingOperations": "None", "comprehensiveIncomeNetOfTax": "None", "ebit": "120799000", "ebitda": "204079000", "netIncome": "77061000"}, {"fiscalDateEnding": "2018-12-31", "reportedCurrency": "None", "grossProfit": "295909000", "totalRevenue": "930160000", "costOfRevenue": "634251000", "costofGoodsAndServicesSold": "634251000", "operatingIncome": "114478000", "sellingGeneralAndAdministrative": "None", "researchAndDevelopment": "None", "operatingExpenses": "181431000", "investmentIncomeNet": "None", "netInterestIncome": "None", "interestIncome": "None", "interestExpense": "15405000", "nonInterestIncome": "None", "otherNonOperatingIncome": "None", "depreciation": "None", "depreciationAndAmortization": "70155000", "incomeBeforeTax": "106037000", "incomeTaxExpense": "6449000", "interestAndDebtExpense": "None", "netIncomeFromContinuingOperations": "None", "comprehensiveIncomeNetOfTax": "None", "ebit": "121442000", "ebitda": "191597000", "netIncome": "99588000"}, {"fiscalDateEnding": "2017-12-31", "reportedCurrency": "None", "grossProfit": "241856000", "totalRevenue": "800959000", "costOfRevenue": "559103000", "costofGoodsAndServicesSold": "559103000", "operatingIncome": "81050000", "sellingGeneralAndAdministrative": "None", "researchAndDevelopment": "None", "operatingExpenses": "160806000", "investmentIncomeNet": "None", "netInterestIncome": "None", "interestIncome": "None", "interestExpense": "14736000", "nonInterestIncome": "None", "otherNonOperatingIncome": "None", "depreciation": "None", "depreciationAndAmortization": "65072000", "incomeBeforeTax": "64060000", "incomeTaxExpense": "31420000", "interestAndDebtExpense": "None", "netIncomeFromContinuingOperations": "None", "comprehensiveIncomeNetOfTax": "None", "ebit": "78796000", "ebitda": "143868000", "netIncome": "32640000"}, {"fiscalDateEnding": "2016-12-31", "reportedCurrency": "None", "grossProfit": "275596000", "totalRevenue": "729216000", "costOfRevenue": "453620000", "costofGoodsAndServicesSold": "453620000", "operatingIncome": "56464000", "sellingGeneralAndAdministrative": "None", "researchAndDevelopment": "None", "operatingExpenses": "219132000", "investmentIncomeNet": "None", "netInterestIncome": "None", "interestIncome": "None", "interestExpense": "3020000", "nonInterestIncome": "None", "otherNonOperatingIncome": "None", "depreciation": "None", "depreciationAndAmortization": "62015000", "incomeBeforeTax": "53213000", "incomeTaxExpense": "19372000", "interestAndDebtExpense": "None", "netIncomeFromContinuingOperations": "None", "comprehensiveIncomeNetOfTax": "None", "ebit": "56233000", "ebitda": "118248000", "netIncome": "33841000"}, {"fiscalDateEnding": "2015-12-31", "reportedCurrency": "None", "grossProfit": "239182000", "totalRevenue": "658768000", "costOfRevenue": "419586000", "costofGoodsAndServicesSold": "419586000", "operatingIncome": "46409000", "sellingGeneralAndAdministrative": "None", "researchAndDevelopment": "None", "operatingExpenses": "192773000", "investmentIncomeNet": "None", "netInterestIncome": "None", "interestIncome": "None", "interestExpense": "2367000", "nonInterestIncome": "None", "otherNonOperatingIncome": "None", "depreciation": "None", "depreciationAndAmortization": "60622000", "incomeBeforeTax": "36226000", "incomeTaxExpense": "12082000", "interestAndDebtExpense": "None", "netIncomeFromContinuingOperations": "None", "comprehensiveIncomeNetOfTax": "None", "ebit": "38593000", "ebitda": "99215000", "netIncome": "24144000"}], "quarterlyReports": [{"fiscalDateEnding": "2025-09-30", "reportedCurrency": "USD", "grossProfit": "551130000", "totalRevenue": "1119914000", "costOfRevenue": "568784000", "costofGoodsAndServicesSold": "568784000", "operatingIncome": "197124000", "sellingGeneralAndAdministrative": "379167000", "researchAndDevelopment": "None", "operatingExpenses": "354006000", "investmentIncomeNet": "None", "netInterestIncome": "-50842000", "interestIncome": "49220000", "interestExpense": "50842000", "nonInterestIncome": "None", "otherNonOperatingIncome": "None", "depreciation": "None", "depreciationAndAmortization": "129131000", "incomeBeforeTax": "119561000", "incomeTaxExpense": "12771000", "interestAndDebtExpense": "None", "netIncomeFromContinuingOperations": "106790000", "comprehensiveIncomeNetOfTax": "None", "ebit": "170403000", "ebitda": "299534000", "netIncome": "41005000"}, {"fiscalDateEnding": "2025-06-30", "reportedCurrency": "USD", "grossProfit": "732662000", "totalRevenue": "1308442000", "costOfRevenue": "575780000", "costofGoodsAndServicesSold": "575780000", "operatingIncome": "386566000", "sellingGeneralAndAdministrative": "364357000", "researchAndDevelopment": "None", "operatingExpenses": "346096000", "investmentIncomeNet": "None", "netInterestIncome": "-48207000", "interestIncome": "40897000", "interestExpense": "48207000", "nonInterestIncome": "None", "otherNonOperatingIncome": "None", "depreciation": "None", "depreciationAndAmortization": "99397000", "incomeBeforeTax": "319569000", "incomeTaxExpense": "46472000", "interestAndDebtExpense": "None", "netIncomeFromContinuingOperations": "273097000", "comprehensiveIncomeNetOfTax": "None", "ebit": "360466000", "ebitda": "459863000", "netIncome": "98365000"}, {"fiscalDateEnding": "2025-03-31", "reportedCurrency": "USD", "grossProfit": "600648000", "totalRevenue": "1268800000", "costOfRevenue": "668152000", "costofGoodsAndServicesSold": "668152000", "operatingIncome": "285112000", "sellingGeneralAndAdministrative": "363285000", "researchAndDevelopment": "None", "operatingExpenses": "315536000", "investmentIncomeNet": "None", "netInterestIncome": "-44765000", "interestIncome": "42241000", "interestExpense": "44765000", "nonInterestIncome": "None", "otherNonOperatingIncome": "None", "depreciation": "None", "depreciationAndAmortization": "100535000", "incomeBeforeTax": "186738000", "incomeTaxExpense": "21182000", "interestAndDebtExpense": "None", "netIncomeFromContinuingOperations": "165556000", "comprehensiveIncomeNetOfTax": "None", "ebit": "228978000", "ebitda": "329513000", "netIncome": "58408000"}, {"fiscalDateEnding": "2024-12-31", "reportedCurrency": "USD", "grossProfit": "326506000", "totalRevenue": "642196000", "costOfRevenue": "315690000", "costofGoodsAndServicesSold": "315690000", "operatingIncome": "105061000", "sellingGeneralAndAdministrative": "224580000", "researchAndDevelopment": "None", "operatingExpenses": "221445000", "investmentIncomeNet": "None", "netInterestIncome": "-56247000", "interestIncome": "59226000", "interestExpense": "56247000", "nonInterestIncome": "None", "otherNonOperatingIncome": "None", "depreciation": "None", "depreciationAndAmortization": "83714000", "incomeBeforeTax": "41357000", "incomeTaxExpense": "-6123000", "interestAndDebtExpense": "None", "netIncomeFromContinuingOperations": "47501000", "comprehensiveIncomeNetOfTax": "None", "ebit": "100604000", "ebitda": "184318000", "netIncome": "30980000"}, {"fiscalDateEnding": "2024-09-30", "reportedCurrency": "USD", "grossProfit": "376033000", "totalRevenue": "681273000", "costOfRevenue": "305240000", "costofGoodsAndServicesSold": "305240000", "operatingIncome": "181964000", "sellingGeneralAndAdministrative": "239660000", "researchAndDevelopment": "None", "operatingExpenses": "194069000", "investmentIncomeNet": "None", "netInterestIncome": "-62644000", "interestIncome": "62255000", "interestExpense": "62644000", "nonInterestIncome": "None", "otherNonOperatingIncome": "None", "depreciation": "None", "depreciationAndAmortization": "98148000", "incomeBeforeTax": "75499000", "incomeTaxExpense": "17777000", "interestAndDebtExpense": "None", "netIncomeFromContinuingOperations": "57722000", "comprehensiveIncomeNetOfTax": "None", "ebit": "137754000", "ebitda": "235902000", "netIncome": "23136000"}, {"fiscalDateEnding": "2024-06-30", "reportedCurrency": "USD", "grossProfit": "483041000", "totalRevenue": "1193191000", "costOfRevenue": "710150000", "costofGoodsAndServicesSold": "710150000", "operatingIncome": "126648000", "sellingGeneralAndAdministrative": "232602000", "researchAndDevelopment": "None", "operatingExpenses": "356393000", "investmentIncomeNet": "None", "netInterestIncome": "-65758000", "interestIncome": "None", "interestExpense": "62979000", "nonInterestIncome": "None", "otherNonOperatingIncome": "None", "depreciation": "None", "depreciationAndAmortization": "118912000", "incomeBeforeTax": "52792000", "incomeTaxExpense": "6609000", "interestAndDebtExpense": "None", "netIncomeFromContinuingOperations": "150664000", "comprehensiveIncomeNetOfTax": "None", "ebit": "114653000", "ebitda": "233565000", "netIncome": "59107000"}, {"fiscalDateEnding": "2024-03-31", "reportedCurrency": "USD", "grossProfit": "494733000", "totalRevenue": "1222448000", "costOfRevenue": "727715000", "costofGoodsAndServicesSold": "727715000", "operatingIncome": "181688000", "sellingGeneralAndAdministrative": "531880000", "researchAndDevelopment": "None", "operatingExpenses": "313045000", "investmentIncomeNet": "None", "netInterestIncome": "-64466000", "interestIncome": "None", "interestExpense": "61177000", "nonInterestIncome": "None", "otherNonOperatingIncome": "None", "depreciation": "None", "depreciationAndAmortization": "122069000", "incomeBeforeTax": "-240184000", "incomeTaxExpense": "-5731000", "interestAndDebtExpense": "None", "netIncomeFromContinuingOperations": "-249510000", "comprehensiveIncomeNetOfTax": "None", "ebit": "-181814000", "ebitda": "-59745000", "netIncome": "-103840000"}, {"fiscalDateEnding": "2023-12-31", "reportedCurrency": "USD", "grossProfit": "299000000", "totalRevenue": "614000000", "costOfRevenue": "315000000", "costofGoodsAndServicesSold": "315000000", "operatingIncome": "98000000", "sellingGeneralAndAdministrative": "236058000", "researchAndDevelopment": "None", "operatingExpenses": "201000000", "investmentIncomeNet": "None", "netInterestIncome": "-66603000", "interestIncome": "None", "interestExpense": "66599999", "nonInterestIncome": "None", "otherNonOperatingIncome": "None", "depreciation": "None", "depreciationAndAmortization": "102700000", "incomeBeforeTax": "-2300000", "incomeTaxExpense": "13800000", "interestAndDebtExpense": "None", "netIncomeFromContinuingOperations": "-16101000", "comprehensiveIncomeNetOfTax": "None", "ebit": "64300000", "ebitda": "167000000", "netIncome": "-13300000"}, {"fiscalDateEnding": "2023-09-30", "reportedCurrency": "USD", "grossProfit": "287048000", "totalRevenue": "449058000", "costOfRevenue": "162010000", "costofGoodsAndServicesSold": "162010000", "operatingIncome": "93837000", "sellingGeneralAndAdministrative": "193200000", "researchAndDevelopment": "None", "operatingExpenses": "193211000", "investmentIncomeNet": "None", "netInterestIncome": "-60600000", "interestIncome": "None", "interestExpense": "60636000", "nonInterestIncome": "None", "otherNonOperatingIncome": "None", "depreciation": "None", "depreciationAndAmortization": "36112000", "incomeBeforeTax": "33176000", "incomeTaxExpense": "11156000", "interestAndDebtExpense": "None", "netIncomeFromContinuingOperations": "22000000", "comprehensiveIncomeNetOfTax": "None", "ebit": "93141000", "ebitda": "129253000", "netIncome": "-21886000"}, {"fiscalDateEnding": "2023-06-30", "reportedCurrency": "USD", "grossProfit": "207346000", "totalRevenue": "305185000", "costOfRevenue": "97839000", "costofGoodsAndServicesSold": "97839000", "operatingIncome": "155236000", "sellingGeneralAndAdministrative": "83857000", "researchAndDevelopment": "None", "operatingExpenses": "52110000", "investmentIncomeNet": "None", "netInterestIncome": "-57895000", "interestIncome": "1263000", "interestExpense": "57895000", "nonInterestIncome": "None", "otherNonOperatingIncome": "None", "depreciation": "None", "depreciationAndAmortization": "15050000", "incomeBeforeTax": "84723000", "incomeTaxExpense": "2869000", "interestAndDebtExpense": "None", "netIncomeFromContinuingOperations": "81854000", "comprehensiveIncomeNetOfTax": "None", "ebit": "143335000", "ebitda": "158385000", "netIncome": "81414000"}, {"fiscalDateEnding": "2023-03-31", "reportedCurrency": "USD", "grossProfit": "202426000", "totalRevenue": "306730000", "costOfRevenue": "104304000", "costofGoodsAndServicesSold": "104304000", "operatingIncome": "157337000", "sellingGeneralAndAdministrative": "59872000", "researchAndDevelopment": "None", "operatingExpenses": "45089000", "investmentIncomeNet": "None", "netInterestIncome": "-53908000", "interestIncome": "1052000", "interestExpense": "53908000", "nonInterestIncome": "None", "otherNonOperatingIncome": "None", "depreciation": "None", "depreciationAndAmortization": "15152000", "incomeBeforeTax": "91580000", "incomeTaxExpense": "3630000", "interestAndDebtExpense": "None", "netIncomeFromContinuingOperations": "87950000", "comprehensiveIncomeNetOfTax": "None", "ebit": "145751000", "ebitda": "160903000", "netIncome": "87602000"}, {"fiscalDateEnding": "2022-12-31", "reportedCurrency": "USD", "grossProfit": "174600000", "totalRevenue": "271700000", "costOfRevenue": "97100000", "costofGoodsAndServicesSold": "97100000", "operatingIncome": "120400000", "sellingGeneralAndAdministrative": "67348000", "researchAndDevelopment": "None", "operatingExpenses": "54200000", "investmentIncomeNet": "None", "netInterestIncome": "-48800000", "interestIncome": "2736000", "interestExpense": "48800000", "nonInterestIncome": "None", "otherNonOperatingIncome": "None", "depreciation": "None", "depreciationAndAmortization": "15000000", "incomeBeforeTax": "70300000", "incomeTaxExpense": "1800000", "interestAndDebtExpense": "None", "netIncomeFromContinuingOperations": "68482000", "comprehensiveIncomeNetOfTax": "None", "ebit": "119300000", "ebitda": "134300000", "netIncome": "68373000"}, {"fiscalDateEnding": "2022-09-30", "reportedCurrency": "USD", "grossProfit": "226133000", "totalRevenue": "340699000", "costOfRevenue": "114566000", "costofGoodsAndServicesSold": "114566000", "operatingIncome": "169636000", "sellingGeneralAndAdministrative": "56497000", "researchAndDevelopment": "None", "operatingExpenses": "56497000", "investmentIncomeNet": "None", "netInterestIncome": "-35319000", "interestIncome": "None", "interestExpense": "35319000", "nonInterestIncome": "None", "otherNonOperatingIncome": "None", "depreciation": "None", "depreciationAndAmortization": "18679000", "incomeBeforeTax": "134717000", "incomeTaxExpense": "5044000", "interestAndDebtExpense": "None", "netIncomeFromContinuingOperations": "129673000", "comprehensiveIncomeNetOfTax": "None", "ebit": "170036000", "ebitda": "188715000", "netIncome": "129042000"}, {"fiscalDateEnding": "2022-06-30", "reportedCurrency": "USD", "grossProfit": "121798000", "totalRevenue": "328135000", "costOfRevenue": "206337000", "costofGoodsAndServicesSold": "206337000", "operatingIncome": "69328000", "sellingGeneralAndAdministrative": "53705000", "researchAndDevelopment": "None", "operatingExpenses": "52470000", "investmentIncomeNet": "None", "netInterestIncome": "-27650000", "interestIncome": "None", "interestExpense": "4635000", "nonInterestIncome": "None", "otherNonOperatingIncome": "None", "depreciation": "None", "depreciationAndAmortization": "21226000", "incomeBeforeTax": "64427000", "incomeTaxExpense": "15328000", "interestAndDebtExpense": "None", "netIncomeFromContinuingOperations": "94621000", "comprehensiveIncomeNetOfTax": "None", "ebit": "69062000", "ebitda": "90288000", "netIncome": "49099000"}, {"fiscalDateEnding": "2022-03-31", "reportedCurrency": "USD", "grossProfit": "143056000", "totalRevenue": "333448000", "costOfRevenue": "190392000", "costofGoodsAndServicesSold": "190392000", "operatingIncome": "92409000", "sellingGeneralAndAdministrative": "None", "researchAndDevelopment": "None", "operatingExpenses": "50647000", "investmentIncomeNet": "None", "netInterestIncome": "None", "interestIncome": "None", "interestExpense": "6345000", "nonInterestIncome": "None", "otherNonOperatingIncome": "None", "depreciation": "None", "depreciationAndAmortization": "24091000", "incomeBeforeTax": "86385000", "incomeTaxExpense": "20344000", "interestAndDebtExpense": "None", "netIncomeFromContinuingOperations": "None", "comprehensiveIncomeNetOfTax": "None", "ebit": "92730000", "ebitda": "116821000", "netIncome": "66041000"}, {"fiscalDateEnding": "2021-12-31", "reportedCurrency": "None", "grossProfit": "130219000", "totalRevenue": "310257000", "costOfRevenue": "180038000", "costofGoodsAndServicesSold": "180038000", "operatingIncome": "80674000", "sellingGeneralAndAdministrative": "None", "researchAndDevelopment": "None", "operatingExpenses": "49545000", "investmentIncomeNet": "None", "netInterestIncome": "None", "interestIncome": "None", "interestExpense": "8102000", "nonInterestIncome": "None", "otherNonOperatingIncome": "None", "depreciation": "None", "depreciationAndAmortization": "15044000", "incomeBeforeTax": "79257000", "incomeTaxExpense": "18368000", "interestAndDebtExpense": "None", "netIncomeFromContinuingOperations": "None", "comprehensiveIncomeNetOfTax": "None", "ebit": "87359000", "ebitda": "102403000", "netIncome": "60889000"}, {"fiscalDateEnding": "2021-09-30", "reportedCurrency": "None", "grossProfit": "106653000", "totalRevenue": "255853000", "costOfRevenue": "149200000", "costofGoodsAndServicesSold": "149200000", "operatingIncome": "63936000", "sellingGeneralAndAdministrative": "None", "researchAndDevelopment": "None", "operatingExpenses": "42717000", "investmentIncomeNet": "None", "netInterestIncome": "None", "interestIncome": "None", "interestExpense": "8508000", "nonInterestIncome": "None", "otherNonOperatingIncome": "None", "depreciation": "None", "depreciationAndAmortization": "16646000", "incomeBeforeTax": "55768000", "incomeTaxExpense": "12282000", "interestAndDebtExpense": "None", "netIncomeFromContinuingOperations": "None", "comprehensiveIncomeNetOfTax": "None", "ebit": "64276000", "ebitda": "80922000", "netIncome": "43486000"}, {"fiscalDateEnding": "2021-06-30", "reportedCurrency": "None", "grossProfit": "98699000", "totalRevenue": "265540000", "costOfRevenue": "166841000", "costofGoodsAndServicesSold": "166841000", "operatingIncome": "46351000", "sellingGeneralAndAdministrative": "None", "researchAndDevelopment": "None", "operatingExpenses": "52348000", "investmentIncomeNet": "None", "netInterestIncome": "None", "interestIncome": "None", "interestExpense": "8492000", "nonInterestIncome": "None", "otherNonOperatingIncome": "None", "depreciation": "None", "depreciationAndAmortization": "25313000", "incomeBeforeTax": "37733000", "incomeTaxExpense": "8532000", "interestAndDebtExpense": "None", "netIncomeFromContinuingOperations": "None", "comprehensiveIncomeNetOfTax": "None", "ebit": "46225000", "ebitda": "71538000", "netIncome": "29201000"}, {"fiscalDateEnding": "2021-03-31", "reportedCurrency": "None", "grossProfit": "110528000", "totalRevenue": "263524000", "costOfRevenue": "152996000", "costofGoodsAndServicesSold": "152996000", "operatingIncome": "65056000", "sellingGeneralAndAdministrative": "None", "researchAndDevelopment": "None", "operatingExpenses": "45472000", "investmentIncomeNet": "None", "netInterestIncome": "None", "interestIncome": "None", "interestExpense": "8508000", "nonInterestIncome": "None", "otherNonOperatingIncome": "None", "depreciation": "None", "depreciationAndAmortization": "20921000", "incomeBeforeTax": "57104000", "incomeTaxExpense": "13272000", "interestAndDebtExpense": "None", "netIncomeFromContinuingOperations": "None", "comprehensiveIncomeNetOfTax": "None", "ebit": "65612000", "ebitda": "86533000", "netIncome": "43832000"}]}