{"symbol": "COP", "annualReports": [{"fiscalDateEnding": "2025-12-31", "reportedCurrency": "None", "grossProfit": "20975000000", "totalRevenue": "59668000000", "costOfRevenue": "38693000000", "costofGoodsAndServicesSold": "38693000000", "operatingIncome": "11844000000", "sellingGeneralAndAdministrative": "7412000000", "researchAndDevelopment": "None", "operatingExpenses": "9131000000", "investmentIncomeNet": "None", "netInterestIncome": "None", "interestIncome": "None", "interestExpense": "1139000000", "nonInterestIncome": "None", "otherNonOperatingIncome": "None", "depreciation": "None", "depreciationAndAmortization": "11386000000", "incomeBeforeTax": "12711000000", "incomeTaxExpense": "4765000000", "interestAndDebtExpense": "None", "netIncomeFromContinuingOperations": "None", "comprehensiveIncomeNetOfTax": "None", "ebit": "13654000000", "ebitda": "25040000000", "netIncome": "7930000000"}, {"fiscalDateEnding": "2024-12-31", "reportedCurrency": "USD", "grossProfit": "16028000000", "totalRevenue": "54612000000", "costOfRevenue": "38584000000", "costofGoodsAndServicesSold": "38584000000", "operatingIncome": "12783000000", "sellingGeneralAndAdministrative": "1158000000", "researchAndDevelopment": "81000000", "operatingExpenses": "3245000000", "investmentIncomeNet": "None", "netInterestIncome": "-706000000", "interestIncome": "402000000", "interestExpense": "1108000000", "nonInterestIncome": "None", "otherNonOperatingIncome": "None", "depreciation": "None", "depreciationAndAmortization": "9645000000", "incomeBeforeTax": "13672000000", "incomeTaxExpense": "4427000000", "interestAndDebtExpense": "None", "netIncomeFromContinuingOperations": "9245000000", "comprehensiveIncomeNetOfTax": "None", "ebit": "14780000000", "ebitda": "24425000000", "netIncome": "9218000000"}, {"fiscalDateEnding": "2023-12-31", "reportedCurrency": "USD", "grossProfit": "18203000000", "totalRevenue": "56141000000", "costOfRevenue": "37938000000", "costofGoodsAndServicesSold": "37938000000", "operatingIncome": "15030000000", "sellingGeneralAndAdministrative": "705000000", "researchAndDevelopment": "81000000", "operatingExpenses": "3177000000", "investmentIncomeNet": "None", "netInterestIncome": "-651000000", "interestIncome": "412000000", "interestExpense": "1063000000", "nonInterestIncome": "None", "otherNonOperatingIncome": "None", "depreciation": "None", "depreciationAndAmortization": "8432000000", "incomeBeforeTax": "16288000000", "incomeTaxExpense": "5331000000", "interestAndDebtExpense": "None", "netIncomeFromContinuingOperations": "10957000000", "comprehensiveIncomeNetOfTax": "None", "ebit": "17351000000", "ebitda": "25783000000", "netIncome": "10922000000"}, {"fiscalDateEnding": "2022-12-31", "reportedCurrency": "USD", "grossProfit": "29628000000", "totalRevenue": "78582000000", "costOfRevenue": "48954000000", "costofGoodsAndServicesSold": "48954000000", "operatingIncome": "25641000000", "sellingGeneralAndAdministrative": "3987000000", "researchAndDevelopment": "71000000", "operatingExpenses": "3987000000", "investmentIncomeNet": "None", "netInterestIncome": "-1055000000", "interestIncome": "1376000000", "interestExpense": "1055000000", "nonInterestIncome": "None", "otherNonOperatingIncome": "3305000000", "depreciation": "None", "depreciationAndAmortization": "7844000000", "incomeBeforeTax": "28228000000", "incomeTaxExpense": "9548000000", "interestAndDebtExpense": "None", "netIncomeFromContinuingOperations": "18680000000", "comprehensiveIncomeNetOfTax": "None", "ebit": "29283000000", "ebitda": "37127000000", "netIncome": "18620000000"}, {"fiscalDateEnding": "2021-12-31", "reportedCurrency": "USD", "grossProfit": "14727000000", "totalRevenue": "46056000000", "costOfRevenue": "31329000000", "costofGoodsAndServicesSold": "31329000000", "operatingIncome": "12374000000", "sellingGeneralAndAdministrative": "719000000", "researchAndDevelopment": "62000000", "operatingExpenses": "2353000000", "investmentIncomeNet": "None", "netInterestIncome": "-1126000000", "interestIncome": "1010000000", "interestExpense": "1126000000", "nonInterestIncome": "None", "otherNonOperatingIncome": "-80000000", "depreciation": "None", "depreciationAndAmortization": "7252000000", "incomeBeforeTax": "12712000000", "incomeTaxExpense": "4633000000", "interestAndDebtExpense": "None", "netIncomeFromContinuingOperations": "8079000000", "comprehensiveIncomeNetOfTax": "None", "ebit": "13838000000", "ebitda": "21090000000", "netIncome": "8079000000"}, {"fiscalDateEnding": "2020-12-31", "reportedCurrency": "USD", "grossProfit": "-646000000", "totalRevenue": "18765000000", "costOfRevenue": "19411000000", "costofGoodsAndServicesSold": "19411000000", "operatingIncome": "-1830000000", "sellingGeneralAndAdministrative": "1184000000", "researchAndDevelopment": "75000000", "operatingExpenses": "1184000000", "investmentIncomeNet": "None", "netInterestIncome": "-806000000", "interestIncome": "302000000", "interestExpense": "1058000000", "nonInterestIncome": "None", "otherNonOperatingIncome": "59000000", "depreciation": "None", "depreciationAndAmortization": "6604000000", "incomeBeforeTax": "-3140000000", "incomeTaxExpense": "-485000000", "interestAndDebtExpense": "None", "netIncomeFromContinuingOperations": "-2655000000", "comprehensiveIncomeNetOfTax": "None", "ebit": "-2082000000", "ebitda": "4522000000", "netIncome": "-2701000000"}, {"fiscalDateEnding": "2019-12-31", "reportedCurrency": "USD", "grossProfit": "8547000000", "totalRevenue": "32426000000", "costOfRevenue": "23879000000", "costofGoodsAndServicesSold": "23879000000", "operatingIncome": "7038000000", "sellingGeneralAndAdministrative": "556000000", "researchAndDevelopment": "82000000", "operatingExpenses": "1509000000", "investmentIncomeNet": "None", "netInterestIncome": "-612000000", "interestIncome": "166000000", "interestExpense": "1104000000", "nonInterestIncome": "None", "otherNonOperatingIncome": "-131000000", "depreciation": "None", "depreciationAndAmortization": "6511000000", "incomeBeforeTax": "9524000000", "incomeTaxExpense": "2267000000", "interestAndDebtExpense": "None", "netIncomeFromContinuingOperations": "7257000000", "comprehensiveIncomeNetOfTax": "None", "ebit": "10628000000", "ebitda": "17139000000", "netIncome": "7189000000"}, {"fiscalDateEnding": "2018-12-31", "reportedCurrency": "USD", "grossProfit": "10581000000", "totalRevenue": "36372000000", "costOfRevenue": "25791000000", "costofGoodsAndServicesSold": "25791000000", "operatingIncome": "9132000000", "sellingGeneralAndAdministrative": "401000000", "researchAndDevelopment": "78000000", "operatingExpenses": "976000000", "investmentIncomeNet": "None", "netInterestIncome": "-638000000", "interestIncome": "97000000", "interestExpense": "1088000000", "nonInterestIncome": "None", "otherNonOperatingIncome": "-358000000", "depreciation": "None", "depreciationAndAmortization": "6051000000", "incomeBeforeTax": "9973000000", "incomeTaxExpense": "3668000000", "interestAndDebtExpense": "None", "netIncomeFromContinuingOperations": "6305000000", "comprehensiveIncomeNetOfTax": "None", "ebit": "11061000000", "ebitda": "17112000000", "netIncome": "6257000000"}, {"fiscalDateEnding": "2017-12-31", "reportedCurrency": "USD", "grossProfit": "3674000000", "totalRevenue": "29029000000", "costOfRevenue": "25355000000", "costofGoodsAndServicesSold": "25355000000", "operatingIncome": "2438000000", "sellingGeneralAndAdministrative": "561000000", "researchAndDevelopment": "100000000", "operatingExpenses": "1474000000", "investmentIncomeNet": "None", "netInterestIncome": "-986000000", "interestIncome": "112000000", "interestExpense": "1460000000", "nonInterestIncome": "None", "otherNonOperatingIncome": "-337000000", "depreciation": "None", "depreciationAndAmortization": "7411000000", "incomeBeforeTax": "-2615000000", "incomeTaxExpense": "-1822000000", "interestAndDebtExpense": "None", "netIncomeFromContinuingOperations": "-793000000", "comprehensiveIncomeNetOfTax": "None", "ebit": "-1155000000", "ebitda": "6256000000", "netIncome": "-855000000"}, {"fiscalDateEnding": "2016-12-31", "reportedCurrency": "USD", "grossProfit": "-2908000000", "totalRevenue": "23891000000", "costOfRevenue": "26799000000", "costofGoodsAndServicesSold": "26799000000", "operatingIncome": "-4370000000", "sellingGeneralAndAdministrative": "723000000", "researchAndDevelopment": "116000000", "operatingExpenses": "1462000000", "investmentIncomeNet": "None", "netInterestIncome": "-1188000000", "interestIncome": "57000000", "interestExpense": "1670000000", "nonInterestIncome": "None", "otherNonOperatingIncome": "19000000", "depreciation": "None", "depreciationAndAmortization": "10246000000", "incomeBeforeTax": "-5530000000", "incomeTaxExpense": "-1971000000", "interestAndDebtExpense": "None", "netIncomeFromContinuingOperations": "-3559000000", "comprehensiveIncomeNetOfTax": "None", "ebit": "-3860000000", "ebitda": "6386000000", "netIncome": "-3615000000"}, {"fiscalDateEnding": "2015-12-31", "reportedCurrency": "USD", "grossProfit": "-3213000000", "totalRevenue": "29333000000", "costOfRevenue": "32546000000", "costofGoodsAndServicesSold": "32546000000", "operatingIncome": "-5067000000", "sellingGeneralAndAdministrative": "953000000", "researchAndDevelopment": "222000000", "operatingExpenses": "1854000000", "investmentIncomeNet": "None", "netInterestIncome": "None", "interestIncome": "158000000", "interestExpense": "1403000000", "nonInterestIncome": "None", "otherNonOperatingIncome": "75000000", "depreciation": "None", "depreciationAndAmortization": "12178000000", "incomeBeforeTax": "-7239000000", "incomeTaxExpense": "-2868000000", "interestAndDebtExpense": "None", "netIncomeFromContinuingOperations": "-4371000000", "comprehensiveIncomeNetOfTax": "None", "ebit": "-5836000000", "ebitda": "6342000000", "netIncome": "-4428000000"}, {"fiscalDateEnding": "2014-12-31", "reportedCurrency": "USD", "grossProfit": "11926000000", "totalRevenue": "52001000000", "costOfRevenue": "40075000000", "costofGoodsAndServicesSold": "40075000000", "operatingIncome": "9103000000", "sellingGeneralAndAdministrative": "735000000", "researchAndDevelopment": "263000000", "operatingExpenses": "2823000000", "investmentIncomeNet": "None", "netInterestIncome": "None", "interestIncome": "None", "interestExpense": "1132000000", "nonInterestIncome": "None", "otherNonOperatingIncome": "66000000", "depreciation": "None", "depreciationAndAmortization": "9495000000", "incomeBeforeTax": "9390000000", "incomeTaxExpense": "3583000000", "interestAndDebtExpense": "None", "netIncomeFromContinuingOperations": "5807000000", "comprehensiveIncomeNetOfTax": "None", "ebit": "10522000000", "ebitda": "20017000000", "netIncome": "6869000000"}, {"fiscalDateEnding": "2013-12-31", "reportedCurrency": "USD", "grossProfit": "15887000000", "totalRevenue": "54573000000", "costOfRevenue": "38686000000", "costofGoodsAndServicesSold": "38686000000", "operatingIncome": "12149000000", "sellingGeneralAndAdministrative": "854000000", "researchAndDevelopment": "258000000", "operatingExpenses": "3738000000", "investmentIncomeNet": "None", "netInterestIncome": "None", "interestIncome": "None", "interestExpense": "1046000000", "nonInterestIncome": "None", "otherNonOperatingIncome": "58000000", "depreciation": "None", "depreciationAndAmortization": "7877000000", "incomeBeforeTax": "14446000000", "incomeTaxExpense": "6409000000", "interestAndDebtExpense": "None", "netIncomeFromContinuingOperations": "8037000000", "comprehensiveIncomeNetOfTax": "None", "ebit": "15492000000", "ebitda": "23369000000", "netIncome": "9156000000"}, {"fiscalDateEnding": "2012-12-31", "reportedCurrency": "USD", "grossProfit": "17939000000", "totalRevenue": "58258000000", "costOfRevenue": "40319000000", "costofGoodsAndServicesSold": "40319000000", "operatingIncome": "13287000000", "sellingGeneralAndAdministrative": "1106000000", "researchAndDevelopment": "221000000", "operatingExpenses": "4652000000", "investmentIncomeNet": "None", "netInterestIncome": "None", "interestIncome": "None", "interestExpense": "1103000000", "nonInterestIncome": "None", "otherNonOperatingIncome": "-41000000", "depreciation": "None", "depreciationAndAmortization": "7454000000", "incomeBeforeTax": "15423000000", "incomeTaxExpense": "7942000000", "interestAndDebtExpense": "None", "netIncomeFromContinuingOperations": "7481000000", "comprehensiveIncomeNetOfTax": "None", "ebit": "16526000000", "ebitda": "23980000000", "netIncome": "8428000000"}, {"fiscalDateEnding": "2011-12-31", "reportedCurrency": "USD", "grossProfit": "19930000000", "totalRevenue": "63289000000", "costOfRevenue": "43359000000", "costofGoodsAndServicesSold": "43359000000", "operatingIncome": "15066000000", "sellingGeneralAndAdministrative": "2078000000", "researchAndDevelopment": "193000000", "operatingExpenses": "4864000000", "investmentIncomeNet": "None", "netInterestIncome": "None", "interestIncome": "None", "interestExpense": "1376000000", "nonInterestIncome": "None", "otherNonOperatingIncome": "4422000000", "depreciation": "None", "depreciationAndAmortization": "7296000000", "incomeBeforeTax": "23001000000", "incomeTaxExpense": "10499000000", "interestAndDebtExpense": "None", "netIncomeFromContinuingOperations": "10950000000", "comprehensiveIncomeNetOfTax": "None", "ebit": "16772000000", "ebitda": "24068000000", "netIncome": "12436000000"}, {"fiscalDateEnding": "2010-12-31", "reportedCurrency": "USD", "grossProfit": "32958000000", "totalRevenue": "190595000000", "costOfRevenue": "157637000000", "costofGoodsAndServicesSold": "157637000000", "operatingIncome": "14160000000", "sellingGeneralAndAdministrative": "2005000000", "researchAndDevelopment": "230000000", "operatingExpenses": "18798000000", "investmentIncomeNet": "None", "netInterestIncome": "None", "interestIncome": "None", "interestExpense": "1641000000", "nonInterestIncome": "None", "otherNonOperatingIncome": "3319000000", "depreciation": "None", "depreciationAndAmortization": "9537000000", "incomeBeforeTax": "19750000000", "incomeTaxExpense": "8333000000", "interestAndDebtExpense": "None", "netIncomeFromContinuingOperations": "6061000000", "comprehensiveIncomeNetOfTax": "None", "ebit": "21391000000", "ebitda": "30928000000", "netIncome": "11358000000"}, {"fiscalDateEnding": "2009-12-31", "reportedCurrency": "USD", "grossProfit": "26752000000", "totalRevenue": "147377000000", "costOfRevenue": "120625000000", "costofGoodsAndServicesSold": "120625000000", "operatingIncome": "9393000000", "sellingGeneralAndAdministrative": "1830000000", "researchAndDevelopment": "190000000", "operatingExpenses": "17359000000", "investmentIncomeNet": "None", "netInterestIncome": "None", "interestIncome": "None", "interestExpense": "1711000000", "nonInterestIncome": "None", "otherNonOperatingIncome": "3545000000", "depreciation": "None", "depreciationAndAmortization": "9901000000", "incomeBeforeTax": "10032000000", "incomeTaxExpense": "5096000000", "interestAndDebtExpense": "None", "netIncomeFromContinuingOperations": "5893000000", "comprehensiveIncomeNetOfTax": "None", "ebit": "11293000000", "ebitda": "21194000000", "netIncome": "4414000000"}, {"fiscalDateEnding": "2008-12-31", "reportedCurrency": "USD", "grossProfit": "50006000000", "totalRevenue": "240831000000", "costOfRevenue": "190825000000", "costofGoodsAndServicesSold": "190825000000", "operatingIncome": "27140000000", "sellingGeneralAndAdministrative": "3566000000", "researchAndDevelopment": "209000000", "operatingExpenses": "22866000000", "investmentIncomeNet": "None", "netInterestIncome": "None", "interestIncome": "None", "interestExpense": "1353000000", "nonInterestIncome": "None", "otherNonOperatingIncome": "None", "depreciation": "None", "depreciationAndAmortization": "9710000000", "incomeBeforeTax": "-3593000000", "incomeTaxExpense": "13405000000", "interestAndDebtExpense": "None", "netIncomeFromContinuingOperations": "None", "comprehensiveIncomeNetOfTax": "None", "ebit": "-2170000000", "ebitda": "7540000000", "netIncome": "-16998000000"}, {"fiscalDateEnding": "2007-12-31", "reportedCurrency": "USD", "grossProfit": "44020000000", "totalRevenue": "187437000000", "costOfRevenue": "143417000000", "costofGoodsAndServicesSold": "143417000000", "operatingIncome": "22724000000", "sellingGeneralAndAdministrative": "3313000000", "researchAndDevelopment": "160000000", "operatingExpenses": "21296000000", "investmentIncomeNet": "None", "netInterestIncome": "None", "interestIncome": "None", "interestExpense": "1594000000", "nonInterestIncome": "None", "otherNonOperatingIncome": "None", "depreciation": "None", "depreciationAndAmortization": "8761000000", "incomeBeforeTax": "23272000000", "incomeTaxExpense": "11381000000", "interestAndDebtExpense": "None", "netIncomeFromContinuingOperations": "None", "comprehensiveIncomeNetOfTax": "None", "ebit": "24953000000", "ebitda": "33714000000", "netIncome": "11891000000"}, {"fiscalDateEnding": "2006-12-31", "reportedCurrency": "USD", "grossProfit": "46220000000", "totalRevenue": "183650000000", "costOfRevenue": "137430000000", "costofGoodsAndServicesSold": "137430000000", "operatingIncome": "25557000000", "sellingGeneralAndAdministrative": "2476000000", "researchAndDevelopment": "117000000", "operatingExpenses": "20663000000", "investmentIncomeNet": "None", "netInterestIncome": "None", "interestIncome": "None", "interestExpense": "1368000000", "nonInterestIncome": "None", "otherNonOperatingIncome": "None", "depreciation": "None", "depreciationAndAmortization": "7635000000", "incomeBeforeTax": "28333000000", "incomeTaxExpense": "12783000000", "interestAndDebtExpense": "None", "netIncomeFromContinuingOperations": "None", "comprehensiveIncomeNetOfTax": "None", "ebit": "29777000000", "ebitda": "37412000000", "netIncome": "15550000000"}], "quarterlyReports": [{"fiscalDateEnding": "2025-12-31", "reportedCurrency": "None", "grossProfit": "9000000000", "totalRevenue": "14200000000", "costOfRevenue": "5200000000", "costofGoodsAndServicesSold": "5200000000", "operatingIncome": "2300000000", "sellingGeneralAndAdministrative": "6700000000", "researchAndDevelopment": "None", "operatingExpenses": "6700000000", "investmentIncomeNet": "None", "netInterestIncome": "None", "interestIncome": "None", "interestExpense": "290000000", "nonInterestIncome": "None", "otherNonOperatingIncome": "None", "depreciation": "None", "depreciationAndAmortization": "2800000000", "incomeBeforeTax": "2300000000", "incomeTaxExpense": "900000000", "interestAndDebtExpense": "None", "netIncomeFromContinuingOperations": "None", "comprehensiveIncomeNetOfTax": "None", "ebit": "2300000000", "ebitda": "5100000000", "netIncome": "1400000000"}, {"fiscalDateEnding": "2025-09-30", "reportedCurrency": "USD", "grossProfit": "3625000000", "totalRevenue": "15031000000", "costOfRevenue": "11406000000", "costofGoodsAndServicesSold": "11406000000", "operatingIncome": "2758000000", "sellingGeneralAndAdministrative": "271000000", "researchAndDevelopment": "None", "operatingExpenses": "867000000", "investmentIncomeNet": "None", "netInterestIncome": "-317000000", "interestIncome": "128000000", "interestExpense": "223000000", "nonInterestIncome": "None", "otherNonOperatingIncome": "None", "depreciation": "None", "depreciationAndAmortization": "2917000000", "incomeBeforeTax": "2928000000", "incomeTaxExpense": "1202000000", "interestAndDebtExpense": "None", "netIncomeFromContinuingOperations": "1726000000", "comprehensiveIncomeNetOfTax": "None", "ebit": "3245000000", "ebitda": "6162000000", "netIncome": "1726000000"}, {"fiscalDateEnding": "2025-06-30", "reportedCurrency": "USD", "grossProfit": "3410000000", "totalRevenue": "13979000000", "costOfRevenue": "10569000000", "costofGoodsAndServicesSold": "10569000000", "operatingIncome": "2588000000", "sellingGeneralAndAdministrative": "250000000", "researchAndDevelopment": "None", "operatingExpenses": "822000000", "investmentIncomeNet": "None", "netInterestIncome": "-327000000", "interestIncome": "86000000", "interestExpense": "327000000", "nonInterestIncome": "None", "otherNonOperatingIncome": "None", "depreciation": "None", "depreciationAndAmortization": "2862000000", "incomeBeforeTax": "3017000000", "incomeTaxExpense": "1046000000", "interestAndDebtExpense": "None", "netIncomeFromContinuingOperations": "1971000000", "comprehensiveIncomeNetOfTax": "None", "ebit": "3344000000", "ebitda": "6206000000", "netIncome": "1964000000"}, {"fiscalDateEnding": "2025-03-31", "reportedCurrency": "USD", "grossProfit": "4940000000", "totalRevenue": "16458000000", "costOfRevenue": "11518000000", "costofGoodsAndServicesSold": "11518000000", "operatingIncome": "4198000000", "sellingGeneralAndAdministrative": "191000000", "researchAndDevelopment": "None", "operatingExpenses": "742000000", "investmentIncomeNet": "None", "netInterestIncome": "-299000000", "interestIncome": "157000000", "interestExpense": "299000000", "nonInterestIncome": "None", "otherNonOperatingIncome": "None", "depreciation": "None", "depreciationAndAmortization": "2807000000", "incomeBeforeTax": "4466000000", "incomeTaxExpense": "1617000000", "interestAndDebtExpense": "None", "netIncomeFromContinuingOperations": "2849000000", "comprehensiveIncomeNetOfTax": "None", "ebit": "4765000000", "ebitda": "7572000000", "netIncome": "2840000000"}, {"fiscalDateEnding": "2024-12-31", "reportedCurrency": "USD", "grossProfit": "4129000000", "totalRevenue": "14238000000", "costOfRevenue": "10109000000", "costofGoodsAndServicesSold": "10109000000", "operatingIncome": "2979000000", "sellingGeneralAndAdministrative": "630000000", "researchAndDevelopment": "81000000", "operatingExpenses": "1150000000", "investmentIncomeNet": "None", "netInterestIncome": "126000000", "interestIncome": "262000000", "interestExpense": "276000000", "nonInterestIncome": "None", "otherNonOperatingIncome": "None", "depreciation": "None", "depreciationAndAmortization": "2662000000", "incomeBeforeTax": "2970000000", "incomeTaxExpense": "664000000", "interestAndDebtExpense": "None", "netIncomeFromContinuingOperations": "2306000000", "comprehensiveIncomeNetOfTax": "None", "ebit": "3246000000", "ebitda": "5908000000", "netIncome": "2300000000"}, {"fiscalDateEnding": "2024-09-30", "reportedCurrency": "USD", "grossProfit": "3570000000", "totalRevenue": "12992000000", "costOfRevenue": "9422000000", "costofGoodsAndServicesSold": "9422000000", "operatingIncome": "2908000000", "sellingGeneralAndAdministrative": "186000000", "researchAndDevelopment": "None", "operatingExpenses": "662000000", "investmentIncomeNet": "None", "netInterestIncome": "-269000000", "interestIncome": "280000000", "interestExpense": "269000000", "nonInterestIncome": "None", "otherNonOperatingIncome": "None", "depreciation": "None", "depreciationAndAmortization": "2390000000", "incomeBeforeTax": "3235000000", "incomeTaxExpense": "1176000000", "interestAndDebtExpense": "None", "netIncomeFromContinuingOperations": "2059000000", "comprehensiveIncomeNetOfTax": "None", "ebit": "3504000000", "ebitda": "5894000000", "netIncome": "2052000000"}, {"fiscalDateEnding": "2024-06-30", "reportedCurrency": "USD", "grossProfit": "4159000000", "totalRevenue": "13588000000", "costOfRevenue": "9429000000", "costofGoodsAndServicesSold": "9429000000", "operatingIncome": "3459000000", "sellingGeneralAndAdministrative": "164000000", "researchAndDevelopment": "None", "operatingExpenses": "700000000", "investmentIncomeNet": "None", "netInterestIncome": "-278000000", "interestIncome": "None", "interestExpense": "278000000", "nonInterestIncome": "None", "otherNonOperatingIncome": "None", "depreciation": "None", "depreciationAndAmortization": "2363000000", "incomeBeforeTax": "3659000000", "incomeTaxExpense": "1330000000", "interestAndDebtExpense": "None", "netIncomeFromContinuingOperations": "2329000000", "comprehensiveIncomeNetOfTax": "None", "ebit": "3937000000", "ebitda": "6300000000", "netIncome": "2322000000"}, {"fiscalDateEnding": "2024-03-31", "reportedCurrency": "USD", "grossProfit": "4172000000", "totalRevenue": "13794000000", "costOfRevenue": "9622000000", "costofGoodsAndServicesSold": "9622000000", "operatingIncome": "3439000000", "sellingGeneralAndAdministrative": "178000000", "researchAndDevelopment": "None", "operatingExpenses": "733000000", "investmentIncomeNet": "None", "netInterestIncome": "-285000000", "interestIncome": "None", "interestExpense": "285000000", "nonInterestIncome": "None", "otherNonOperatingIncome": "None", "depreciation": "None", "depreciationAndAmortization": "2230000000", "incomeBeforeTax": "3808000000", "incomeTaxExpense": "1257000000", "interestAndDebtExpense": "None", "netIncomeFromContinuingOperations": "2551000000", "comprehensiveIncomeNetOfTax": "None", "ebit": "4093000000", "ebitda": "6323000000", "netIncome": "2542000000"}, {"fiscalDateEnding": "2023-12-31", "reportedCurrency": "USD", "grossProfit": "4666000000", "totalRevenue": "14644000000", "costOfRevenue": "9978000000", "costofGoodsAndServicesSold": "9978000000", "operatingIncome": "4044000000", "sellingGeneralAndAdministrative": "90000000", "researchAndDevelopment": "81000000", "operatingExpenses": "622000000", "investmentIncomeNet": "None", "netInterestIncome": "114000000", "interestIncome": "None", "interestExpense": "298000000", "nonInterestIncome": "None", "otherNonOperatingIncome": "None", "depreciation": "None", "depreciationAndAmortization": "2234000000", "incomeBeforeTax": "4264000000", "incomeTaxExpense": "1257000000", "interestAndDebtExpense": "None", "netIncomeFromContinuingOperations": "3007000000", "comprehensiveIncomeNetOfTax": "None", "ebit": "4562000000", "ebitda": "6796000000", "netIncome": "2998000000"}, {"fiscalDateEnding": "2023-09-30", "reportedCurrency": "USD", "grossProfit": "4529000000", "totalRevenue": "14261000000", "costOfRevenue": "9732000000", "costofGoodsAndServicesSold": "9732000000", "operatingIncome": "3824000000", "sellingGeneralAndAdministrative": "169000000", "researchAndDevelopment": "None", "operatingExpenses": "705000000", "investmentIncomeNet": "None", "netInterestIncome": "-262000000", "interestIncome": "139000000", "interestExpense": "262000000", "nonInterestIncome": "None", "otherNonOperatingIncome": "None", "depreciation": "None", "depreciationAndAmortization": "2144000000", "incomeBeforeTax": "4100000000", "incomeTaxExpense": "1302000000", "interestAndDebtExpense": "None", "netIncomeFromContinuingOperations": "2798000000", "comprehensiveIncomeNetOfTax": "None", "ebit": "4362000000", "ebitda": "6506000000", "netIncome": "2789000000"}, {"fiscalDateEnding": "2023-06-30", "reportedCurrency": "USD", "grossProfit": "3756000000", "totalRevenue": "12367000000", "costOfRevenue": "8611000000", "costofGoodsAndServicesSold": "8611000000", "operatingIncome": "3039000000", "sellingGeneralAndAdministrative": "205000000", "researchAndDevelopment": "None", "operatingExpenses": "717000000", "investmentIncomeNet": "None", "netInterestIncome": "-247000000", "interestIncome": "247000000", "interestExpense": "247000000", "nonInterestIncome": "None", "otherNonOperatingIncome": "374000000", "depreciation": "None", "depreciationAndAmortization": "2044000000", "incomeBeforeTax": "3362000000", "incomeTaxExpense": "1130000000", "interestAndDebtExpense": "None", "netIncomeFromContinuingOperations": "2232000000", "comprehensiveIncomeNetOfTax": "None", "ebit": "3609000000", "ebitda": "5653000000", "netIncome": "2224000000"}, {"fiscalDateEnding": "2023-03-31", "reportedCurrency": "USD", "grossProfit": "4952000000", "totalRevenue": "14811000000", "costOfRevenue": "9859000000", "costofGoodsAndServicesSold": "9859000000", "operatingIncome": "4079000000", "sellingGeneralAndAdministrative": "90000000", "researchAndDevelopment": "None", "operatingExpenses": "90000000", "investmentIncomeNet": "None", "netInterestIncome": "-256000000", "interestIncome": "355000000", "interestExpense": "90000000", "nonInterestIncome": "None", "otherNonOperatingIncome": "558000000", "depreciation": "None", "depreciationAndAmortization": "2681000000", "incomeBeforeTax": "4562000000", "incomeTaxExpense": "1642000000", "interestAndDebtExpense": "None", "netIncomeFromContinuingOperations": "2920000000", "comprehensiveIncomeNetOfTax": "None", "ebit": "4079000000", "ebitda": "6760000000", "netIncome": "2920000000"}, {"fiscalDateEnding": "2022-12-31", "reportedCurrency": "USD", "grossProfit": "5658000000", "totalRevenue": "18097000000", "costOfRevenue": "12439000000", "costofGoodsAndServicesSold": "12439000000", "operatingIncome": "4779000000", "sellingGeneralAndAdministrative": "879000000", "researchAndDevelopment": "71000000", "operatingExpenses": "879000000", "investmentIncomeNet": "None", "netInterestIncome": "-246000000", "interestIncome": "353000000", "interestExpense": "246000000", "nonInterestIncome": "None", "otherNonOperatingIncome": "940000000", "depreciation": "None", "depreciationAndAmortization": "2203000000", "incomeBeforeTax": "5235000000", "incomeTaxExpense": "1986000000", "interestAndDebtExpense": "None", "netIncomeFromContinuingOperations": "3249000000", "comprehensiveIncomeNetOfTax": "None", "ebit": "5481000000", "ebitda": "7684000000", "netIncome": "3249000000"}, {"fiscalDateEnding": "2022-09-30", "reportedCurrency": "USD", "grossProfit": "8125000000", "totalRevenue": "21142000000", "costOfRevenue": "13017000000", "costofGoodsAndServicesSold": "13017000000", "operatingIncome": "7134000000", "sellingGeneralAndAdministrative": "991000000", "researchAndDevelopment": "None", "operatingExpenses": "991000000", "investmentIncomeNet": "None", "netInterestIncome": "-259000000", "interestIncome": "455000000", "interestExpense": "259000000", "nonInterestIncome": "None", "otherNonOperatingIncome": "432000000", "depreciation": "None", "depreciationAndAmortization": "1904000000", "incomeBeforeTax": "7440000000", "incomeTaxExpense": "2913000000", "interestAndDebtExpense": "None", "netIncomeFromContinuingOperations": "32875000000", "comprehensiveIncomeNetOfTax": "None", "ebit": "7699000000", "ebitda": "9603000000", "netIncome": "4527000000"}, {"fiscalDateEnding": "2022-06-30", "reportedCurrency": "USD", "grossProfit": "8301000000", "totalRevenue": "21174000000", "costOfRevenue": "12873000000", "costofGoodsAndServicesSold": "12873000000", "operatingIncome": "7185000000", "sellingGeneralAndAdministrative": "1116000000", "researchAndDevelopment": "None", "operatingExpenses": "1116000000", "investmentIncomeNet": "None", "netInterestIncome": "-272000000", "interestIncome": "383000000", "interestExpense": "272000000", "nonInterestIncome": "None", "otherNonOperatingIncome": "802000000", "depreciation": "None", "depreciationAndAmortization": "1907000000", "incomeBeforeTax": "7655000000", "incomeTaxExpense": "2510000000", "interestAndDebtExpense": "None", "netIncomeFromContinuingOperations": "33813000000", "comprehensiveIncomeNetOfTax": "None", "ebit": "7927000000", "ebitda": "9834000000", "netIncome": "5145000000"}, {"fiscalDateEnding": "2022-03-31", "reportedCurrency": "USD", "grossProfit": "7544000000", "totalRevenue": "18169000000", "costOfRevenue": "10625000000", "costofGoodsAndServicesSold": "10625000000", "operatingIncome": "6543000000", "sellingGeneralAndAdministrative": "1001000000", "researchAndDevelopment": "None", "operatingExpenses": "1001000000", "investmentIncomeNet": "None", "netInterestIncome": "-278000000", "interestIncome": "185000000", "interestExpense": "278000000", "nonInterestIncome": "None", "otherNonOperatingIncome": "1131000000", "depreciation": "None", "depreciationAndAmortization": "1830000000", "incomeBeforeTax": "7898000000", "incomeTaxExpense": "2139000000", "interestAndDebtExpense": "None", "netIncomeFromContinuingOperations": "28545000000", "comprehensiveIncomeNetOfTax": "None", "ebit": "8176000000", "ebitda": "10006000000", "netIncome": "5759000000"}, {"fiscalDateEnding": "2021-12-31", "reportedCurrency": "USD", "grossProfit": "5149000000", "totalRevenue": "14486000000", "costOfRevenue": "9337000000", "costofGoodsAndServicesSold": "9337000000", "operatingIncome": "4506000000", "sellingGeneralAndAdministrative": "163000000", "researchAndDevelopment": "62000000", "operatingExpenses": "643000000", "investmentIncomeNet": "None", "netInterestIncome": "-275000000", "interestIncome": "451000000", "interestExpense": "275000000", "nonInterestIncome": "None", "otherNonOperatingIncome": "17000000", "depreciation": "None", "depreciationAndAmortization": "1820000000", "incomeBeforeTax": "4336000000", "incomeTaxExpense": "1709000000", "interestAndDebtExpense": "None", "netIncomeFromContinuingOperations": "2627000000", "comprehensiveIncomeNetOfTax": "None", "ebit": "4611000000", "ebitda": "6431000000", "netIncome": "2627000000"}, {"fiscalDateEnding": "2021-09-30", "reportedCurrency": "USD", "grossProfit": "4099000000", "totalRevenue": "11809000000", "costOfRevenue": "7710000000", "costofGoodsAndServicesSold": "7710000000", "operatingIncome": "3568000000", "sellingGeneralAndAdministrative": "531000000", "researchAndDevelopment": "None", "operatingExpenses": "531000000", "investmentIncomeNet": "None", "netInterestIncome": "-280000000", "interestIncome": "47000000", "interestExpense": "280000000", "nonInterestIncome": "None", "otherNonOperatingIncome": "-7000000", "depreciation": "None", "depreciationAndAmortization": "1672000000", "incomeBeforeTax": "3582000000", "incomeTaxExpense": "1203000000", "interestAndDebtExpense": "None", "netIncomeFromContinuingOperations": "2379000000", "comprehensiveIncomeNetOfTax": "None", "ebit": "3862000000", "ebitda": "5534000000", "netIncome": "2379000000"}, {"fiscalDateEnding": "2021-06-30", "reportedCurrency": "USD", "grossProfit": "3223000000", "totalRevenue": "9656000000", "costOfRevenue": "6433000000", "costofGoodsAndServicesSold": "6433000000", "operatingIncome": "2725000000", "sellingGeneralAndAdministrative": "117000000", "researchAndDevelopment": "None", "operatingExpenses": "498000000", "investmentIncomeNet": "None", "netInterestIncome": "-283000000", "interestIncome": "327000000", "interestExpense": "283000000", "nonInterestIncome": "None", "otherNonOperatingIncome": "-47000000", "depreciation": "None", "depreciationAndAmortization": "1868000000", "incomeBeforeTax": "3080000000", "incomeTaxExpense": "989000000", "interestAndDebtExpense": "None", "netIncomeFromContinuingOperations": "2091000000", "comprehensiveIncomeNetOfTax": "None", "ebit": "3363000000", "ebitda": "5231000000", "netIncome": "2091000000"}, {"fiscalDateEnding": "2021-03-31", "reportedCurrency": "USD", "grossProfit": "2256000000", "totalRevenue": "10105000000", "costOfRevenue": "7849000000", "costofGoodsAndServicesSold": "7849000000", "operatingIncome": "1575000000", "sellingGeneralAndAdministrative": "681000000", "researchAndDevelopment": "None", "operatingExpenses": "681000000", "investmentIncomeNet": "None", "netInterestIncome": "-288000000", "interestIncome": "123000000", "interestExpense": "288000000", "nonInterestIncome": "None", "otherNonOperatingIncome": "-43000000", "depreciation": "None", "depreciationAndAmortization": "1892000000", "incomeBeforeTax": "1714000000", "incomeTaxExpense": "732000000", "interestAndDebtExpense": "None", "netIncomeFromContinuingOperations": "982000000", "comprehensiveIncomeNetOfTax": "None", "ebit": "2002000000", "ebitda": "3894000000", "netIncome": "982000000"}, {"fiscalDateEnding": "2020-12-31", "reportedCurrency": "USD", "grossProfit": "-735000000", "totalRevenue": "5502000000", "costOfRevenue": "6237000000", "costofGoodsAndServicesSold": "6237000000", "operatingIncome": "-1100000000", "sellingGeneralAndAdministrative": "181000000", "researchAndDevelopment": "75000000", "operatingExpenses": "365000000", "investmentIncomeNet": "None", "netInterestIncome": "-202000000", "interestIncome": "132000000", "interestExpense": "259000000", "nonInterestIncome": "None", "otherNonOperatingIncome": "None", "depreciation": "None", "depreciationAndAmortization": "2510000000", "incomeBeforeTax": "-1086000000", "incomeTaxExpense": "-314000000", "interestAndDebtExpense": "None", "netIncomeFromContinuingOperations": "-772000000", "comprehensiveIncomeNetOfTax": "None", "ebit": "-827000000", "ebitda": "1683000000", "netIncome": "-772000000"}, {"fiscalDateEnding": "2020-09-30", "reportedCurrency": "USD", "grossProfit": "42000000", "totalRevenue": "4353000000", "costOfRevenue": "4311000000", "costofGoodsAndServicesSold": "4311000000", "operatingIncome": "-233000000", "sellingGeneralAndAdministrative": "96000000", "researchAndDevelopment": "None", "operatingExpenses": "275000000", "investmentIncomeNet": "None", "netInterestIncome": "-200000000", "interestIncome": "322000000", "interestExpense": "262000000", "nonInterestIncome": "None", "otherNonOperatingIncome": "-15000000", "depreciation": "None", "depreciationAndAmortization": "1455000000", "incomeBeforeTax": "-512000000", "incomeTaxExpense": "-62000000", "interestAndDebtExpense": "None", "netIncomeFromContinuingOperations": "-450000000", "comprehensiveIncomeNetOfTax": "None", "ebit": "-250000000", "ebitda": "1205000000", "netIncome": "-450000000"}, {"fiscalDateEnding": "2020-06-30", "reportedCurrency": "USD", "grossProfit": "-657000000", "totalRevenue": "2799000000", "costOfRevenue": "3456000000", "costofGoodsAndServicesSold": "3456000000", "operatingIncome": "-954000000", "sellingGeneralAndAdministrative": "156000000", "researchAndDevelopment": "None", "operatingExpenses": "297000000", "investmentIncomeNet": "None", "netInterestIncome": "-268000000", "interestIncome": "419000000", "interestExpense": "268000000", "nonInterestIncome": "None", "otherNonOperatingIncome": "None", "depreciation": "None", "depreciationAndAmortization": "1161000000", "incomeBeforeTax": "21000000", "incomeTaxExpense": "-257000000", "interestAndDebtExpense": "None", "netIncomeFromContinuingOperations": "278000000", "comprehensiveIncomeNetOfTax": "None", "ebit": "289000000", "ebitda": "1450000000", "netIncome": "260000000"}, {"fiscalDateEnding": "2020-03-31", "reportedCurrency": "USD", "grossProfit": "705000000", "totalRevenue": "6111000000", "costOfRevenue": "5406000000", "costofGoodsAndServicesSold": "5406000000", "operatingIncome": "458000000", "sellingGeneralAndAdministrative": "3000000", "researchAndDevelopment": "None", "operatingExpenses": "247000000", "investmentIncomeNet": "None", "netInterestIncome": "-202000000", "interestIncome": "1547000000", "interestExpense": "269000000", "nonInterestIncome": "None", "otherNonOperatingIncome": "96000000", "depreciation": "None", "depreciationAndAmortization": "1478000000", "incomeBeforeTax": "-1563000000", "incomeTaxExpense": "148000000", "interestAndDebtExpense": "None", "netIncomeFromContinuingOperations": "-1711000000", "comprehensiveIncomeNetOfTax": "None", "ebit": "-1294000000", "ebitda": "184000000", "netIncome": "-1739000000"}, {"fiscalDateEnding": "2019-12-31", "reportedCurrency": "USD", "grossProfit": "1969000000", "totalRevenue": "7635000000", "costOfRevenue": "5666000000", "costofGoodsAndServicesSold": "5666000000", "operatingIncome": "1535000000", "sellingGeneralAndAdministrative": "187000000", "researchAndDevelopment": "82000000", "operatingExpenses": "434000000", "investmentIncomeNet": "None", "netInterestIncome": "-30000000", "interestIncome": "247000000", "interestExpense": "263000000", "nonInterestIncome": "None", "otherNonOperatingIncome": "-54000000", "depreciation": "None", "depreciationAndAmortization": "1548000000", "incomeBeforeTax": "1286000000", "incomeTaxExpense": "543000000", "interestAndDebtExpense": "None", "netIncomeFromContinuingOperations": "743000000", "comprehensiveIncomeNetOfTax": "None", "ebit": "1549000000", "ebitda": "3097000000", "netIncome": "720000000"}, {"fiscalDateEnding": "2019-09-30", "reportedCurrency": "USD", "grossProfit": "1794000000", "totalRevenue": "7752000000", "costOfRevenue": "5958000000", "costofGoodsAndServicesSold": "5958000000", "operatingIncome": "1470000000", "sellingGeneralAndAdministrative": "87000000", "researchAndDevelopment": "None", "operatingExpenses": "324000000", "investmentIncomeNet": "None", "netInterestIncome": "-184000000", "interestIncome": "314000000", "interestExpense": "270000000", "nonInterestIncome": "None", "otherNonOperatingIncome": "-15000000", "depreciation": "None", "depreciationAndAmortization": "1859000000", "incomeBeforeTax": "3493000000", "incomeTaxExpense": "422000000", "interestAndDebtExpense": "None", "netIncomeFromContinuingOperations": "3071000000", "comprehensiveIncomeNetOfTax": "None", "ebit": "3763000000", "ebitda": "5622000000", "netIncome": "3056000000"}, {"fiscalDateEnding": "2019-06-30", "reportedCurrency": "USD", "grossProfit": "2235000000", "totalRevenue": "7908000000", "costOfRevenue": "5673000000", "costofGoodsAndServicesSold": "5673000000", "operatingIncome": "1912000000", "sellingGeneralAndAdministrative": "129000000", "researchAndDevelopment": "None", "operatingExpenses": "323000000", "investmentIncomeNet": "None", "netInterestIncome": "-165000000", "interestIncome": "349000000", "interestExpense": "252000000", "nonInterestIncome": "None", "otherNonOperatingIncome": "-42000000", "depreciation": "None", "depreciationAndAmortization": "1531000000", "incomeBeforeTax": "2058000000", "incomeTaxExpense": "461000000", "interestAndDebtExpense": "None", "netIncomeFromContinuingOperations": "1597000000", "comprehensiveIncomeNetOfTax": "None", "ebit": "2310000000", "ebitda": "3841000000", "netIncome": "1580000000"}, {"fiscalDateEnding": "2019-03-31", "reportedCurrency": "USD", "grossProfit": "2549000000", "totalRevenue": "9131000000", "costOfRevenue": "6582000000", "costofGoodsAndServicesSold": "6582000000", "operatingIncome": "2121000000", "sellingGeneralAndAdministrative": "153000000", "researchAndDevelopment": "None", "operatingExpenses": "428000000", "investmentIncomeNet": "None", "netInterestIncome": "-233000000", "interestIncome": "284000000", "interestExpense": "319000000", "nonInterestIncome": "None", "otherNonOperatingIncome": "-20000000", "depreciation": "None", "depreciationAndAmortization": "1573000000", "incomeBeforeTax": "2687000000", "incomeTaxExpense": "841000000", "interestAndDebtExpense": "None", "netIncomeFromContinuingOperations": "1846000000", "comprehensiveIncomeNetOfTax": "None", "ebit": "3006000000", "ebitda": "4579000000", "netIncome": "1833000000"}, {"fiscalDateEnding": "2018-12-31", "reportedCurrency": "USD", "grossProfit": "2609000000", "totalRevenue": "9615000000", "costOfRevenue": "7006000000", "costofGoodsAndServicesSold": "7006000000", "operatingIncome": "2264000000", "sellingGeneralAndAdministrative": "65000000", "researchAndDevelopment": "78000000", "operatingExpenses": "345000000", "investmentIncomeNet": "None", "netInterestIncome": "None", "interestIncome": "None", "interestExpense": "275000000", "nonInterestIncome": "None", "otherNonOperatingIncome": "-1000000", "depreciation": "None", "depreciationAndAmortization": "1643000000", "incomeBeforeTax": "2672000000", "incomeTaxExpense": "794000000", "interestAndDebtExpense": "None", "netIncomeFromContinuingOperations": "1878000000", "comprehensiveIncomeNetOfTax": "None", "ebit": "2947000000", "ebitda": "4590000000", "netIncome": "1868000000"}, {"fiscalDateEnding": "2018-09-30", "reportedCurrency": "USD", "grossProfit": "2966000000", "totalRevenue": "9478000000", "costOfRevenue": "6512000000", "costofGoodsAndServicesSold": "6512000000", "operatingIncome": "2535000000", "sellingGeneralAndAdministrative": "119000000", "researchAndDevelopment": "0", "operatingExpenses": "431000000", "investmentIncomeNet": "None", "netInterestIncome": "None", "interestIncome": "None", "interestExpense": "275000000", "nonInterestIncome": "None", "otherNonOperatingIncome": "-15000000", "depreciation": "None", "depreciationAndAmortization": "1522000000", "incomeBeforeTax": "2906000000", "incomeTaxExpense": "1033000000", "interestAndDebtExpense": "None", "netIncomeFromContinuingOperations": "1873000000", "comprehensiveIncomeNetOfTax": "None", "ebit": "3181000000", "ebitda": "4703000000", "netIncome": "1861000000"}, {"fiscalDateEnding": "2018-06-30", "reportedCurrency": "USD", "grossProfit": "2616000000", "totalRevenue": "8524000000", "costOfRevenue": "5908000000", "costofGoodsAndServicesSold": "5908000000", "operatingIncome": "2225000000", "sellingGeneralAndAdministrative": "118000000", "researchAndDevelopment": "0", "operatingExpenses": "391000000", "investmentIncomeNet": "None", "netInterestIncome": "None", "interestIncome": "None", "interestExpense": "266000000", "nonInterestIncome": "None", "otherNonOperatingIncome": "-115000000", "depreciation": "None", "depreciationAndAmortization": "1454000000", "incomeBeforeTax": "2619000000", "incomeTaxExpense": "965000000", "interestAndDebtExpense": "None", "netIncomeFromContinuingOperations": "1654000000", "comprehensiveIncomeNetOfTax": "None", "ebit": "2885000000", "ebitda": "4339000000", "netIncome": "1640000000"}, {"fiscalDateEnding": "2018-03-31", "reportedCurrency": "USD", "grossProfit": "2390000000", "totalRevenue": "8755000000", "costOfRevenue": "6365000000", "costofGoodsAndServicesSold": "6365000000", "operatingIncome": "2108000000", "sellingGeneralAndAdministrative": "99000000", "researchAndDevelopment": "0", "operatingExpenses": "282000000", "investmentIncomeNet": "None", "netInterestIncome": "None", "interestIncome": "None", "interestExpense": "272000000", "nonInterestIncome": "None", "otherNonOperatingIncome": "-227000000", "depreciation": "None", "depreciationAndAmortization": "1432000000", "incomeBeforeTax": "1776000000", "incomeTaxExpense": "876000000", "interestAndDebtExpense": "None", "netIncomeFromContinuingOperations": "900000000", "comprehensiveIncomeNetOfTax": "None", "ebit": "2048000000", "ebitda": "3480000000", "netIncome": "888000000"}, {"fiscalDateEnding": "2017-12-31", "reportedCurrency": "USD", "grossProfit": "1529000000", "totalRevenue": "8162000000", "costOfRevenue": "6633000000", "costofGoodsAndServicesSold": "6633000000", "operatingIncome": "1199000000", "sellingGeneralAndAdministrative": "138000000", "researchAndDevelopment": "100000000", "operatingExpenses": "397000000", "investmentIncomeNet": "None", "netInterestIncome": "None", "interestIncome": "None", "interestExpense": "312000000", "nonInterestIncome": "None", "otherNonOperatingIncome": "-24000000", "depreciation": "None", "depreciationAndAmortization": "1764000000", "incomeBeforeTax": "1325000000", "incomeTaxExpense": "-273000000", "interestAndDebtExpense": "None", "netIncomeFromContinuingOperations": "1598000000", "comprehensiveIncomeNetOfTax": "None", "ebit": "1637000000", "ebitda": "3401000000", "netIncome": "1579000000"}, {"fiscalDateEnding": "2017-09-30", "reportedCurrency": "USD", "grossProfit": "857000000", "totalRevenue": "6671000000", "costOfRevenue": "5814000000", "costofGoodsAndServicesSold": "5814000000", "operatingIncome": "550000000", "sellingGeneralAndAdministrative": "132000000", "researchAndDevelopment": "0", "operatingExpenses": "307000000", "investmentIncomeNet": "None", "netInterestIncome": "None", "interestIncome": "None", "interestExpense": "340000000", "nonInterestIncome": "None", "otherNonOperatingIncome": "-56000000", "depreciation": "None", "depreciationAndAmortization": "1615000000", "incomeBeforeTax": "653000000", "incomeTaxExpense": "217000000", "interestAndDebtExpense": "None", "netIncomeFromContinuingOperations": "436000000", "comprehensiveIncomeNetOfTax": "None", "ebit": "993000000", "ebitda": "2608000000", "netIncome": "420000000"}, {"fiscalDateEnding": "2017-06-30", "reportedCurrency": "USD", "grossProfit": "788000000", "totalRevenue": "6729000000", "costOfRevenue": "5941000000", "costofGoodsAndServicesSold": "5941000000", "operatingIncome": "456000000", "sellingGeneralAndAdministrative": "134000000", "researchAndDevelopment": "0", "operatingExpenses": "332000000", "investmentIncomeNet": "None", "netInterestIncome": "None", "interestIncome": "None", "interestExpense": "398000000", "nonInterestIncome": "None", "otherNonOperatingIncome": "-247000000", "depreciation": "None", "depreciationAndAmortization": "1647000000", "incomeBeforeTax": "-4361000000", "incomeTaxExpense": "-935000000", "interestAndDebtExpense": "None", "netIncomeFromContinuingOperations": "-3426000000", "comprehensiveIncomeNetOfTax": "None", "ebit": "-3963000000", "ebitda": "-2316000000", "netIncome": "-3440000000"}, {"fiscalDateEnding": "2017-03-31", "reportedCurrency": "USD", "grossProfit": "485000000", "totalRevenue": "7467000000", "costOfRevenue": "6982000000", "costofGoodsAndServicesSold": "6982000000", "operatingIncome": "97000000", "sellingGeneralAndAdministrative": "157000000", "researchAndDevelopment": "0", "operatingExpenses": "388000000", "investmentIncomeNet": "None", "netInterestIncome": "None", "interestIncome": "None", "interestExpense": "410000000", "nonInterestIncome": "None", "otherNonOperatingIncome": "-10000000", "depreciation": "None", "depreciationAndAmortization": "2385000000", "incomeBeforeTax": "62000000", "incomeTaxExpense": "-728000000", "interestAndDebtExpense": "None", "netIncomeFromContinuingOperations": "599000000", "comprehensiveIncomeNetOfTax": "None", "ebit": "178000000", "ebitda": "2563000000", "netIncome": "586000000"}, {"fiscalDateEnding": "2016-12-31", "reportedCurrency": "USD", "grossProfit": "133000000", "totalRevenue": "6852000000", "costOfRevenue": "6719000000", "costofGoodsAndServicesSold": "6719000000", "operatingIncome": "-235000000", "sellingGeneralAndAdministrative": "167000000", "researchAndDevelopment": "116000000", "operatingExpenses": "368000000", "investmentIncomeNet": "None", "netInterestIncome": "None", "interestIncome": "None", "interestExpense": "413000000", "nonInterestIncome": "None", "otherNonOperatingIncome": "31000000", "depreciation": "None", "depreciationAndAmortization": "2235000000", "incomeBeforeTax": "-8000000", "incomeTaxExpense": "11000000", "interestAndDebtExpense": "None", "netIncomeFromContinuingOperations": "-19000000", "comprehensiveIncomeNetOfTax": "None", "ebit": "405000000", "ebitda": "2640000000", "netIncome": "-35000000"}, {"fiscalDateEnding": "2016-09-30", "reportedCurrency": "USD", "grossProfit": "-830000000", "totalRevenue": "6404000000", "costOfRevenue": "7234000000", "costofGoodsAndServicesSold": "7234000000", "operatingIncome": "-1194000000", "sellingGeneralAndAdministrative": "203000000", "researchAndDevelopment": "0", "operatingExpenses": "364000000", "investmentIncomeNet": "None", "netInterestIncome": "None", "interestIncome": "None", "interestExpense": "443000000", "nonInterestIncome": "None", "otherNonOperatingIncome": "-13000000", "depreciation": "None", "depreciationAndAmortization": "2612000000", "incomeBeforeTax": "-1654000000", "incomeTaxExpense": "-628000000", "interestAndDebtExpense": "None", "netIncomeFromContinuingOperations": "-1026000000", "comprehensiveIncomeNetOfTax": "None", "ebit": "-1211000000", "ebitda": "1401000000", "netIncome": "-1040000000"}, {"fiscalDateEnding": "2016-06-30", "reportedCurrency": "USD", "grossProfit": "-428000000", "totalRevenue": "5348000000", "costOfRevenue": "5776000000", "costofGoodsAndServicesSold": "5776000000", "operatingIncome": "-1402000000", "sellingGeneralAndAdministrative": "167000000", "researchAndDevelopment": "0", "operatingExpenses": "974000000", "investmentIncomeNet": "None", "netInterestIncome": "None", "interestIncome": "None", "interestExpense": "424000000", "nonInterestIncome": "None", "otherNonOperatingIncome": "17000000", "depreciation": "None", "depreciationAndAmortization": "2329000000", "incomeBeforeTax": "-1644000000", "incomeTaxExpense": "-586000000", "interestAndDebtExpense": "None", "netIncomeFromContinuingOperations": "-1058000000", "comprehensiveIncomeNetOfTax": "None", "ebit": "-1220000000", "ebitda": "1109000000", "netIncome": "-1071000000"}, {"fiscalDateEnding": "2016-03-31", "reportedCurrency": "USD", "grossProfit": "-705000000", "totalRevenue": "5121000000", "costOfRevenue": "5826000000", "costofGoodsAndServicesSold": "5826000000", "operatingIncome": "-1576000000", "sellingGeneralAndAdministrative": "186000000", "researchAndDevelopment": "0", "operatingExpenses": "871000000", "investmentIncomeNet": "None", "netInterestIncome": "None", "interestIncome": "None", "interestExpense": "390000000", "nonInterestIncome": "None", "otherNonOperatingIncome": "-16000000", "depreciation": "None", "depreciationAndAmortization": "2247000000", "incomeBeforeTax": "-2224000000", "incomeTaxExpense": "-768000000", "interestAndDebtExpense": "None", "netIncomeFromContinuingOperations": "-1456000000", "comprehensiveIncomeNetOfTax": "None", "ebit": "-1834000000", "ebitda": "413000000", "netIncome": "-1469000000"}, {"fiscalDateEnding": "2015-12-31", "reportedCurrency": "USD", "grossProfit": "-361000000", "totalRevenue": "6293000000", "costOfRevenue": "6654000000", "costofGoodsAndServicesSold": "6654000000", "operatingIncome": "-2990000000", "sellingGeneralAndAdministrative": "283000000", "researchAndDevelopment": "222000000", "operatingExpenses": "2629000000", "investmentIncomeNet": "None", "netInterestIncome": "None", "interestIncome": "None", "interestExpense": "386000000", "nonInterestIncome": "None", "otherNonOperatingIncome": "-21000000", "depreciation": "None", "depreciationAndAmortization": "2382000000", "incomeBeforeTax": "-5051000000", "incomeTaxExpense": "-1614000000", "interestAndDebtExpense": "None", "netIncomeFromContinuingOperations": "-3437000000", "comprehensiveIncomeNetOfTax": "None", "ebit": "-4665000000", "ebitda": "-2283000000", "netIncome": "-3450000000"}, {"fiscalDateEnding": "2015-09-30", "reportedCurrency": "USD", "grossProfit": "-112000000", "totalRevenue": "7262000000", "costOfRevenue": "7374000000", "costofGoodsAndServicesSold": "7374000000", "operatingIncome": "-1672000000", "sellingGeneralAndAdministrative": "293000000", "researchAndDevelopment": "0", "operatingExpenses": "1560000000", "investmentIncomeNet": "None", "netInterestIncome": "None", "interestIncome": "None", "interestExpense": "362000000", "nonInterestIncome": "None", "otherNonOperatingIncome": "72000000", "depreciation": "None", "depreciationAndAmortization": "2271000000", "incomeBeforeTax": "-1741000000", "incomeTaxExpense": "-685000000", "interestAndDebtExpense": "None", "netIncomeFromContinuingOperations": "-1056000000", "comprehensiveIncomeNetOfTax": "None", "ebit": "-1379000000", "ebitda": "892000000", "netIncome": "-1071000000"}, {"fiscalDateEnding": "2015-06-30", "reportedCurrency": "USD", "grossProfit": "936000000", "totalRevenue": "8293000000", "costOfRevenue": "7357000000", "costofGoodsAndServicesSold": "7357000000", "operatingIncome": "-56000000", "sellingGeneralAndAdministrative": "218000000", "researchAndDevelopment": "0", "operatingExpenses": "992000000", "investmentIncomeNet": "None", "netInterestIncome": "None", "interestIncome": "None", "interestExpense": "332000000", "nonInterestIncome": "None", "otherNonOperatingIncome": "8000000", "depreciation": "None", "depreciationAndAmortization": "2329000000", "incomeBeforeTax": "-91000000", "incomeTaxExpense": "73000000", "interestAndDebtExpense": "None", "netIncomeFromContinuingOperations": "-164000000", "comprehensiveIncomeNetOfTax": "None", "ebit": "241000000", "ebitda": "2570000000", "netIncome": "-179000000"}, {"fiscalDateEnding": "2015-03-31", "reportedCurrency": "USD", "grossProfit": "546000000", "totalRevenue": "7716000000", "costOfRevenue": "7170000000", "costofGoodsAndServicesSold": "7170000000", "operatingIncome": "-319000000", "sellingGeneralAndAdministrative": "159000000", "researchAndDevelopment": "0", "operatingExpenses": "865000000", "investmentIncomeNet": "None", "netInterestIncome": "None", "interestIncome": "None", "interestExpense": "323000000", "nonInterestIncome": "None", "otherNonOperatingIncome": "16000000", "depreciation": "None", "depreciationAndAmortization": "2131000000", "incomeBeforeTax": "-356000000", "incomeTaxExpense": "-642000000", "interestAndDebtExpense": "None", "netIncomeFromContinuingOperations": "286000000", "comprehensiveIncomeNetOfTax": "None", "ebit": "-33000000", "ebitda": "2098000000", "netIncome": "272000000"}, {"fiscalDateEnding": "2014-12-31", "reportedCurrency": "USD", "grossProfit": "1220000000", "totalRevenue": "11208000000", "costOfRevenue": "9988000000", "costofGoodsAndServicesSold": "9988000000", "operatingIncome": "-17000000", "sellingGeneralAndAdministrative": "132000000", "researchAndDevelopment": "263000000", "operatingExpenses": "1237000000", "investmentIncomeNet": "None", "netInterestIncome": "None", "interestIncome": "None", "interestExpense": "300000000", "nonInterestIncome": "None", "otherNonOperatingIncome": "83000000", "depreciation": "None", "depreciationAndAmortization": "2271000000", "incomeBeforeTax": "-321000000", "incomeTaxExpense": "-297000000", "interestAndDebtExpense": "None", "netIncomeFromContinuingOperations": "-24000000", "comprehensiveIncomeNetOfTax": "None", "ebit": "-21000000", "ebitda": "2250000000", "netIncome": "-39000000"}, {"fiscalDateEnding": "2014-09-30", "reportedCurrency": "USD", "grossProfit": "3240000000", "totalRevenue": "12080000000", "costOfRevenue": "8840000000", "costofGoodsAndServicesSold": "8840000000", "operatingIncome": "2085000000", "sellingGeneralAndAdministrative": "203000000", "researchAndDevelopment": "0", "operatingExpenses": "1155000000", "investmentIncomeNet": "None", "netInterestIncome": "None", "interestIncome": "None", "interestExpense": "269000000", "nonInterestIncome": "None", "otherNonOperatingIncome": "8000000", "depreciation": "None", "depreciationAndAmortization": "2096000000", "incomeBeforeTax": "2553000000", "incomeTaxExpense": "904000000", "interestAndDebtExpense": "None", "netIncomeFromContinuingOperations": "1649000000", "comprehensiveIncomeNetOfTax": "None", "ebit": "2822000000", "ebitda": "4918000000", "netIncome": "2704000000"}, {"fiscalDateEnding": "2014-06-30", "reportedCurrency": "USD", "grossProfit": "4226000000", "totalRevenue": "13821000000", "costOfRevenue": "9595000000", "costofGoodsAndServicesSold": "9595000000", "operatingIncome": "2879000000", "sellingGeneralAndAdministrative": "218000000", "researchAndDevelopment": "0", "operatingExpenses": "1347000000", "investmentIncomeNet": "None", "netInterestIncome": "None", "interestIncome": "None", "interestExpense": "275000000", "nonInterestIncome": "None", "otherNonOperatingIncome": "-7000000", "depreciation": "None", "depreciationAndAmortization": "2070000000", "incomeBeforeTax": "3460000000", "incomeTaxExpense": "1395000000", "interestAndDebtExpense": "None", "netIncomeFromContinuingOperations": "2065000000", "comprehensiveIncomeNetOfTax": "None", "ebit": "3735000000", "ebitda": "5805000000", "netIncome": "2081000000"}, {"fiscalDateEnding": "2014-03-31", "reportedCurrency": "USD", "grossProfit": "4501000000", "totalRevenue": "15415000000", "costOfRevenue": "10914000000", "costofGoodsAndServicesSold": "10914000000", "operatingIncome": "3372000000", "sellingGeneralAndAdministrative": "182000000", "researchAndDevelopment": "0", "operatingExpenses": "1129000000", "investmentIncomeNet": "None", "netInterestIncome": "None", "interestIncome": "None", "interestExpense": "288000000", "nonInterestIncome": "None", "otherNonOperatingIncome": "-18000000", "depreciation": "None", "depreciationAndAmortization": "1892000000", "incomeBeforeTax": "3698000000", "incomeTaxExpense": "1581000000", "interestAndDebtExpense": "None", "netIncomeFromContinuingOperations": "2117000000", "comprehensiveIncomeNetOfTax": "None", "ebit": "3986000000", "ebitda": "5878000000", "netIncome": "2123000000"}, {"fiscalDateEnding": "2013-12-31", "reportedCurrency": "USD", "grossProfit": "3864000000", "totalRevenue": "13254000000", "costOfRevenue": "9390000000", "costofGoodsAndServicesSold": "9390000000", "operatingIncome": "2610000000", "sellingGeneralAndAdministrative": "247000000", "researchAndDevelopment": "258000000", "operatingExpenses": "1254000000", "investmentIncomeNet": "None", "netInterestIncome": "None", "interestIncome": "None", "interestExpense": "309000000", "nonInterestIncome": "None", "otherNonOperatingIncome": "24000000", "depreciation": "None", "depreciationAndAmortization": "1893000000", "incomeBeforeTax": "2558000000", "incomeTaxExpense": "1050000000", "interestAndDebtExpense": "None", "netIncomeFromContinuingOperations": "1508000000", "comprehensiveIncomeNetOfTax": "None", "ebit": "2867000000", "ebitda": "4760000000", "netIncome": "2487000000"}, {"fiscalDateEnding": "2013-09-30", "reportedCurrency": "USD", "grossProfit": "4071000000", "totalRevenue": "13643000000", "costOfRevenue": "9572000000", "costofGoodsAndServicesSold": "9572000000", "operatingIncome": "2845000000", "sellingGeneralAndAdministrative": "249000000", "researchAndDevelopment": "0", "operatingExpenses": "1226000000", "investmentIncomeNet": "None", "netInterestIncome": "None", "interestIncome": "None", "interestExpense": "257000000", "nonInterestIncome": "None", "otherNonOperatingIncome": "-9000000", "depreciation": "None", "depreciationAndAmortization": "1902000000", "incomeBeforeTax": "4405000000", "incomeTaxExpense": "1966000000", "interestAndDebtExpense": "None", "netIncomeFromContinuingOperations": "2439000000", "comprehensiveIncomeNetOfTax": "None", "ebit": "4662000000", "ebitda": "6564000000", "netIncome": "2480000000"}, {"fiscalDateEnding": "2013-06-30", "reportedCurrency": "USD", "grossProfit": "4325000000", "totalRevenue": "13350000000", "costOfRevenue": "9025000000", "costofGoodsAndServicesSold": "9025000000", "operatingIncome": "3169000000", "sellingGeneralAndAdministrative": "193000000", "researchAndDevelopment": "0", "operatingExpenses": "1156000000", "investmentIncomeNet": "None", "netInterestIncome": "None", "interestIncome": "None", "interestExpense": "244000000", "nonInterestIncome": "None", "otherNonOperatingIncome": "7000000", "depreciation": "None", "depreciationAndAmortization": "1832000000", "incomeBeforeTax": "3696000000", "incomeTaxExpense": "1630000000", "interestAndDebtExpense": "None", "netIncomeFromContinuingOperations": "2066000000", "comprehensiveIncomeNetOfTax": "None", "ebit": "3940000000", "ebitda": "5772000000", "netIncome": "2050000000"}, {"fiscalDateEnding": "2013-03-31", "reportedCurrency": "USD", "grossProfit": "4838000000", "totalRevenue": "14166000000", "costOfRevenue": "9328000000", "costofGoodsAndServicesSold": "9328000000", "operatingIncome": "3504000000", "sellingGeneralAndAdministrative": "165000000", "researchAndDevelopment": "0", "operatingExpenses": "1334000000", "investmentIncomeNet": "None", "netInterestIncome": "None", "interestIncome": "None", "interestExpense": "236000000", "nonInterestIncome": "None", "otherNonOperatingIncome": "36000000", "depreciation": "None", "depreciationAndAmortization": "1807000000", "incomeBeforeTax": "3787000000", "incomeTaxExpense": "1763000000", "interestAndDebtExpense": "None", "netIncomeFromContinuingOperations": "2024000000", "comprehensiveIncomeNetOfTax": "None", "ebit": "4023000000", "ebitda": "5830000000", "netIncome": "2139000000"}, {"fiscalDateEnding": "2012-12-31", "reportedCurrency": "USD", "grossProfit": "-2393000000", "totalRevenue": "12666000000", "costOfRevenue": "15059000000", "costofGoodsAndServicesSold": "15059000000", "operatingIncome": "1460000000", "sellingGeneralAndAdministrative": "214000000", "researchAndDevelopment": "221000000", "operatingExpenses": "-3853000000", "investmentIncomeNet": "None", "netInterestIncome": "None", "interestIncome": "None", "interestExpense": "247000000", "nonInterestIncome": "None", "otherNonOperatingIncome": "-1318000000", "depreciation": "None", "depreciationAndAmortization": "1779000000", "incomeBeforeTax": "3622000000", "incomeTaxExpense": "1780000000", "interestAndDebtExpense": "None", "netIncomeFromContinuingOperations": "1902000000", "comprehensiveIncomeNetOfTax": "None", "ebit": "3205000000", "ebitda": "4984000000", "netIncome": "1426000000"}, {"fiscalDateEnding": "2012-09-30", "reportedCurrency": "USD", "grossProfit": "4497000000", "totalRevenue": "14141000000", "costOfRevenue": "9644000000", "costofGoodsAndServicesSold": "9644000000", "operatingIncome": "3280000000", "sellingGeneralAndAdministrative": "330000000", "researchAndDevelopment": "0", "operatingExpenses": "1217000000", "investmentIncomeNet": "None", "netInterestIncome": "None", "interestIncome": "None", "interestExpense": "190000000", "nonInterestIncome": "None", "otherNonOperatingIncome": "1000000", "depreciation": "None", "depreciationAndAmortization": "-1550000000", "incomeBeforeTax": "4467000000", "incomeTaxExpense": "2226000000", "interestAndDebtExpense": "None", "netIncomeFromContinuingOperations": "1811000000", "comprehensiveIncomeNetOfTax": "None", "ebit": "7052000000", "ebitda": "5502000000", "netIncome": "2937000000"}, {"fiscalDateEnding": "2012-06-30", "reportedCurrency": "USD", "grossProfit": "4561000000", "totalRevenue": "13664000000", "costOfRevenue": "9103000000", "costofGoodsAndServicesSold": "9103000000", "operatingIncome": "3161000000", "sellingGeneralAndAdministrative": "235000000", "researchAndDevelopment": "0", "operatingExpenses": "1400000000", "investmentIncomeNet": "None", "netInterestIncome": "None", "interestIncome": "None", "interestExpense": "197000000", "nonInterestIncome": "None", "otherNonOperatingIncome": "-15000000", "depreciation": "None", "depreciationAndAmortization": "1411000000", "incomeBeforeTax": "4089000000", "incomeTaxExpense": "2334000000", "interestAndDebtExpense": "None", "netIncomeFromContinuingOperations": "1755000000", "comprehensiveIncomeNetOfTax": "None", "ebit": "4414000000", "ebitda": "5825000000", "netIncome": "2267000000"}, {"fiscalDateEnding": "2012-03-31", "reportedCurrency": "USD", "grossProfit": "5385000000", "totalRevenue": "14593000000", "costOfRevenue": "9208000000", "costofGoodsAndServicesSold": "9208000000", "operatingIncome": "3289000000", "sellingGeneralAndAdministrative": "685000000", "researchAndDevelopment": "0", "operatingExpenses": "2096000000", "investmentIncomeNet": "None", "netInterestIncome": "None", "interestIncome": "None", "interestExpense": "209000000", "nonInterestIncome": "None", "otherNonOperatingIncome": "1291000000", "depreciation": "None", "depreciationAndAmortization": "1838000000", "incomeBeforeTax": "5475000000", "incomeTaxExpense": "2520000000", "interestAndDebtExpense": "None", "netIncomeFromContinuingOperations": "2013000000", "comprehensiveIncomeNetOfTax": "None", "ebit": "4293000000", "ebitda": "6131000000", "netIncome": "2937000000"}, {"fiscalDateEnding": "2011-12-31", "reportedCurrency": "USD", "grossProfit": "13258000000", "totalRevenue": "61787000000", "costOfRevenue": "48529000000", "costofGoodsAndServicesSold": "48529000000", "operatingIncome": "5846000000", "sellingGeneralAndAdministrative": "599000000", "researchAndDevelopment": "193000000", "operatingExpenses": "7412000000", "investmentIncomeNet": "None", "netInterestIncome": "None", "interestIncome": "None", "interestExpense": "228000000", "nonInterestIncome": "None", "otherNonOperatingIncome": "1235000000", "depreciation": "None", "depreciationAndAmortization": "1919000000", "incomeBeforeTax": "5833000000", "incomeTaxExpense": "2423000000", "interestAndDebtExpense": "None", "netIncomeFromContinuingOperations": "2211000000", "comprehensiveIncomeNetOfTax": "None", "ebit": "6061000000", "ebitda": "7980000000", "netIncome": "3390000000"}, {"fiscalDateEnding": "2011-09-30", "reportedCurrency": "USD", "grossProfit": "6509000000", "totalRevenue": "16252000000", "costOfRevenue": "9743000000", "costofGoodsAndServicesSold": "9743000000", "operatingIncome": "3442000000", "sellingGeneralAndAdministrative": "466000000", "researchAndDevelopment": "0", "operatingExpenses": "3067000000", "investmentIncomeNet": "None", "netInterestIncome": "None", "interestIncome": "None", "interestExpense": "235000000", "nonInterestIncome": "None", "otherNonOperatingIncome": "777000000", "depreciation": "None", "depreciationAndAmortization": "1870000000", "incomeBeforeTax": "5180000000", "incomeTaxExpense": "2549000000", "interestAndDebtExpense": "None", "netIncomeFromContinuingOperations": "2745000000", "comprehensiveIncomeNetOfTax": "None", "ebit": "3929000000", "ebitda": "5799000000", "netIncome": "2616000000"}, {"fiscalDateEnding": "2011-06-30", "reportedCurrency": "USD", "grossProfit": "8017000000", "totalRevenue": "17293000000", "costOfRevenue": "9276000000", "costofGoodsAndServicesSold": "9276000000", "operatingIncome": "4506000000", "sellingGeneralAndAdministrative": "514000000", "researchAndDevelopment": "0", "operatingExpenses": "3511000000", "investmentIncomeNet": "None", "netInterestIncome": "None", "interestIncome": "None", "interestExpense": "247000000", "nonInterestIncome": "None", "otherNonOperatingIncome": "1273000000", "depreciation": "None", "depreciationAndAmortization": "2075000000", "incomeBeforeTax": "6192000000", "incomeTaxExpense": "2773000000", "interestAndDebtExpense": "None", "netIncomeFromContinuingOperations": "3456000000", "comprehensiveIncomeNetOfTax": "None", "ebit": "6422000000", "ebitda": "8497000000", "netIncome": "3402000000"}, {"fiscalDateEnding": "2011-03-31", "reportedCurrency": "USD", "grossProfit": "12226000000", "totalRevenue": "57230000000", "costOfRevenue": "45004000000", "costofGoodsAndServicesSold": "45004000000", "operatingIncome": "5117000000", "sellingGeneralAndAdministrative": "499000000", "researchAndDevelopment": "0", "operatingExpenses": "7109000000", "investmentIncomeNet": "None", "netInterestIncome": "None", "interestIncome": "None", "interestExpense": "262000000", "nonInterestIncome": "None", "otherNonOperatingIncome": "1137000000", "depreciation": "None", "depreciationAndAmortization": "2070000000", "incomeBeforeTax": "5796000000", "incomeTaxExpense": "2754000000", "interestAndDebtExpense": "None", "netIncomeFromContinuingOperations": "2538000000", "comprehensiveIncomeNetOfTax": "None", "ebit": "6058000000", "ebitda": "8128000000", "netIncome": "3028000000"}, {"fiscalDateEnding": "2010-12-31", "reportedCurrency": "USD", "grossProfit": "8513000000", "totalRevenue": "51726000000", "costOfRevenue": "43213000000", "costofGoodsAndServicesSold": "43213000000", "operatingIncome": "3294000000", "sellingGeneralAndAdministrative": "630000000", "researchAndDevelopment": "230000000", "operatingExpenses": "5219000000", "investmentIncomeNet": "None", "netInterestIncome": "None", "interestIncome": "None", "interestExpense": "383000000", "nonInterestIncome": "None", "otherNonOperatingIncome": "-4324000000", "depreciation": "None", "depreciationAndAmortization": "2216000000", "incomeBeforeTax": "4292000000", "incomeTaxExpense": "2239000000", "interestAndDebtExpense": "None", "netIncomeFromContinuingOperations": "-3640000000", "comprehensiveIncomeNetOfTax": "None", "ebit": "4675000000", "ebitda": "6891000000", "netIncome": "2041000000"}, {"fiscalDateEnding": "2010-09-30", "reportedCurrency": "USD", "grossProfit": "11911000000", "totalRevenue": "48545000000", "costOfRevenue": "36634000000", "costofGoodsAndServicesSold": "36634000000", "operatingIncome": "4693000000", "sellingGeneralAndAdministrative": "493000000", "researchAndDevelopment": "0", "operatingExpenses": "7218000000", "investmentIncomeNet": "None", "netInterestIncome": "None", "interestIncome": "None", "interestExpense": "264000000", "nonInterestIncome": "None", "otherNonOperatingIncome": "2351000000", "depreciation": "None", "depreciationAndAmortization": "2246000000", "incomeBeforeTax": "5274000000", "incomeTaxExpense": "2205000000", "interestAndDebtExpense": "None", "netIncomeFromContinuingOperations": "3179000000", "comprehensiveIncomeNetOfTax": "None", "ebit": "5538000000", "ebitda": "7784000000", "netIncome": "3055000000"}, {"fiscalDateEnding": "2010-06-30", "reportedCurrency": "USD", "grossProfit": "14332000000", "totalRevenue": "49039000000", "costOfRevenue": "34707000000", "costofGoodsAndServicesSold": "34707000000", "operatingIncome": "7154000000", "sellingGeneralAndAdministrative": "438000000", "researchAndDevelopment": "0", "operatingExpenses": "7178000000", "investmentIncomeNet": "None", "netInterestIncome": "None", "interestIncome": "None", "interestExpense": "301000000", "nonInterestIncome": "None", "otherNonOperatingIncome": "4387000000", "depreciation": "None", "depreciationAndAmortization": "2280000000", "incomeBeforeTax": "3990000000", "incomeTaxExpense": "1878000000", "interestAndDebtExpense": "None", "netIncomeFromContinuingOperations": "4296000000", "comprehensiveIncomeNetOfTax": "None", "ebit": "6543000000", "ebitda": "8823000000", "netIncome": "2098000000"}, {"fiscalDateEnding": "2010-03-31", "reportedCurrency": "USD", "grossProfit": "10846000000", "totalRevenue": "44894000000", "costOfRevenue": "34048000000", "costofGoodsAndServicesSold": "34048000000", "operatingIncome": "3664000000", "sellingGeneralAndAdministrative": "444000000", "researchAndDevelopment": "0", "operatingExpenses": "7182000000", "investmentIncomeNet": "None", "netInterestIncome": "None", "interestIncome": "None", "interestExpense": "301000000", "nonInterestIncome": "None", "otherNonOperatingIncome": "905000000", "depreciation": "None", "depreciationAndAmortization": "2318000000", "incomeBeforeTax": "3990000000", "incomeTaxExpense": "1878000000", "interestAndDebtExpense": "None", "netIncomeFromContinuingOperations": "2226000000", "comprehensiveIncomeNetOfTax": "None", "ebit": "4291000000", "ebitda": "6609000000", "netIncome": "2098000000"}, {"fiscalDateEnding": "2009-12-31", "reportedCurrency": "USD", "grossProfit": "10881000000", "totalRevenue": "43625000000", "costOfRevenue": "32744000000", "costofGoodsAndServicesSold": "32744000000", "operatingIncome": "3583000000", "sellingGeneralAndAdministrative": "452000000", "researchAndDevelopment": "190000000", "operatingExpenses": "7298000000", "investmentIncomeNet": "None", "netInterestIncome": "None", "interestIncome": "None", "interestExpense": "375000000", "nonInterestIncome": "None", "otherNonOperatingIncome": "None", "depreciation": "None", "depreciationAndAmortization": "2391000000", "incomeBeforeTax": "2669000000", "incomeTaxExpense": "1423000000", "interestAndDebtExpense": "None", "netIncomeFromContinuingOperations": "0", "comprehensiveIncomeNetOfTax": "None", "ebit": "3044000000", "ebitda": "5435000000", "netIncome": "1217000000"}, {"fiscalDateEnding": "2009-09-30", "reportedCurrency": "USD", "grossProfit": "7304000000", "totalRevenue": "40173000000", "costOfRevenue": "32869000000", "costofGoodsAndServicesSold": "32869000000", "operatingIncome": "2286000000", "sellingGeneralAndAdministrative": "427000000", "researchAndDevelopment": "0", "operatingExpenses": "5018000000", "investmentIncomeNet": "None", "netInterestIncome": "None", "interestIncome": "None", "interestExpense": "336000000", "nonInterestIncome": "None", "otherNonOperatingIncome": "1149000000", "depreciation": "None", "depreciationAndAmortization": "4557000000", "incomeBeforeTax": "2947000000", "incomeTaxExpense": "1427000000", "interestAndDebtExpense": "None", "netIncomeFromContinuingOperations": "1672000000", "comprehensiveIncomeNetOfTax": "None", "ebit": "1115000000", "ebitda": "5672000000", "netIncome": "1470000000"}, {"fiscalDateEnding": "2009-06-30", "reportedCurrency": "USD", "grossProfit": "5919000000", "totalRevenue": "35448000000", "costOfRevenue": "29529000000", "costofGoodsAndServicesSold": "29529000000", "operatingIncome": "1485000000", "sellingGeneralAndAdministrative": "476000000", "researchAndDevelopment": "0", "operatingExpenses": "4434000000", "investmentIncomeNet": "None", "netInterestIncome": "None", "interestIncome": "None", "interestExpense": "310000000", "nonInterestIncome": "None", "otherNonOperatingIncome": "-142000000", "depreciation": "None", "depreciationAndAmortization": "2230000000", "incomeBeforeTax": "2034000000", "incomeTaxExpense": "1178000000", "interestAndDebtExpense": "None", "netIncomeFromContinuingOperations": "97611000000", "comprehensiveIncomeNetOfTax": "None", "ebit": "2431000000", "ebitda": "4661000000", "netIncome": "859000000"}, {"fiscalDateEnding": "2009-03-31", "reportedCurrency": "USD", "grossProfit": "8934000000", "totalRevenue": "31238000000", "costOfRevenue": "22304000000", "costofGoodsAndServicesSold": "22304000000", "operatingIncome": "2409000000", "sellingGeneralAndAdministrative": "475000000", "researchAndDevelopment": "0", "operatingExpenses": "6525000000", "investmentIncomeNet": "None", "netInterestIncome": "None", "interestIncome": "None", "interestExpense": "310000000", "nonInterestIncome": "None", "otherNonOperatingIncome": "None", "depreciation": "None", "depreciationAndAmortization": "2230000000", "incomeBeforeTax": "2034000000", "incomeTaxExpense": "1178000000", "interestAndDebtExpense": "None", "netIncomeFromContinuingOperations": "0", "comprehensiveIncomeNetOfTax": "None", "ebit": "2302000000", "ebitda": "4532000000", "netIncome": "800000000"}, {"fiscalDateEnding": "2008-12-31", "reportedCurrency": "USD", "grossProfit": "12790000000", "totalRevenue": "44904000000", "costOfRevenue": "32114000000", "costofGoodsAndServicesSold": "32114000000", "operatingIncome": "4561000000", "sellingGeneralAndAdministrative": "1898000000", "researchAndDevelopment": "209000000", "operatingExpenses": "8229000000", "investmentIncomeNet": "None", "netInterestIncome": "None", "interestIncome": "None", "interestExpense": "1006000000", "nonInterestIncome": "None", "otherNonOperatingIncome": "None", "depreciation": "None", "depreciationAndAmortization": "2264000000", "incomeBeforeTax": "-30404000000", "incomeTaxExpense": "1360000000", "interestAndDebtExpense": "None", "netIncomeFromContinuingOperations": "0", "comprehensiveIncomeNetOfTax": "None", "ebit": "4561000000", "ebitda": "6825000000", "netIncome": "-31764000000"}, {"fiscalDateEnding": "2008-09-30", "reportedCurrency": "USD", "grossProfit": "18439000000", "totalRevenue": "71373000000", "costOfRevenue": "52934000000", "costofGoodsAndServicesSold": "52934000000", "operatingIncome": "9946000000", "sellingGeneralAndAdministrative": "513000000", "researchAndDevelopment": "0", "operatingExpenses": "8493000000", "investmentIncomeNet": "None", "netInterestIncome": "None", "interestIncome": "None", "interestExpense": "239000000", "nonInterestIncome": "None", "otherNonOperatingIncome": "None", "depreciation": "None", "depreciationAndAmortization": "2361000000", "incomeBeforeTax": "9467000000", "incomeTaxExpense": "4279000000", "interestAndDebtExpense": "None", "netIncomeFromContinuingOperations": "0", "comprehensiveIncomeNetOfTax": "None", "ebit": "9946000000", "ebitda": "12307000000", "netIncome": "5188000000"}, {"fiscalDateEnding": "2008-06-30", "reportedCurrency": "USD", "grossProfit": "19028000000", "totalRevenue": "73353000000", "costOfRevenue": "54325000000", "costofGoodsAndServicesSold": "54325000000", "operatingIncome": "10137000000", "sellingGeneralAndAdministrative": "629000000", "researchAndDevelopment": "0", "operatingExpenses": "8891000000", "investmentIncomeNet": "None", "netInterestIncome": "None", "interestIncome": "None", "interestExpense": "210000000", "nonInterestIncome": "None", "otherNonOperatingIncome": "None", "depreciation": "None", "depreciationAndAmortization": "2178000000", "incomeBeforeTax": "9795000000", "incomeTaxExpense": "4356000000", "interestAndDebtExpense": "None", "netIncomeFromContinuingOperations": "0", "comprehensiveIncomeNetOfTax": "None", "ebit": "10022000000", "ebitda": "12200000000", "netIncome": "5439000000"}, {"fiscalDateEnding": "2008-03-31", "reportedCurrency": "USD", "grossProfit": "16041000000", "totalRevenue": "56552000000", "costOfRevenue": "40511000000", "costofGoodsAndServicesSold": "40511000000", "operatingIncome": "7885000000", "sellingGeneralAndAdministrative": "835000000", "researchAndDevelopment": "0", "operatingExpenses": "8156000000", "investmentIncomeNet": "None", "netInterestIncome": "None", "interestIncome": "None", "interestExpense": "207000000", "nonInterestIncome": "None", "otherNonOperatingIncome": "None", "depreciation": "None", "depreciationAndAmortization": "2209000000", "incomeBeforeTax": "7549000000", "incomeTaxExpense": "3410000000", "interestAndDebtExpense": "None", "netIncomeFromContinuingOperations": "0", "comprehensiveIncomeNetOfTax": "None", "ebit": "7775000000", "ebitda": "9984000000", "netIncome": "4139000000"}, {"fiscalDateEnding": "2007-12-31", "reportedCurrency": "USD", "grossProfit": "16991000000", "totalRevenue": "54298000000", "costOfRevenue": "37307000000", "costofGoodsAndServicesSold": "37307000000", "operatingIncome": "7836000000", "sellingGeneralAndAdministrative": "1613000000", "researchAndDevelopment": "160000000", "operatingExpenses": "9155000000", "investmentIncomeNet": "None", "netInterestIncome": "None", "interestIncome": "None", "interestExpense": "356000000", "nonInterestIncome": "None", "otherNonOperatingIncome": "None", "depreciation": "None", "depreciationAndAmortization": "2206000000", "incomeBeforeTax": "7324000000", "incomeTaxExpense": "2953000000", "interestAndDebtExpense": "None", "netIncomeFromContinuingOperations": "0", "comprehensiveIncomeNetOfTax": "None", "ebit": "7836000000", "ebitda": "10042000000", "netIncome": "4371000000"}, {"fiscalDateEnding": "2007-09-30", "reportedCurrency": "USD", "grossProfit": "14233000000", "totalRevenue": "47933000000", "costOfRevenue": "33700000000", "costofGoodsAndServicesSold": "33700000000", "operatingIncome": "7029000000", "sellingGeneralAndAdministrative": "569000000", "researchAndDevelopment": "0", "operatingExpenses": "7204000000", "investmentIncomeNet": "None", "netInterestIncome": "None", "interestIncome": "None", "interestExpense": "391000000", "nonInterestIncome": "None", "otherNonOperatingIncome": "None", "depreciation": "None", "depreciationAndAmortization": "2052000000", "incomeBeforeTax": "6364000000", "incomeTaxExpense": "2691000000", "interestAndDebtExpense": "None", "netIncomeFromContinuingOperations": "0", "comprehensiveIncomeNetOfTax": "None", "ebit": "7029000000", "ebitda": "9081000000", "netIncome": "3673000000"}, {"fiscalDateEnding": "2007-06-30", "reportedCurrency": "USD", "grossProfit": "15761000000", "totalRevenue": "49397000000", "costOfRevenue": "33636000000", "costofGoodsAndServicesSold": "33636000000", "operatingIncome": "8444000000", "sellingGeneralAndAdministrative": "604000000", "researchAndDevelopment": "0", "operatingExpenses": "7317000000", "investmentIncomeNet": "None", "netInterestIncome": "None", "interestIncome": "None", "interestExpense": "319000000", "nonInterestIncome": "None", "otherNonOperatingIncome": "None", "depreciation": "None", "depreciationAndAmortization": "2016000000", "incomeBeforeTax": "3518000000", "incomeTaxExpense": "3217000000", "interestAndDebtExpense": "None", "netIncomeFromContinuingOperations": "0", "comprehensiveIncomeNetOfTax": "None", "ebit": "8444000000", "ebitda": "10460000000", "netIncome": "301000000"}, {"fiscalDateEnding": "2007-03-31", "reportedCurrency": "USD", "grossProfit": "11851000000", "totalRevenue": "41320000000", "costOfRevenue": "29469000000", "costofGoodsAndServicesSold": "29469000000", "operatingIncome": "4926000000", "sellingGeneralAndAdministrative": "527000000", "researchAndDevelopment": "0", "operatingExpenses": "6925000000", "investmentIncomeNet": "None", "netInterestIncome": "None", "interestIncome": "None", "interestExpense": "307000000", "nonInterestIncome": "None", "otherNonOperatingIncome": "None", "depreciation": "None", "depreciationAndAmortization": "2024000000", "incomeBeforeTax": "6066000000", "incomeTaxExpense": "2520000000", "interestAndDebtExpense": "None", "netIncomeFromContinuingOperations": "0", "comprehensiveIncomeNetOfTax": "None", "ebit": "4926000000", "ebitda": "6950000000", "netIncome": "3546000000"}, {"fiscalDateEnding": "2006-12-31", "reportedCurrency": "USD", "grossProfit": "-7110000000", "totalRevenue": "21590000000", "costOfRevenue": "28700000000", "costofGoodsAndServicesSold": "28700000000", "operatingIncome": "1784000000", "sellingGeneralAndAdministrative": "650000000", "researchAndDevelopment": "117000000", "operatingExpenses": "-8894000000", "investmentIncomeNet": "None", "netInterestIncome": "None", "interestIncome": "None", "interestExpense": "356000000", "nonInterestIncome": "None", "otherNonOperatingIncome": "None", "depreciation": "None", "depreciationAndAmortization": "2002000000", "incomeBeforeTax": "5917000000", "incomeTaxExpense": "2720000000", "interestAndDebtExpense": "None", "netIncomeFromContinuingOperations": "0", "comprehensiveIncomeNetOfTax": "None", "ebit": "1784000000", "ebitda": "3786000000", "netIncome": "3197000000"}, {"fiscalDateEnding": "2006-09-30", "reportedCurrency": "USD", "grossProfit": "16197000000", "totalRevenue": "49585000000", "costOfRevenue": "33388000000", "costofGoodsAndServicesSold": "33388000000", "operatingIncome": "8557000000", "sellingGeneralAndAdministrative": "650000000", "researchAndDevelopment": "0", "operatingExpenses": "7640000000", "investmentIncomeNet": "None", "netInterestIncome": "None", "interestIncome": "None", "interestExpense": "308000000", "nonInterestIncome": "None", "otherNonOperatingIncome": "None", "depreciation": "None", "depreciationAndAmortization": "2137000000", "incomeBeforeTax": "7937000000", "incomeTaxExpense": "4061000000", "interestAndDebtExpense": "None", "netIncomeFromContinuingOperations": "0", "comprehensiveIncomeNetOfTax": "None", "ebit": "8557000000", "ebitda": "10694000000", "netIncome": "3876000000"}, {"fiscalDateEnding": "2006-06-30", "reportedCurrency": "USD", "grossProfit": "16200000000", "totalRevenue": "48476000000", "costOfRevenue": "32276000000", "costofGoodsAndServicesSold": "32276000000", "operatingIncome": "9204000000", "sellingGeneralAndAdministrative": "610000000", "researchAndDevelopment": "0", "operatingExpenses": "6996000000", "investmentIncomeNet": "None", "netInterestIncome": "None", "interestIncome": "None", "interestExpense": "360000000", "nonInterestIncome": "None", "otherNonOperatingIncome": "None", "depreciation": "None", "depreciationAndAmortization": "1965000000", "incomeBeforeTax": "8682000000", "incomeTaxExpense": "3496000000", "interestAndDebtExpense": "None", "netIncomeFromContinuingOperations": "0", "comprehensiveIncomeNetOfTax": "None", "ebit": "9204000000", "ebitda": "11169000000", "netIncome": "5186000000"}, {"fiscalDateEnding": "2006-03-31", "reportedCurrency": "USD", "grossProfit": "12145000000", "totalRevenue": "47927000000", "costOfRevenue": "35782000000", "costofGoodsAndServicesSold": "35782000000", "operatingIncome": "6012000000", "sellingGeneralAndAdministrative": "566000000", "researchAndDevelopment": "0", "operatingExpenses": "6133000000", "investmentIncomeNet": "None", "netInterestIncome": "None", "interestIncome": "None", "interestExpense": "115000000", "nonInterestIncome": "None", "otherNonOperatingIncome": "None", "depreciation": "None", "depreciationAndAmortization": "1180000000", "incomeBeforeTax": "5797000000", "incomeTaxExpense": "2506000000", "interestAndDebtExpense": "None", "netIncomeFromContinuingOperations": "0", "comprehensiveIncomeNetOfTax": "None", "ebit": "6012000000", "ebitda": "7192000000", "netIncome": "3291000000"}, {"fiscalDateEnding": "2005-12-31", "reportedCurrency": "USD", "grossProfit": "28933000000", "totalRevenue": "67965000000", "costOfRevenue": "39032000000", "costofGoodsAndServicesSold": "39032000000", "operatingIncome": "27018000000", "sellingGeneralAndAdministrative": "391000000", "researchAndDevelopment": "125000000", "operatingExpenses": "1915000000", "investmentIncomeNet": "None", "netInterestIncome": "None", "interestIncome": "None", "interestExpense": "197000000", "nonInterestIncome": "None", "otherNonOperatingIncome": "None", "depreciation": "None", "depreciationAndAmortization": "1178000000", "incomeBeforeTax": "6621000000", "incomeTaxExpense": "2839000000", "interestAndDebtExpense": "None", "netIncomeFromContinuingOperations": "0", "comprehensiveIncomeNetOfTax": "None", "ebit": "27018000000", "ebitda": "28196000000", "netIncome": "3767000000"}]}