{"symbol": "MTD", "annualReports": [{"fiscalDateEnding": "2025-12-31", "reportedCurrency": "USD", "grossProfit": "2316177000", "totalRevenue": "4026399000", "costOfRevenue": "1710222000", "costofGoodsAndServicesSold": "1710222000", "operatingIncome": "1118490000", "sellingGeneralAndAdministrative": "998314000", "researchAndDevelopment": "199373000", "operatingExpenses": "1197687000", "investmentIncomeNet": "None", "netInterestIncome": "-68515000", "interestIncome": "None", "interestExpense": "68515000", "nonInterestIncome": "None", "otherNonOperatingIncome": "None", "depreciation": "None", "depreciationAndAmortization": "125610000", "incomeBeforeTax": "1048909000", "incomeTaxExpense": "179716000", "interestAndDebtExpense": "None", "netIncomeFromContinuingOperations": "869193000", "comprehensiveIncomeNetOfTax": "None", "ebit": "1109124000", "ebitda": "1234734000", "netIncome": "869193000"}, {"fiscalDateEnding": "2024-12-31", "reportedCurrency": "USD", "grossProfit": "2252714000", "totalRevenue": "3872361000", "costOfRevenue": "1619647000", "costofGoodsAndServicesSold": "1619647000", "operatingIncome": "1127054000", "sellingGeneralAndAdministrative": "936303000", "researchAndDevelopment": "189357000", "operatingExpenses": "1125660000", "investmentIncomeNet": "None", "netInterestIncome": "-74631000", "interestIncome": "None", "interestExpense": "74631000", "nonInterestIncome": "None", "otherNonOperatingIncome": "None", "depreciation": "None", "depreciationAndAmortization": "123221000", "incomeBeforeTax": "1037223000", "incomeTaxExpense": "174083000", "interestAndDebtExpense": "None", "netIncomeFromContinuingOperations": "863140000", "comprehensiveIncomeNetOfTax": "None", "ebit": "1100454000", "ebitda": "1223675000", "netIncome": "863140000"}, {"fiscalDateEnding": "2023-12-31", "reportedCurrency": "USD", "grossProfit": "2241286000", "totalRevenue": "3788309000", "costOfRevenue": "1547023000", "costofGoodsAndServicesSold": "1547023000", "operatingIncome": "1151896000", "sellingGeneralAndAdministrative": "908265000", "researchAndDevelopment": "185284000", "operatingExpenses": "1089390000", "investmentIncomeNet": "None", "netInterestIncome": "-74516000", "interestIncome": "None", "interestExpense": "77366000", "nonInterestIncome": "None", "otherNonOperatingIncome": "None", "depreciation": "None", "depreciationAndAmortization": "121164000", "incomeBeforeTax": "973728000", "incomeTaxExpense": "184950000", "interestAndDebtExpense": "None", "netIncomeFromContinuingOperations": "869818000", "comprehensiveIncomeNetOfTax": "None", "ebit": "1151896000", "ebitda": "1151896000", "netIncome": "788778000"}, {"fiscalDateEnding": "2022-12-31", "reportedCurrency": "USD", "grossProfit": "2241803000", "totalRevenue": "3919709000", "costOfRevenue": "1677906000", "costofGoodsAndServicesSold": "1677906000", "operatingIncome": "1126220000", "sellingGeneralAndAdministrative": "938461000", "researchAndDevelopment": "177122000", "operatingExpenses": "1115583000", "investmentIncomeNet": "None", "netInterestIncome": "-55392000", "interestIncome": "None", "interestExpense": "55392000", "nonInterestIncome": "None", "otherNonOperatingIncome": "9320000", "depreciation": "None", "depreciationAndAmortization": "113023000", "incomeBeforeTax": "1070592000", "incomeTaxExpense": "198090000", "interestAndDebtExpense": "None", "netIncomeFromContinuingOperations": "872502000", "comprehensiveIncomeNetOfTax": "None", "ebit": "1130432000", "ebitda": "1243455000", "netIncome": "872502000"}, {"fiscalDateEnding": "2021-12-31", "reportedCurrency": "USD", "grossProfit": "2108478000", "totalRevenue": "3717930000", "costOfRevenue": "1609452000", "costofGoodsAndServicesSold": "1609452000", "operatingIncome": "994736000", "sellingGeneralAndAdministrative": "943976000", "researchAndDevelopment": "169766000", "operatingExpenses": "1113742000", "investmentIncomeNet": "None", "netInterestIncome": "-43242000", "interestIncome": "None", "interestExpense": "43242000", "nonInterestIncome": "None", "otherNonOperatingIncome": "3106000", "depreciation": "None", "depreciationAndAmortization": "108057000", "incomeBeforeTax": "949361000", "incomeTaxExpense": "180376000", "interestAndDebtExpense": "None", "netIncomeFromContinuingOperations": "768985000", "comprehensiveIncomeNetOfTax": "None", "ebit": "991825000", "ebitda": "1099882000", "netIncome": "768985000"}, {"fiscalDateEnding": "2020-12-31", "reportedCurrency": "USD", "grossProfit": "1744366000", "totalRevenue": "3085177000", "costOfRevenue": "1340811000", "costofGoodsAndServicesSold": "1340811000", "operatingIncome": "784043000", "sellingGeneralAndAdministrative": "820221000", "researchAndDevelopment": "140102000", "operatingExpenses": "960323000", "investmentIncomeNet": "None", "netInterestIncome": "-38616000", "interestIncome": "None", "interestExpense": "38616000", "nonInterestIncome": "None", "otherNonOperatingIncome": "13832000", "depreciation": "None", "depreciationAndAmortization": "98709000", "incomeBeforeTax": "748743000", "incomeTaxExpense": "146004000", "interestAndDebtExpense": "None", "netIncomeFromContinuingOperations": "602739000", "comprehensiveIncomeNetOfTax": "None", "ebit": "787246000", "ebitda": "885955000", "netIncome": "602739000"}, {"fiscalDateEnding": "2019-12-31", "reportedCurrency": "USD", "grossProfit": "1691521000", "totalRevenue": "3008652000", "costOfRevenue": "1317131000", "costofGoodsAndServicesSold": "1317131000", "operatingIncome": "728388000", "sellingGeneralAndAdministrative": "819183000", "researchAndDevelopment": "143950000", "operatingExpenses": "963133000", "investmentIncomeNet": "None", "netInterestIncome": "-37411000", "interestIncome": "None", "interestExpense": "37411000", "nonInterestIncome": "None", "otherNonOperatingIncome": "6177000", "depreciation": "None", "depreciationAndAmortization": "88681000", "incomeBeforeTax": "681394000", "incomeTaxExpense": "120285000", "interestAndDebtExpense": "None", "netIncomeFromContinuingOperations": "561109000", "comprehensiveIncomeNetOfTax": "None", "ebit": "723296000", "ebitda": "811977000", "netIncome": "561109000"}, {"fiscalDateEnding": "2018-12-31", "reportedCurrency": "USD", "grossProfit": "1636854000", "totalRevenue": "2935586000", "costOfRevenue": "1298732000", "costofGoodsAndServicesSold": "1298732000", "operatingIncome": "682981000", "sellingGeneralAndAdministrative": "812802000", "researchAndDevelopment": "141071000", "operatingExpenses": "953873000", "investmentIncomeNet": "None", "netInterestIncome": "-34511000", "interestIncome": "None", "interestExpense": "34511000", "nonInterestIncome": "None", "otherNonOperatingIncome": "21808000", "depreciation": "None", "depreciationAndAmortization": "84691000", "incomeBeforeTax": "651858000", "incomeTaxExpense": "139247000", "interestAndDebtExpense": "None", "netIncomeFromContinuingOperations": "512611000", "comprehensiveIncomeNetOfTax": "None", "ebit": "685830000", "ebitda": "770521000", "netIncome": "512611000"}, {"fiscalDateEnding": "2017-12-31", "reportedCurrency": "USD", "grossProfit": "1533080000", "totalRevenue": "2725053000", "costOfRevenue": "1191973000", "costofGoodsAndServicesSold": "1191973000", "operatingIncome": "609911000", "sellingGeneralAndAdministrative": "787464000", "researchAndDevelopment": "129265000", "operatingExpenses": "923169000", "investmentIncomeNet": "None", "netInterestIncome": "-32785000", "interestIncome": "None", "interestExpense": "32785000", "nonInterestIncome": "None", "otherNonOperatingIncome": "5866000", "depreciation": "None", "depreciationAndAmortization": "76129000", "incomeBeforeTax": "574222000", "incomeTaxExpense": "198250000", "interestAndDebtExpense": "None", "netIncomeFromContinuingOperations": "375972000", "comprehensiveIncomeNetOfTax": "None", "ebit": "608686000", "ebitda": "684815000", "netIncome": "375972000"}, {"fiscalDateEnding": "2016-12-31", "reportedCurrency": "USD", "grossProfit": "1392779000", "totalRevenue": "2508257000", "costOfRevenue": "1115478000", "costofGoodsAndServicesSold": "1115478000", "operatingIncome": "540189000", "sellingGeneralAndAdministrative": "732622000", "researchAndDevelopment": "119968000", "operatingExpenses": "852590000", "investmentIncomeNet": "None", "netInterestIncome": "-28026000", "interestIncome": "None", "interestExpense": "28026000", "nonInterestIncome": "None", "otherNonOperatingIncome": "-8491000", "depreciation": "None", "depreciationAndAmortization": "68795000", "incomeBeforeTax": "504193000", "incomeTaxExpense": "119823000", "interestAndDebtExpense": "None", "netIncomeFromContinuingOperations": "384370000", "comprehensiveIncomeNetOfTax": "None", "ebit": "531185000", "ebitda": "599980000", "netIncome": "384370000"}, {"fiscalDateEnding": "2015-12-31", "reportedCurrency": "USD", "grossProfit": "1333571000", "totalRevenue": "2395447000", "costOfRevenue": "1061876000", "costofGoodsAndServicesSold": "1061876000", "operatingIncome": "513684999", "sellingGeneralAndAdministrative": "700810000", "researchAndDevelopment": "119076000", "operatingExpenses": "819886000", "investmentIncomeNet": "None", "netInterestIncome": "None", "interestIncome": "None", "interestExpense": "27451000", "nonInterestIncome": "None", "otherNonOperatingIncome": "867000", "depreciation": "None", "depreciationAndAmortization": "64038000", "incomeBeforeTax": "463424000", "incomeTaxExpense": "110604000", "interestAndDebtExpense": "None", "netIncomeFromContinuingOperations": "352820000", "comprehensiveIncomeNetOfTax": "None", "ebit": "493639000", "ebitda": "557677000", "netIncome": "352820000"}, {"fiscalDateEnding": "2014-12-31", "reportedCurrency": "USD", "grossProfit": "1328734000", "totalRevenue": "2485983000", "costOfRevenue": "1157249000", "costofGoodsAndServicesSold": "1157249000", "operatingIncome": "476855000", "sellingGeneralAndAdministrative": "728582000", "researchAndDevelopment": "123297000", "operatingExpenses": "851879000", "investmentIncomeNet": "None", "netInterestIncome": "None", "interestIncome": "None", "interestExpense": "24537000", "nonInterestIncome": "None", "otherNonOperatingIncome": "-2230000", "depreciation": "None", "depreciationAndAmortization": "62802000", "incomeBeforeTax": "445004000", "incomeTaxExpense": "106763000", "interestAndDebtExpense": "None", "netIncomeFromContinuingOperations": "338241000", "comprehensiveIncomeNetOfTax": "None", "ebit": "466422000", "ebitda": "529224000", "netIncome": "338241000"}, {"fiscalDateEnding": "2013-12-31", "reportedCurrency": "USD", "grossProfit": "1259500000", "totalRevenue": "2378972000", "costOfRevenue": "1119472000", "costofGoodsAndServicesSold": "1119472000", "operatingIncome": "450366000", "sellingGeneralAndAdministrative": "692788000", "researchAndDevelopment": "116346000", "operatingExpenses": "809134000", "investmentIncomeNet": "None", "netInterestIncome": "None", "interestIncome": "None", "interestExpense": "22711000", "nonInterestIncome": "None", "otherNonOperatingIncome": "-3103000", "depreciation": "None", "depreciationAndAmortization": "59304000", "incomeBeforeTax": "402709000", "incomeTaxExpense": "96615000", "interestAndDebtExpense": "None", "netIncomeFromContinuingOperations": "306094000", "comprehensiveIncomeNetOfTax": "None", "ebit": "422339000", "ebitda": "481643000", "netIncome": "306094000"}, {"fiscalDateEnding": "2012-12-31", "reportedCurrency": "USD", "grossProfit": "1219898000", "totalRevenue": "2341528000", "costOfRevenue": "1121630000", "costofGoodsAndServicesSold": "1121630000", "operatingIncome": "423342000", "sellingGeneralAndAdministrative": "684026000", "researchAndDevelopment": "112530000", "operatingExpenses": "796556000", "investmentIncomeNet": "None", "netInterestIncome": "None", "interestIncome": "None", "interestExpense": "22764000", "nonInterestIncome": "None", "otherNonOperatingIncome": "-1090000", "depreciation": "None", "depreciationAndAmortization": "54778000", "incomeBeforeTax": "382601000", "incomeTaxExpense": "91754000", "interestAndDebtExpense": "None", "netIncomeFromContinuingOperations": "290847000", "comprehensiveIncomeNetOfTax": "None", "ebit": "402365000", "ebitda": "457143000", "netIncome": "290847000"}, {"fiscalDateEnding": "2011-12-31", "reportedCurrency": "USD", "grossProfit": "1200466000", "totalRevenue": "2309328000", "costOfRevenue": "1108862000", "costofGoodsAndServicesSold": "1108862000", "operatingIncome": "380695000", "sellingGeneralAndAdministrative": "703632000", "researchAndDevelopment": "116139000", "operatingExpenses": "819771000", "investmentIncomeNet": "None", "netInterestIncome": "None", "interestIncome": "None", "interestExpense": "23226000", "nonInterestIncome": "None", "otherNonOperatingIncome": "-2380000", "depreciation": "None", "depreciationAndAmortization": "49497000", "incomeBeforeTax": "349177000", "incomeTaxExpense": "79684000", "interestAndDebtExpense": "None", "netIncomeFromContinuingOperations": "269493000", "comprehensiveIncomeNetOfTax": "None", "ebit": "369403000", "ebitda": "418900000", "netIncome": "269493000"}, {"fiscalDateEnding": "2010-12-31", "reportedCurrency": "USD", "grossProfit": "1021091000", "totalRevenue": "1966915000", "costOfRevenue": "945824000", "costofGoodsAndServicesSold": "945824000", "operatingIncome": "335337000", "sellingGeneralAndAdministrative": "588726000", "researchAndDevelopment": "97028000", "operatingExpenses": "685754000", "investmentIncomeNet": "None", "netInterestIncome": "None", "interestIncome": "None", "interestExpense": "20057000", "nonInterestIncome": "None", "otherNonOperatingIncome": "-4164000", "depreciation": "None", "depreciationAndAmortization": "44528000", "incomeBeforeTax": "307513000", "incomeTaxExpense": "75365000", "interestAndDebtExpense": "None", "netIncomeFromContinuingOperations": "232148000", "comprehensiveIncomeNetOfTax": "None", "ebit": "326592000", "ebitda": "371120000", "netIncome": "232148000"}, {"fiscalDateEnding": "2009-12-31", "reportedCurrency": "USD", "grossProfit": "877493000", "totalRevenue": "1728853000", "costOfRevenue": "851360000", "costofGoodsAndServicesSold": "851360000", "operatingIncome": "282631000", "sellingGeneralAndAdministrative": "505177000", "researchAndDevelopment": "89685000", "operatingExpenses": "594862000", "investmentIncomeNet": "None", "netInterestIncome": "None", "interestIncome": "None", "interestExpense": "25117000", "nonInterestIncome": "None", "otherNonOperatingIncome": "None", "depreciation": "None", "depreciationAndAmortization": "41478000", "incomeBeforeTax": "224762000", "incomeTaxExpense": "52169000", "interestAndDebtExpense": "None", "netIncomeFromContinuingOperations": "None", "comprehensiveIncomeNetOfTax": "None", "ebit": "249198000", "ebitda": "290676000", "netIncome": "172593000"}, {"fiscalDateEnding": "2008-12-31", "reportedCurrency": "USD", "grossProfit": "982528000", "totalRevenue": "1973344000", "costOfRevenue": "990816000", "costofGoodsAndServicesSold": "990816000", "operatingIncome": "300440000", "sellingGeneralAndAdministrative": "579806000", "researchAndDevelopment": "102282000", "operatingExpenses": "682088000", "investmentIncomeNet": "None", "netInterestIncome": "None", "interestIncome": "None", "interestExpense": "25390000", "nonInterestIncome": "None", "otherNonOperatingIncome": "None", "depreciation": "None", "depreciationAndAmortization": "39540000", "incomeBeforeTax": "266069000", "incomeTaxExpense": "63291000", "interestAndDebtExpense": "None", "netIncomeFromContinuingOperations": "None", "comprehensiveIncomeNetOfTax": "None", "ebit": "291459000", "ebitda": "330999000", "netIncome": "202778000"}, {"fiscalDateEnding": "2007-12-31", "reportedCurrency": "USD", "grossProfit": "884499000", "totalRevenue": "1793748000", "costOfRevenue": "909249000", "costofGoodsAndServicesSold": "909249000", "operatingIncome": "262995000", "sellingGeneralAndAdministrative": "529126000", "researchAndDevelopment": "92378000", "operatingExpenses": "621504000", "investmentIncomeNet": "None", "netInterestIncome": "None", "interestIncome": "None", "interestExpense": "0", "nonInterestIncome": "None", "otherNonOperatingIncome": "None", "depreciation": "None", "depreciationAndAmortization": "38346000", "incomeBeforeTax": "242867000", "incomeTaxExpense": "64360000", "interestAndDebtExpense": "None", "netIncomeFromContinuingOperations": "None", "comprehensiveIncomeNetOfTax": "None", "ebit": "263870000", "ebitda": "302216000", "netIncome": "178507000"}, {"fiscalDateEnding": "2006-12-31", "reportedCurrency": "USD", "grossProfit": "778929000", "totalRevenue": "1594912000", "costOfRevenue": "815983000", "costofGoodsAndServicesSold": "815983000", "operatingIncome": "214418000", "sellingGeneralAndAdministrative": "481709000", "researchAndDevelopment": "82802000", "operatingExpenses": "564511000", "investmentIncomeNet": "None", "netInterestIncome": "None", "interestIncome": "None", "interestExpense": "0", "nonInterestIncome": "None", "otherNonOperatingIncome": "None", "depreciation": "None", "depreciationAndAmortization": "37572000", "incomeBeforeTax": "2048497000", "incomeTaxExpense": "47315000", "interestAndDebtExpense": "None", "netIncomeFromContinuingOperations": "None", "comprehensiveIncomeNetOfTax": "None", "ebit": "222339000", "ebitda": "259911000", "netIncome": "157532000"}], "quarterlyReports": [{"fiscalDateEnding": "2025-12-31", "reportedCurrency": "USD", "grossProfit": "655762000", "totalRevenue": "1129735000", "costOfRevenue": "473973000", "costofGoodsAndServicesSold": "473973000", "operatingIncome": "343337000", "sellingGeneralAndAdministrative": "259826000", "researchAndDevelopment": "52599000", "operatingExpenses": "312425000", "investmentIncomeNet": "None", "netInterestIncome": "-17388000", "interestIncome": "None", "interestExpense": "17388000", "nonInterestIncome": "None", "otherNonOperatingIncome": "None", "depreciation": "None", "depreciationAndAmortization": "32765000", "incomeBeforeTax": "329074000", "incomeTaxExpense": "43309000", "interestAndDebtExpense": "None", "netIncomeFromContinuingOperations": "285765000", "comprehensiveIncomeNetOfTax": "None", "ebit": "344562000", "ebitda": "377327000", "netIncome": "285765000"}, {"fiscalDateEnding": "2025-09-30", "reportedCurrency": "USD", "grossProfit": "589434000", "totalRevenue": "1029699000", "costOfRevenue": "440265000", "costofGoodsAndServicesSold": "440265000", "operatingIncome": "289900000", "sellingGeneralAndAdministrative": "248391000", "researchAndDevelopment": "51143000", "operatingExpenses": "299534000", "investmentIncomeNet": "None", "netInterestIncome": "-17695000", "interestIncome": "None", "interestExpense": "17695000", "nonInterestIncome": "None", "otherNonOperatingIncome": "None", "depreciation": "None", "depreciationAndAmortization": "32737000", "incomeBeforeTax": "269236000", "incomeTaxExpense": "51743000", "interestAndDebtExpense": "None", "netIncomeFromContinuingOperations": "217493000", "comprehensiveIncomeNetOfTax": "None", "ebit": "286931000", "ebitda": "319668000", "netIncome": "217493000"}, {"fiscalDateEnding": "2025-06-30", "reportedCurrency": "USD", "grossProfit": "562295000", "totalRevenue": "983221000", "costOfRevenue": "420926000", "costofGoodsAndServicesSold": "420926000", "operatingIncome": "265712000", "sellingGeneralAndAdministrative": "247298000", "researchAndDevelopment": "49285000", "operatingExpenses": "296583000", "investmentIncomeNet": "None", "netInterestIncome": "-16779000", "interestIncome": "None", "interestExpense": "16779000", "nonInterestIncome": "None", "otherNonOperatingIncome": "None", "depreciation": "None", "depreciationAndAmortization": "30451000", "incomeBeforeTax": "248657000", "incomeTaxExpense": "46309000", "interestAndDebtExpense": "None", "netIncomeFromContinuingOperations": "202348000", "comprehensiveIncomeNetOfTax": "None", "ebit": "265436000", "ebitda": "295887000", "netIncome": "202348000"}, {"fiscalDateEnding": "2025-03-31", "reportedCurrency": "USD", "grossProfit": "508686000", "totalRevenue": "883744000", "costOfRevenue": "375058000", "costofGoodsAndServicesSold": "375058000", "operatingIncome": "219541000", "sellingGeneralAndAdministrative": "242799000", "researchAndDevelopment": "46346000", "operatingExpenses": "289145000", "investmentIncomeNet": "None", "netInterestIncome": "-16653000", "interestIncome": "None", "interestExpense": "16653000", "nonInterestIncome": "None", "otherNonOperatingIncome": "None", "depreciation": "None", "depreciationAndAmortization": "29657000", "incomeBeforeTax": "201942000", "incomeTaxExpense": "38355000", "interestAndDebtExpense": "None", "netIncomeFromContinuingOperations": "163587000", "comprehensiveIncomeNetOfTax": "None", "ebit": "218595000", "ebitda": "248252000", "netIncome": "163587000"}, {"fiscalDateEnding": "2024-12-31", "reportedCurrency": "USD", "grossProfit": "621095000", "totalRevenue": "1045127000", "costOfRevenue": "424032000", "costofGoodsAndServicesSold": "424032000", "operatingIncome": "333701000", "sellingGeneralAndAdministrative": "237340000", "researchAndDevelopment": "50054000", "operatingExpenses": "287394000", "investmentIncomeNet": "None", "netInterestIncome": "-17850000", "interestIncome": "None", "interestExpense": "17850000", "nonInterestIncome": "None", "otherNonOperatingIncome": "None", "depreciation": "None", "depreciationAndAmortization": "30863000", "incomeBeforeTax": "314547000", "incomeTaxExpense": "62246000", "interestAndDebtExpense": "None", "netIncomeFromContinuingOperations": "252301000", "comprehensiveIncomeNetOfTax": "None", "ebit": "332397000", "ebitda": "363260000", "netIncome": "252301000"}, {"fiscalDateEnding": "2024-09-30", "reportedCurrency": "USD", "grossProfit": "554224000", "totalRevenue": "954535000", "costOfRevenue": "400311000", "costofGoodsAndServicesSold": "400311000", "operatingIncome": "278330000", "sellingGeneralAndAdministrative": "228777000", "researchAndDevelopment": "47117000", "operatingExpenses": "275894000", "investmentIncomeNet": "None", "netInterestIncome": "-18599000", "interestIncome": "None", "interestExpense": "18599000", "nonInterestIncome": "None", "otherNonOperatingIncome": "None", "depreciation": "None", "depreciationAndAmortization": "31079000", "incomeBeforeTax": "258952000", "incomeTaxExpense": "47436000", "interestAndDebtExpense": "None", "netIncomeFromContinuingOperations": "211516000", "comprehensiveIncomeNetOfTax": "None", "ebit": "280451000", "ebitda": "311530000", "netIncome": "211516000"}, {"fiscalDateEnding": "2024-06-30", "reportedCurrency": "USD", "grossProfit": "547490000", "totalRevenue": "946750000", "costOfRevenue": "399260000", "costofGoodsAndServicesSold": "399260000", "operatingIncome": "265923000", "sellingGeneralAndAdministrative": "235796000", "researchAndDevelopment": "45771000", "operatingExpenses": "281567000", "investmentIncomeNet": "None", "netInterestIncome": "-18950000", "interestIncome": "None", "interestExpense": "18950000", "nonInterestIncome": "None", "otherNonOperatingIncome": "None", "depreciation": "None", "depreciationAndAmortization": "30529000", "incomeBeforeTax": "243177000", "incomeTaxExpense": "21363000", "interestAndDebtExpense": "None", "netIncomeFromContinuingOperations": "221814000", "comprehensiveIncomeNetOfTax": "None", "ebit": "265227000", "ebitda": "295756000", "netIncome": "221814000"}, {"fiscalDateEnding": "2024-03-31", "reportedCurrency": "USD", "grossProfit": "529905000", "totalRevenue": "925949000", "costOfRevenue": "396044000", "costofGoodsAndServicesSold": "396044000", "operatingIncome": "249100000", "sellingGeneralAndAdministrative": "234390000", "researchAndDevelopment": "46415000", "operatingExpenses": "280805000", "investmentIncomeNet": "None", "netInterestIncome": "-19232000", "interestIncome": "None", "interestExpense": "19232000", "nonInterestIncome": "None", "otherNonOperatingIncome": "None", "depreciation": "None", "depreciationAndAmortization": "30750000", "incomeBeforeTax": "220547000", "incomeTaxExpense": "43038000", "interestAndDebtExpense": "None", "netIncomeFromContinuingOperations": "177509000", "comprehensiveIncomeNetOfTax": "None", "ebit": "242779000", "ebitda": "273529000", "netIncome": "177509000"}, {"fiscalDateEnding": "2023-12-31", "reportedCurrency": "USD", "grossProfit": "533559999", "totalRevenue": "934992000", "costOfRevenue": "401432000", "costofGoodsAndServicesSold": "401432000", "operatingIncome": "263697999", "sellingGeneralAndAdministrative": "223427000", "researchAndDevelopment": "46435000", "operatingExpenses": "269862000", "investmentIncomeNet": "None", "netInterestIncome": "-19655000", "interestIncome": "None", "interestExpense": "19655000", "nonInterestIncome": "None", "otherNonOperatingIncome": "None", "depreciation": "None", "depreciationAndAmortization": "30623000", "incomeBeforeTax": "232556000", "incomeTaxExpense": "47761000", "interestAndDebtExpense": "None", "netIncomeFromContinuingOperations": "184794000", "comprehensiveIncomeNetOfTax": "None", "ebit": "254911000", "ebitda": "285534000", "netIncome": "184794000"}, {"fiscalDateEnding": "2023-09-30", "reportedCurrency": "USD", "grossProfit": "541225000", "totalRevenue": "942462000", "costOfRevenue": "401237000", "costofGoodsAndServicesSold": "401237000", "operatingIncome": "277651000", "sellingGeneralAndAdministrative": "217447000", "researchAndDevelopment": "46127000", "operatingExpenses": "263574000", "investmentIncomeNet": "None", "netInterestIncome": "-20278000", "interestIncome": "None", "interestExpense": "20278000", "nonInterestIncome": "None", "otherNonOperatingIncome": "None", "depreciation": "None", "depreciationAndAmortization": "30503000", "incomeBeforeTax": "251159000", "incomeTaxExpense": "49528000", "interestAndDebtExpense": "None", "netIncomeFromContinuingOperations": "201631000", "comprehensiveIncomeNetOfTax": "None", "ebit": "274137000", "ebitda": "304640000", "netIncome": "201631000"}, {"fiscalDateEnding": "2023-06-30", "reportedCurrency": "USD", "grossProfit": "565501000", "totalRevenue": "982117000", "costOfRevenue": "416616000", "costofGoodsAndServicesSold": "416616000", "operatingIncome": "289662000", "sellingGeneralAndAdministrative": "228594000", "researchAndDevelopment": "47245000", "operatingExpenses": "275839000", "investmentIncomeNet": "None", "netInterestIncome": "-19249000", "interestIncome": "None", "interestExpense": "19249000", "nonInterestIncome": "None", "otherNonOperatingIncome": "1011000", "depreciation": "None", "depreciationAndAmortization": "30236000", "incomeBeforeTax": "263403000", "incomeTaxExpense": "49476000", "interestAndDebtExpense": "None", "netIncomeFromContinuingOperations": "213927000", "comprehensiveIncomeNetOfTax": "None", "ebit": "285452000", "ebitda": "315688000", "netIncome": "213927000"}, {"fiscalDateEnding": "2023-03-31", "reportedCurrency": "USD", "grossProfit": "528787000", "totalRevenue": "928738000", "costOfRevenue": "399951000", "costofGoodsAndServicesSold": "399951000", "operatingIncome": "248672000", "sellingGeneralAndAdministrative": "234638000", "researchAndDevelopment": "45477000", "operatingExpenses": "280115000", "investmentIncomeNet": "None", "netInterestIncome": "-18184000", "interestIncome": "None", "interestExpense": "18184000", "nonInterestIncome": "None", "otherNonOperatingIncome": "396000", "depreciation": "None", "depreciationAndAmortization": "29802000", "incomeBeforeTax": "226610000", "incomeTaxExpense": "38184000", "interestAndDebtExpense": "None", "netIncomeFromContinuingOperations": "188426000", "comprehensiveIncomeNetOfTax": "None", "ebit": "247394000", "ebitda": "277196000", "netIncome": "188426000"}, {"fiscalDateEnding": "2022-12-31", "reportedCurrency": "USD", "grossProfit": "615598000", "totalRevenue": "1057685000", "costOfRevenue": "442087000", "costofGoodsAndServicesSold": "442087000", "operatingIncome": "342070000", "sellingGeneralAndAdministrative": "227586000", "researchAndDevelopment": "45942000", "operatingExpenses": "273528000", "investmentIncomeNet": "None", "netInterestIncome": "-16805000", "interestIncome": "None", "interestExpense": "16805000", "nonInterestIncome": "None", "otherNonOperatingIncome": "1502000", "depreciation": "None", "depreciationAndAmortization": "28325000", "incomeBeforeTax": "325014000", "incomeTaxExpense": "59180000", "interestAndDebtExpense": "None", "netIncomeFromContinuingOperations": "265834000", "comprehensiveIncomeNetOfTax": "None", "ebit": "341819000", "ebitda": "370144000", "netIncome": "265834000"}, {"fiscalDateEnding": "2022-09-30", "reportedCurrency": "USD", "grossProfit": "567928000", "totalRevenue": "985846000", "costOfRevenue": "417918000", "costofGoodsAndServicesSold": "417918000", "operatingIncome": "290442000", "sellingGeneralAndAdministrative": "233357000", "researchAndDevelopment": "44129000", "operatingExpenses": "277486000", "investmentIncomeNet": "None", "netInterestIncome": "-14484000", "interestIncome": "None", "interestExpense": "14484000", "nonInterestIncome": "None", "otherNonOperatingIncome": "1949000", "depreciation": "None", "depreciationAndAmortization": "28402000", "incomeBeforeTax": "275885000", "incomeTaxExpense": "55288000", "interestAndDebtExpense": "None", "netIncomeFromContinuingOperations": "220597000", "comprehensiveIncomeNetOfTax": "None", "ebit": "291869000", "ebitda": "320271000", "netIncome": "220597000"}, {"fiscalDateEnding": "2022-06-30", "reportedCurrency": "USD", "grossProfit": "555296000", "totalRevenue": "978387000", "costOfRevenue": "423091000", "costofGoodsAndServicesSold": "423091000", "operatingIncome": "269067000", "sellingGeneralAndAdministrative": "242206000", "researchAndDevelopment": "44023000", "operatingExpenses": "286229000", "investmentIncomeNet": "None", "netInterestIncome": "-12765000", "interestIncome": "None", "interestExpense": "12765000", "nonInterestIncome": "None", "otherNonOperatingIncome": "2160000", "depreciation": "None", "depreciationAndAmortization": "27812000", "incomeBeforeTax": "256692000", "incomeTaxExpense": "44622000", "interestAndDebtExpense": "None", "netIncomeFromContinuingOperations": "212070000", "comprehensiveIncomeNetOfTax": "None", "ebit": "270157000", "ebitda": "297969000", "netIncome": "212070000"}, {"fiscalDateEnding": "2022-03-31", "reportedCurrency": "USD", "grossProfit": "502981000", "totalRevenue": "897791000", "costOfRevenue": "394810000", "costofGoodsAndServicesSold": "394810000", "operatingIncome": "224641000", "sellingGeneralAndAdministrative": "235312000", "researchAndDevelopment": "43028000", "operatingExpenses": "278340000", "investmentIncomeNet": "None", "netInterestIncome": "-11338000", "interestIncome": "None", "interestExpense": "11338000", "nonInterestIncome": "None", "otherNonOperatingIncome": "3709000", "depreciation": "None", "depreciationAndAmortization": "28484000", "incomeBeforeTax": "213001000", "incomeTaxExpense": "39000000", "interestAndDebtExpense": "None", "netIncomeFromContinuingOperations": "174001000", "comprehensiveIncomeNetOfTax": "None", "ebit": "225091000", "ebitda": "253575000", "netIncome": "174001000"}, {"fiscalDateEnding": "2021-12-31", "reportedCurrency": "USD", "grossProfit": "590199000", "totalRevenue": "1037239000", "costOfRevenue": "447040000", "costofGoodsAndServicesSold": "447040000", "operatingIncome": "302139000", "sellingGeneralAndAdministrative": "242445000", "researchAndDevelopment": "45615000", "operatingExpenses": "288060000", "investmentIncomeNet": "None", "netInterestIncome": "-11541000", "interestIncome": "None", "interestExpense": "11541000", "nonInterestIncome": "None", "otherNonOperatingIncome": "-2102000", "depreciation": "None", "depreciationAndAmortization": "28476000", "incomeBeforeTax": "285976000", "incomeTaxExpense": "55105000", "interestAndDebtExpense": "None", "netIncomeFromContinuingOperations": "230871000", "comprehensiveIncomeNetOfTax": "None", "ebit": "297264000", "ebitda": "325740000", "netIncome": "230871000"}, {"fiscalDateEnding": "2021-09-30", "reportedCurrency": "USD", "grossProfit": "539781000", "totalRevenue": "951950000", "costOfRevenue": "412169000", "costofGoodsAndServicesSold": "412169000", "operatingIncome": "256771000", "sellingGeneralAndAdministrative": "240734000", "researchAndDevelopment": "42276000", "operatingExpenses": "283010000", "investmentIncomeNet": "None", "netInterestIncome": "-11791000", "interestIncome": "None", "interestExpense": "11791000", "nonInterestIncome": "None", "otherNonOperatingIncome": "3257000", "depreciation": "None", "depreciationAndAmortization": "27218000", "incomeBeforeTax": "247587000", "incomeTaxExpense": "43899000", "interestAndDebtExpense": "None", "netIncomeFromContinuingOperations": "203688000", "comprehensiveIncomeNetOfTax": "None", "ebit": "259127000", "ebitda": "286345000", "netIncome": "203688000"}, {"fiscalDateEnding": "2021-06-30", "reportedCurrency": "USD", "grossProfit": "520686000", "totalRevenue": "924351000", "costOfRevenue": "403665000", "costofGoodsAndServicesSold": "403665000", "operatingIncome": "239038000", "sellingGeneralAndAdministrative": "239045000", "researchAndDevelopment": "42603000", "operatingExpenses": "281648000", "investmentIncomeNet": "None", "netInterestIncome": "-10439000", "interestIncome": "None", "interestExpense": "10439000", "nonInterestIncome": "None", "otherNonOperatingIncome": "2661000", "depreciation": "None", "depreciationAndAmortization": "27536000", "incomeBeforeTax": "230384000", "incomeTaxExpense": "45621000", "interestAndDebtExpense": "None", "netIncomeFromContinuingOperations": "184763000", "comprehensiveIncomeNetOfTax": "None", "ebit": "240680000", "ebitda": "268216000", "netIncome": "184763000"}, {"fiscalDateEnding": "2021-03-31", "reportedCurrency": "USD", "grossProfit": "457812000", "totalRevenue": "804390000", "costOfRevenue": "346578000", "costofGoodsAndServicesSold": "346578000", "operatingIncome": "196788000", "sellingGeneralAndAdministrative": "221752000", "researchAndDevelopment": "39272000", "operatingExpenses": "261024000", "investmentIncomeNet": "None", "netInterestIncome": "-9471000", "interestIncome": "None", "interestExpense": "9471000", "nonInterestIncome": "None", "otherNonOperatingIncome": "-710000", "depreciation": "None", "depreciationAndAmortization": "24827000", "incomeBeforeTax": "185414000", "incomeTaxExpense": "35751000", "interestAndDebtExpense": "None", "netIncomeFromContinuingOperations": "149663000", "comprehensiveIncomeNetOfTax": "None", "ebit": "194754000", "ebitda": "219581000", "netIncome": "149663000"}, {"fiscalDateEnding": "2020-12-31", "reportedCurrency": "USD", "grossProfit": "544387000", "totalRevenue": "937985000", "costOfRevenue": "393598000", "costofGoodsAndServicesSold": "393598000", "operatingIncome": "278152000", "sellingGeneralAndAdministrative": "593852000", "researchAndDevelopment": "39866000", "operatingExpenses": "266235000", "investmentIncomeNet": "None", "netInterestIncome": "-9505000", "interestIncome": "None", "interestExpense": "9505000", "nonInterestIncome": "None", "otherNonOperatingIncome": "3714000", "depreciation": "None", "depreciationAndAmortization": "25752000", "incomeBeforeTax": "269180000", "incomeTaxExpense": "52885000", "interestAndDebtExpense": "None", "netIncomeFromContinuingOperations": "216295000", "comprehensiveIncomeNetOfTax": "None", "ebit": "278446000", "ebitda": "304198000", "netIncome": "216295000"}, {"fiscalDateEnding": "2020-09-30", "reportedCurrency": "USD", "grossProfit": "455487000", "totalRevenue": "807357000", "costOfRevenue": "351870000", "costofGoodsAndServicesSold": "351870000", "operatingIncome": "215857000", "sellingGeneralAndAdministrative": "204974000", "researchAndDevelopment": "34656000", "operatingExpenses": "239630000", "investmentIncomeNet": "None", "netInterestIncome": "-9310000", "interestIncome": "None", "interestExpense": "9310000", "nonInterestIncome": "None", "otherNonOperatingIncome": "3832000", "depreciation": "None", "depreciationAndAmortization": "24743000", "incomeBeforeTax": "205809000", "incomeTaxExpense": "44042000", "interestAndDebtExpense": "None", "netIncomeFromContinuingOperations": "161767000", "comprehensiveIncomeNetOfTax": "None", "ebit": "214686000", "ebitda": "239429000", "netIncome": "161767000"}, {"fiscalDateEnding": "2020-06-30", "reportedCurrency": "USD", "grossProfit": "384081000", "totalRevenue": "690673000", "costOfRevenue": "306592000", "costofGoodsAndServicesSold": "306592000", "operatingIncome": "162754000", "sellingGeneralAndAdministrative": "190134000", "researchAndDevelopment": "31193000", "operatingExpenses": "221327000", "investmentIncomeNet": "None", "netInterestIncome": "-9582000", "interestIncome": "None", "interestExpense": "9582000", "nonInterestIncome": "None", "otherNonOperatingIncome": "2943000", "depreciation": "None", "depreciationAndAmortization": "24083000", "incomeBeforeTax": "155255000", "incomeTaxExpense": "28693000", "interestAndDebtExpense": "None", "netIncomeFromContinuingOperations": "126562000", "comprehensiveIncomeNetOfTax": "None", "ebit": "164645000", "ebitda": "188728000", "netIncome": "126562000"}, {"fiscalDateEnding": "2020-03-31", "reportedCurrency": "USD", "grossProfit": "360411000", "totalRevenue": "649162000", "costOfRevenue": "288751000", "costofGoodsAndServicesSold": "288751000", "operatingIncome": "127280000", "sellingGeneralAndAdministrative": "198744000", "researchAndDevelopment": "34387000", "operatingExpenses": "233131000", "investmentIncomeNet": "None", "netInterestIncome": "-10219000", "interestIncome": "None", "interestExpense": "10219000", "nonInterestIncome": "None", "otherNonOperatingIncome": "3343000", "depreciation": "None", "depreciationAndAmortization": "24131000", "incomeBeforeTax": "118499000", "incomeTaxExpense": "20384000", "interestAndDebtExpense": "None", "netIncomeFromContinuingOperations": "98115000", "comprehensiveIncomeNetOfTax": "None", "ebit": "129469000", "ebitda": "153600000", "netIncome": "98115000"}, {"fiscalDateEnding": "2019-12-31", "reportedCurrency": "USD", "grossProfit": "485484000", "totalRevenue": "843969000", "costOfRevenue": "358485000", "costofGoodsAndServicesSold": "358485000", "operatingIncome": "243468000", "sellingGeneralAndAdministrative": "206717000", "researchAndDevelopment": "35299000", "operatingExpenses": "242016000", "investmentIncomeNet": "None", "netInterestIncome": "-9635000", "interestIncome": "None", "interestExpense": "9635000", "nonInterestIncome": "None", "otherNonOperatingIncome": "1924000", "depreciation": "None", "depreciationAndAmortization": "22456000", "incomeBeforeTax": "231143000", "incomeTaxExpense": "38394000", "interestAndDebtExpense": "None", "netIncomeFromContinuingOperations": "192749000", "comprehensiveIncomeNetOfTax": "None", "ebit": "238278000", "ebitda": "260734000", "netIncome": "192749000"}, {"fiscalDateEnding": "2019-09-30", "reportedCurrency": "USD", "grossProfit": "422727000", "totalRevenue": "753866000", "costOfRevenue": "331139000", "costofGoodsAndServicesSold": "331139000", "operatingIncome": "183886000", "sellingGeneralAndAdministrative": "202826000", "researchAndDevelopment": "36015000", "operatingExpenses": "238841000", "investmentIncomeNet": "None", "netInterestIncome": "-9800000", "interestIncome": "None", "interestExpense": "9800000", "nonInterestIncome": "None", "otherNonOperatingIncome": "2005000", "depreciation": "None", "depreciationAndAmortization": "22287000", "incomeBeforeTax": "169359000", "incomeTaxExpense": "39964000", "interestAndDebtExpense": "None", "netIncomeFromContinuingOperations": "129395000", "comprehensiveIncomeNetOfTax": "None", "ebit": "180390000", "ebitda": "202677000", "netIncome": "129395000"}, {"fiscalDateEnding": "2019-06-30", "reportedCurrency": "USD", "grossProfit": "407212000", "totalRevenue": "731366000", "costOfRevenue": "324154000", "costofGoodsAndServicesSold": "324154000", "operatingIncome": "165415000", "sellingGeneralAndAdministrative": "205215000", "researchAndDevelopment": "36582000", "operatingExpenses": "241797000", "investmentIncomeNet": "None", "netInterestIncome": "-8882000", "interestIncome": "None", "interestExpense": "8882000", "nonInterestIncome": "None", "otherNonOperatingIncome": "1574000", "depreciation": "None", "depreciationAndAmortization": "21949000", "incomeBeforeTax": "155216000", "incomeTaxExpense": "28056000", "interestAndDebtExpense": "None", "netIncomeFromContinuingOperations": "127160000", "comprehensiveIncomeNetOfTax": "None", "ebit": "165448000", "ebitda": "187397000", "netIncome": "127160000"}, {"fiscalDateEnding": "2019-03-31", "reportedCurrency": "USD", "grossProfit": "376097000", "totalRevenue": "679452000", "costOfRevenue": "303355000", "costofGoodsAndServicesSold": "303355000", "operatingIncome": "135619000", "sellingGeneralAndAdministrative": "204425000", "researchAndDevelopment": "36053000", "operatingExpenses": "240478000", "investmentIncomeNet": "None", "netInterestIncome": "-9094000", "interestIncome": "None", "interestExpense": "9094000", "nonInterestIncome": "None", "otherNonOperatingIncome": "674000", "depreciation": "None", "depreciationAndAmortization": "21989000", "incomeBeforeTax": "125676000", "incomeTaxExpense": "13871000", "interestAndDebtExpense": "None", "netIncomeFromContinuingOperations": "111805000", "comprehensiveIncomeNetOfTax": "None", "ebit": "135832000", "ebitda": "157821000", "netIncome": "111805000"}, {"fiscalDateEnding": "2018-12-31", "reportedCurrency": "USD", "grossProfit": "465603000", "totalRevenue": "817923000", "costOfRevenue": "352320000", "costofGoodsAndServicesSold": "352320000", "operatingIncome": "227745000", "sellingGeneralAndAdministrative": "201653000", "researchAndDevelopment": "36205000", "operatingExpenses": "237858000", "investmentIncomeNet": "None", "netInterestIncome": "None", "interestIncome": "None", "interestExpense": "8840000", "nonInterestIncome": "None", "otherNonOperatingIncome": "16013000", "depreciation": "None", "depreciationAndAmortization": "21241000", "incomeBeforeTax": "230454000", "incomeTaxExpense": "49268000", "interestAndDebtExpense": "None", "netIncomeFromContinuingOperations": "181186000", "comprehensiveIncomeNetOfTax": "None", "ebit": "237224000", "ebitda": "258465000", "netIncome": "181186000"}, {"fiscalDateEnding": "2018-09-30", "reportedCurrency": "USD", "grossProfit": "407398000", "totalRevenue": "734846000", "costOfRevenue": "327448000", "costofGoodsAndServicesSold": "327448000", "operatingIncome": "170109000", "sellingGeneralAndAdministrative": "202451000", "researchAndDevelopment": "34838000", "operatingExpenses": "237289000", "investmentIncomeNet": "None", "netInterestIncome": "None", "interestIncome": "None", "interestExpense": "9003000", "nonInterestIncome": "None", "otherNonOperatingIncome": "1479000", "depreciation": "None", "depreciationAndAmortization": "21139000", "incomeBeforeTax": "160363000", "incomeTaxExpense": "33710000", "interestAndDebtExpense": "None", "netIncomeFromContinuingOperations": "126653000", "comprehensiveIncomeNetOfTax": "None", "ebit": "170263000", "ebitda": "191402000", "netIncome": "126653000"}, {"fiscalDateEnding": "2018-06-30", "reportedCurrency": "USD", "grossProfit": "400655000", "totalRevenue": "721996000", "costOfRevenue": "321341000", "costofGoodsAndServicesSold": "321341000", "operatingIncome": "157316000", "sellingGeneralAndAdministrative": "208024000", "researchAndDevelopment": "35315000", "operatingExpenses": "243339000", "investmentIncomeNet": "None", "netInterestIncome": "None", "interestIncome": "None", "interestExpense": "8309000", "nonInterestIncome": "None", "otherNonOperatingIncome": "1916000", "depreciation": "None", "depreciationAndAmortization": "21419000", "incomeBeforeTax": "143602000", "incomeTaxExpense": "32134000", "interestAndDebtExpense": "None", "netIncomeFromContinuingOperations": "111468000", "comprehensiveIncomeNetOfTax": "None", "ebit": "152453000", "ebitda": "173872000", "netIncome": "111468000"}, {"fiscalDateEnding": "2018-03-31", "reportedCurrency": "USD", "grossProfit": "363198000", "totalRevenue": "660821000", "costOfRevenue": "297623000", "costofGoodsAndServicesSold": "297623000", "operatingIncome": "127811000", "sellingGeneralAndAdministrative": "200674000", "researchAndDevelopment": "34713000", "operatingExpenses": "235387000", "investmentIncomeNet": "None", "netInterestIncome": "None", "interestIncome": "None", "interestExpense": "8359000", "nonInterestIncome": "None", "otherNonOperatingIncome": "2400000", "depreciation": "None", "depreciationAndAmortization": "20892000", "incomeBeforeTax": "117439000", "incomeTaxExpense": "24135000", "interestAndDebtExpense": "None", "netIncomeFromContinuingOperations": "93304000", "comprehensiveIncomeNetOfTax": "None", "ebit": "126121000", "ebitda": "147013000", "netIncome": "93304000"}, {"fiscalDateEnding": "2017-12-31", "reportedCurrency": "USD", "grossProfit": "443558000", "totalRevenue": "778031000", "costOfRevenue": "334473000", "costofGoodsAndServicesSold": "334473000", "operatingIncome": "206156000", "sellingGeneralAndAdministrative": "204860000", "researchAndDevelopment": "32542000", "operatingExpenses": "237402000", "investmentIncomeNet": "None", "netInterestIncome": "None", "interestIncome": "None", "interestExpense": "8625000", "nonInterestIncome": "None", "otherNonOperatingIncome": "301000", "depreciation": "None", "depreciationAndAmortization": "20698000", "incomeBeforeTax": "193900000", "incomeTaxExpense": "116924000", "interestAndDebtExpense": "None", "netIncomeFromContinuingOperations": "76976000", "comprehensiveIncomeNetOfTax": "None", "ebit": "202935000", "ebitda": "223633000", "netIncome": "76976000"}, {"fiscalDateEnding": "2017-09-30", "reportedCurrency": "USD", "grossProfit": "390259000", "totalRevenue": "698799000", "costOfRevenue": "308540000", "costofGoodsAndServicesSold": "308540000", "operatingIncome": "151023000", "sellingGeneralAndAdministrative": "204915000", "researchAndDevelopment": "32477000", "operatingExpenses": "239236000", "investmentIncomeNet": "None", "netInterestIncome": "None", "interestIncome": "None", "interestExpense": "8248000", "nonInterestIncome": "None", "otherNonOperatingIncome": "-909000", "depreciation": "None", "depreciationAndAmortization": "19218000", "incomeBeforeTax": "139627000", "incomeTaxExpense": "34677000", "interestAndDebtExpense": "None", "netIncomeFromContinuingOperations": "104950000", "comprehensiveIncomeNetOfTax": "None", "ebit": "148299000", "ebitda": "167517000", "netIncome": "104950000"}, {"fiscalDateEnding": "2017-06-30", "reportedCurrency": "USD", "grossProfit": "365363000", "totalRevenue": "653656000", "costOfRevenue": "288293000", "costofGoodsAndServicesSold": "288293000", "operatingIncome": "137157000", "sellingGeneralAndAdministrative": "193517000", "researchAndDevelopment": "32854000", "operatingExpenses": "228206000", "investmentIncomeNet": "None", "netInterestIncome": "None", "interestIncome": "None", "interestExpense": "8171000", "nonInterestIncome": "None", "otherNonOperatingIncome": "744000", "depreciation": "None", "depreciationAndAmortization": "18202000", "incomeBeforeTax": "126847000", "incomeTaxExpense": "25267000", "interestAndDebtExpense": "None", "netIncomeFromContinuingOperations": "101580000", "comprehensiveIncomeNetOfTax": "None", "ebit": "134513000", "ebitda": "152715000", "netIncome": "101580000"}, {"fiscalDateEnding": "2017-03-31", "reportedCurrency": "USD", "grossProfit": "332855000", "totalRevenue": "594567000", "costOfRevenue": "261712000", "costofGoodsAndServicesSold": "261712000", "operatingIncome": "117291000", "sellingGeneralAndAdministrative": "184172000", "researchAndDevelopment": "31392000", "operatingExpenses": "215564000", "investmentIncomeNet": "None", "netInterestIncome": "None", "interestIncome": "None", "interestExpense": "7741000", "nonInterestIncome": "None", "otherNonOperatingIncome": "5730000", "depreciation": "None", "depreciationAndAmortization": "18011000", "incomeBeforeTax": "113848000", "incomeTaxExpense": "21382000", "interestAndDebtExpense": "None", "netIncomeFromContinuingOperations": "92466000", "comprehensiveIncomeNetOfTax": "None", "ebit": "121245000", "ebitda": "139256000", "netIncome": "92466000"}, {"fiscalDateEnding": "2016-12-31", "reportedCurrency": "USD", "grossProfit": "406500000", "totalRevenue": "709699000", "costOfRevenue": "303199000", "costofGoodsAndServicesSold": "303199000", "operatingIncome": "188122000", "sellingGeneralAndAdministrative": "188223000", "researchAndDevelopment": "30155000", "operatingExpenses": "218378000", "investmentIncomeNet": "None", "netInterestIncome": "None", "interestIncome": "None", "interestExpense": "7407000", "nonInterestIncome": "None", "otherNonOperatingIncome": "1000", "depreciation": "None", "depreciationAndAmortization": "18102000", "incomeBeforeTax": "181284000", "incomeTaxExpense": "43508000", "interestAndDebtExpense": "None", "netIncomeFromContinuingOperations": "137776000", "comprehensiveIncomeNetOfTax": "None", "ebit": "188691000", "ebitda": "206793000", "netIncome": "137776000"}, {"fiscalDateEnding": "2016-09-30", "reportedCurrency": "USD", "grossProfit": "358806000", "totalRevenue": "650598000", "costOfRevenue": "291792000", "costofGoodsAndServicesSold": "291792000", "operatingIncome": "140987000", "sellingGeneralAndAdministrative": "187680000", "researchAndDevelopment": "30139000", "operatingExpenses": "217819000", "investmentIncomeNet": "None", "netInterestIncome": "None", "interestIncome": "None", "interestExpense": "7167000", "nonInterestIncome": "None", "otherNonOperatingIncome": "-603000", "depreciation": "None", "depreciationAndAmortization": "17498000", "incomeBeforeTax": "133324000", "incomeTaxExpense": "31992000", "interestAndDebtExpense": "None", "netIncomeFromContinuingOperations": "101332000", "comprehensiveIncomeNetOfTax": "None", "ebit": "140233000", "ebitda": "157731000", "netIncome": "101332000"}, {"fiscalDateEnding": "2016-06-30", "reportedCurrency": "USD", "grossProfit": "347576000", "totalRevenue": "608286000", "costOfRevenue": "260710000", "costofGoodsAndServicesSold": "260710000", "operatingIncome": "120422000", "sellingGeneralAndAdministrative": "187798000", "researchAndDevelopment": "30701000", "operatingExpenses": "227154000", "investmentIncomeNet": "None", "netInterestIncome": "None", "interestIncome": "None", "interestExpense": "6872000", "nonInterestIncome": "None", "otherNonOperatingIncome": "-8173000", "depreciation": "None", "depreciationAndAmortization": "16649000", "incomeBeforeTax": "103172000", "incomeTaxExpense": "23584000", "interestAndDebtExpense": "None", "netIncomeFromContinuingOperations": "79588000", "comprehensiveIncomeNetOfTax": "None", "ebit": "110044000", "ebitda": "126693000", "netIncome": "79588000"}, {"fiscalDateEnding": "2016-03-31", "reportedCurrency": "USD", "grossProfit": "299907000", "totalRevenue": "539674000", "costOfRevenue": "239767000", "costofGoodsAndServicesSold": "239767000", "operatingIncome": "93589000", "sellingGeneralAndAdministrative": "168921000", "researchAndDevelopment": "28973000", "operatingExpenses": "206318000", "investmentIncomeNet": "None", "netInterestIncome": "None", "interestIncome": "None", "interestExpense": "6580000", "nonInterestIncome": "None", "otherNonOperatingIncome": "284000", "depreciation": "None", "depreciationAndAmortization": "16546000", "incomeBeforeTax": "86413000", "incomeTaxExpense": "20739000", "interestAndDebtExpense": "None", "netIncomeFromContinuingOperations": "65674000", "comprehensiveIncomeNetOfTax": "None", "ebit": "92993000", "ebitda": "109539000", "netIncome": "65674000"}, {"fiscalDateEnding": "2015-12-31", "reportedCurrency": "USD", "grossProfit": "390747000", "totalRevenue": "673535000", "costOfRevenue": "282788000", "costofGoodsAndServicesSold": "282788000", "operatingIncome": "174197000", "sellingGeneralAndAdministrative": "177418000", "researchAndDevelopment": "31110000", "operatingExpenses": "216550000", "investmentIncomeNet": "None", "netInterestIncome": "None", "interestIncome": "None", "interestExpense": "6755000", "nonInterestIncome": "None", "otherNonOperatingIncome": "9000", "depreciation": "None", "depreciationAndAmortization": "16131000", "incomeBeforeTax": "161491000", "incomeTaxExpense": "38140000", "interestAndDebtExpense": "None", "netIncomeFromContinuingOperations": "123351000", "comprehensiveIncomeNetOfTax": "None", "ebit": "168246000", "ebitda": "184377000", "netIncome": "123351000"}, {"fiscalDateEnding": "2015-09-30", "reportedCurrency": "USD", "grossProfit": "339529000", "totalRevenue": "604154000", "costOfRevenue": "264625000", "costofGoodsAndServicesSold": "264625000", "operatingIncome": "126505000", "sellingGeneralAndAdministrative": "175546000", "researchAndDevelopment": "29711000", "operatingExpenses": "213024000", "investmentIncomeNet": "None", "netInterestIncome": "None", "interestIncome": "None", "interestExpense": "7029000", "nonInterestIncome": "None", "otherNonOperatingIncome": "8000", "depreciation": "None", "depreciationAndAmortization": "16087000", "incomeBeforeTax": "116923000", "incomeTaxExpense": "28062000", "interestAndDebtExpense": "None", "netIncomeFromContinuingOperations": "88861000", "comprehensiveIncomeNetOfTax": "None", "ebit": "123952000", "ebitda": "140039000", "netIncome": "88861000"}, {"fiscalDateEnding": "2015-06-30", "reportedCurrency": "USD", "grossProfit": "322912000", "totalRevenue": "582057000", "costOfRevenue": "259145000", "costofGoodsAndServicesSold": "259145000", "operatingIncome": "110676000", "sellingGeneralAndAdministrative": "174808000", "researchAndDevelopment": "29794000", "operatingExpenses": "212236000", "investmentIncomeNet": "None", "netInterestIncome": "None", "interestIncome": "None", "interestExpense": "6942000", "nonInterestIncome": "None", "otherNonOperatingIncome": "33000", "depreciation": "None", "depreciationAndAmortization": "15991000", "incomeBeforeTax": "102047000", "incomeTaxExpense": "24490000", "interestAndDebtExpense": "None", "netIncomeFromContinuingOperations": "77557000", "comprehensiveIncomeNetOfTax": "None", "ebit": "108989000", "ebitda": "124980000", "netIncome": "77557000"}, {"fiscalDateEnding": "2015-03-31", "reportedCurrency": "USD", "grossProfit": "298805000", "totalRevenue": "535701000", "costOfRevenue": "236896000", "costofGoodsAndServicesSold": "236896000", "operatingIncome": "89778000", "sellingGeneralAndAdministrative": "173038000", "researchAndDevelopment": "28461000", "operatingExpenses": "209027000", "investmentIncomeNet": "None", "netInterestIncome": "None", "interestIncome": "None", "interestExpense": "6725000", "nonInterestIncome": "None", "otherNonOperatingIncome": "817000", "depreciation": "None", "depreciationAndAmortization": "15829000", "incomeBeforeTax": "82963000", "incomeTaxExpense": "19912000", "interestAndDebtExpense": "None", "netIncomeFromContinuingOperations": "63051000", "comprehensiveIncomeNetOfTax": "None", "ebit": "89688000", "ebitda": "105517000", "netIncome": "63051000"}, {"fiscalDateEnding": "2014-12-31", "reportedCurrency": "USD", "grossProfit": "394382000", "totalRevenue": "697428000", "costOfRevenue": "303046000", "costofGoodsAndServicesSold": "303046000", "operatingIncome": "168660000", "sellingGeneralAndAdministrative": "186789000", "researchAndDevelopment": "31323000", "operatingExpenses": "225722000", "investmentIncomeNet": "None", "netInterestIncome": "None", "interestIncome": "None", "interestExpense": "6924000", "nonInterestIncome": "None", "otherNonOperatingIncome": "-882000", "depreciation": "None", "depreciationAndAmortization": "15758000", "incomeBeforeTax": "159386000", "incomeTaxExpense": "38214000", "interestAndDebtExpense": "None", "netIncomeFromContinuingOperations": "121172000", "comprehensiveIncomeNetOfTax": "None", "ebit": "166310000", "ebitda": "182068000", "netIncome": "121172000"}, {"fiscalDateEnding": "2014-09-30", "reportedCurrency": "USD", "grossProfit": "343551000", "totalRevenue": "629100000", "costOfRevenue": "285549000", "costofGoodsAndServicesSold": "285549000", "operatingIncome": "119502000", "sellingGeneralAndAdministrative": "186499000", "researchAndDevelopment": "30352000", "operatingExpenses": "224049000", "investmentIncomeNet": "None", "netInterestIncome": "None", "interestIncome": "None", "interestExpense": "5991000", "nonInterestIncome": "None", "otherNonOperatingIncome": "-625000", "depreciation": "None", "depreciationAndAmortization": "15793000", "incomeBeforeTax": "111836000", "incomeTaxExpense": "26840000", "interestAndDebtExpense": "None", "netIncomeFromContinuingOperations": "84996000", "comprehensiveIncomeNetOfTax": "None", "ebit": "117827000", "ebitda": "133620000", "netIncome": "84996000"}, {"fiscalDateEnding": "2014-06-30", "reportedCurrency": "USD", "grossProfit": "328176000", "totalRevenue": "608834000", "costOfRevenue": "280658000", "costofGoodsAndServicesSold": "280658000", "operatingIncome": "105665000", "sellingGeneralAndAdministrative": "183103000", "researchAndDevelopment": "32125000", "operatingExpenses": "222511000", "investmentIncomeNet": "None", "netInterestIncome": "None", "interestIncome": "None", "interestExpense": "5956000", "nonInterestIncome": "None", "otherNonOperatingIncome": "-406000", "depreciation": "None", "depreciationAndAmortization": "15737000", "incomeBeforeTax": "97398000", "incomeTaxExpense": "23376000", "interestAndDebtExpense": "None", "netIncomeFromContinuingOperations": "74022000", "comprehensiveIncomeNetOfTax": "None", "ebit": "103354000", "ebitda": "119091000", "netIncome": "74022000"}, {"fiscalDateEnding": "2014-03-31", "reportedCurrency": "USD", "grossProfit": "292641000", "totalRevenue": "550621000", "costOfRevenue": "257980000", "costofGoodsAndServicesSold": "257980000", "operatingIncome": "83859000", "sellingGeneralAndAdministrative": "172191000", "researchAndDevelopment": "29497000", "operatingExpenses": "208782000", "investmentIncomeNet": "None", "netInterestIncome": "None", "interestIncome": "None", "interestExpense": "5666000", "nonInterestIncome": "None", "otherNonOperatingIncome": "-317000", "depreciation": "None", "depreciationAndAmortization": "15514000", "incomeBeforeTax": "76384000", "incomeTaxExpense": "18333000", "interestAndDebtExpense": "None", "netIncomeFromContinuingOperations": "58051000", "comprehensiveIncomeNetOfTax": "None", "ebit": "82050000", "ebitda": "97564000", "netIncome": "58051000"}, {"fiscalDateEnding": "2013-12-31", "reportedCurrency": "USD", "grossProfit": "375357000", "totalRevenue": "684253000", "costOfRevenue": "308896000", "costofGoodsAndServicesSold": "308896000", "operatingIncome": "158037000", "sellingGeneralAndAdministrative": "179788000", "researchAndDevelopment": "30597000", "operatingExpenses": "217320000", "investmentIncomeNet": "None", "netInterestIncome": "None", "interestIncome": "None", "interestExpense": "6211000", "nonInterestIncome": "None", "otherNonOperatingIncome": "-822000", "depreciation": "None", "depreciationAndAmortization": "15676000", "incomeBeforeTax": "144904000", "incomeTaxExpense": "34742000", "interestAndDebtExpense": "None", "netIncomeFromContinuingOperations": "110162000", "comprehensiveIncomeNetOfTax": "None", "ebit": "157215000", "ebitda": "172891000", "netIncome": "110162000"}, {"fiscalDateEnding": "2013-09-30", "reportedCurrency": "USD", "grossProfit": "318573000", "totalRevenue": "591686000", "costOfRevenue": "273113000", "costofGoodsAndServicesSold": "273113000", "operatingIncome": "109406000", "sellingGeneralAndAdministrative": "173446000", "researchAndDevelopment": "29046000", "operatingExpenses": "209167000", "investmentIncomeNet": "None", "netInterestIncome": "None", "interestIncome": "None", "interestExpense": "5557000", "nonInterestIncome": "None", "otherNonOperatingIncome": "-521000", "depreciation": "None", "depreciationAndAmortization": "15252000", "incomeBeforeTax": "97796000", "incomeTaxExpense": "23470000", "interestAndDebtExpense": "None", "netIncomeFromContinuingOperations": "74326000", "comprehensiveIncomeNetOfTax": "None", "ebit": "103353000", "ebitda": "118605000", "netIncome": "74326000"}, {"fiscalDateEnding": "2013-06-30", "reportedCurrency": "USD", "grossProfit": "308843000", "totalRevenue": "578680000", "costOfRevenue": "269837000", "costofGoodsAndServicesSold": "269837000", "operatingIncome": "100599000", "sellingGeneralAndAdministrative": "173434000", "researchAndDevelopment": "29003000", "operatingExpenses": "208244000", "investmentIncomeNet": "None", "netInterestIncome": "None", "interestIncome": "None", "interestExpense": "5543000", "nonInterestIncome": "None", "otherNonOperatingIncome": "-987000", "depreciation": "None", "depreciationAndAmortization": "14373000", "incomeBeforeTax": "90873000", "incomeTaxExpense": "21811000", "interestAndDebtExpense": "None", "netIncomeFromContinuingOperations": "69062000", "comprehensiveIncomeNetOfTax": "None", "ebit": "96416000", "ebitda": "110789000", "netIncome": "69062000"}, {"fiscalDateEnding": "2013-03-31", "reportedCurrency": "USD", "grossProfit": "279253000", "totalRevenue": "524353000", "costOfRevenue": "245100000", "costofGoodsAndServicesSold": "245100000", "operatingIncome": "80311000", "sellingGeneralAndAdministrative": "166120000", "researchAndDevelopment": "27700000", "operatingExpenses": "198942000", "investmentIncomeNet": "None", "netInterestIncome": "None", "interestIncome": "None", "interestExpense": "5400000", "nonInterestIncome": "None", "otherNonOperatingIncome": "-773000", "depreciation": "None", "depreciationAndAmortization": "14003000", "incomeBeforeTax": "69136000", "incomeTaxExpense": "16592000", "interestAndDebtExpense": "None", "netIncomeFromContinuingOperations": "52544000", "comprehensiveIncomeNetOfTax": "None", "ebit": "74536000", "ebitda": "88539000", "netIncome": "52544000"}, {"fiscalDateEnding": "2012-12-31", "reportedCurrency": "USD", "grossProfit": "356788000", "totalRevenue": "657292000", "costOfRevenue": "300504000", "costofGoodsAndServicesSold": "300504000", "operatingIncome": "147822000", "sellingGeneralAndAdministrative": "175379000", "researchAndDevelopment": "28001000", "operatingExpenses": "208966000", "investmentIncomeNet": "None", "netInterestIncome": "None", "interestIncome": "None", "interestExpense": "5667000", "nonInterestIncome": "None", "otherNonOperatingIncome": "-767000", "depreciation": "None", "depreciationAndAmortization": "14729000", "incomeBeforeTax": "135962000", "incomeTaxExpense": "31329000", "interestAndDebtExpense": "None", "netIncomeFromContinuingOperations": "104633000", "comprehensiveIncomeNetOfTax": "None", "ebit": "141629000", "ebitda": "156358000", "netIncome": "104633000"}, {"fiscalDateEnding": "2012-09-30", "reportedCurrency": "USD", "grossProfit": "308157000", "totalRevenue": "578553000", "costOfRevenue": "270396000", "costofGoodsAndServicesSold": "270396000", "operatingIncome": "104025000", "sellingGeneralAndAdministrative": "171021000", "researchAndDevelopment": "27896000", "operatingExpenses": "204132000", "investmentIncomeNet": "None", "netInterestIncome": "None", "interestIncome": "None", "interestExpense": "5568000", "nonInterestIncome": "None", "otherNonOperatingIncome": "266000", "depreciation": "None", "depreciationAndAmortization": "13387000", "incomeBeforeTax": "95605000", "incomeTaxExpense": "23422000", "interestAndDebtExpense": "None", "netIncomeFromContinuingOperations": "72183000", "comprehensiveIncomeNetOfTax": "None", "ebit": "101173000", "ebitda": "114560000", "netIncome": "72183000"}, {"fiscalDateEnding": "2012-06-30", "reportedCurrency": "USD", "grossProfit": "299008000", "totalRevenue": "570283000", "costOfRevenue": "271275000", "costofGoodsAndServicesSold": "271275000", "operatingIncome": "95700000", "sellingGeneralAndAdministrative": "169985000", "researchAndDevelopment": "27966000", "operatingExpenses": "203308000", "investmentIncomeNet": "None", "netInterestIncome": "None", "interestIncome": "None", "interestExpense": "5706000", "nonInterestIncome": "None", "otherNonOperatingIncome": "-433000", "depreciation": "None", "depreciationAndAmortization": "5357000", "incomeBeforeTax": "81726000", "incomeTaxExpense": "20022000", "interestAndDebtExpense": "None", "netIncomeFromContinuingOperations": "61704000", "comprehensiveIncomeNetOfTax": "None", "ebit": "95763000", "ebitda": "101120000", "netIncome": "61704000"}, {"fiscalDateEnding": "2012-03-31", "reportedCurrency": "USD", "grossProfit": "277102000", "totalRevenue": "535400000", "costOfRevenue": "258298000", "costofGoodsAndServicesSold": "258298000", "operatingIncome": "75595000", "sellingGeneralAndAdministrative": "167641000", "researchAndDevelopment": "28667000", "operatingExpenses": "201507000", "investmentIncomeNet": "None", "netInterestIncome": "None", "interestIncome": "None", "interestExpense": "5823000", "nonInterestIncome": "None", "otherNonOperatingIncome": "-156000", "depreciation": "None", "depreciationAndAmortization": "12974000", "incomeBeforeTax": "69308000", "incomeTaxExpense": "16981000", "interestAndDebtExpense": "None", "netIncomeFromContinuingOperations": "52327000", "comprehensiveIncomeNetOfTax": "None", "ebit": "75131000", "ebitda": "88105000", "netIncome": "52327000"}, {"fiscalDateEnding": "2011-12-31", "reportedCurrency": "USD", "grossProfit": "346159000", "totalRevenue": "648360000", "costOfRevenue": "302201000", "costofGoodsAndServicesSold": "302201000", "operatingIncome": "124230000", "sellingGeneralAndAdministrative": "184368000", "researchAndDevelopment": "30115000", "operatingExpenses": "221929000", "investmentIncomeNet": "None", "netInterestIncome": "None", "interestIncome": "None", "interestExpense": "5930000", "nonInterestIncome": "None", "otherNonOperatingIncome": "-95000", "depreciation": "None", "depreciationAndAmortization": "13385000", "incomeBeforeTax": "117504000", "incomeTaxExpense": "23222000", "interestAndDebtExpense": "None", "netIncomeFromContinuingOperations": "94282000", "comprehensiveIncomeNetOfTax": "None", "ebit": "124230000", "ebitda": "137615000", "netIncome": "94282000"}, {"fiscalDateEnding": "2011-09-30", "reportedCurrency": "USD", "grossProfit": "314417000", "totalRevenue": "601114000", "costOfRevenue": "286697000", "costofGoodsAndServicesSold": "286697000", "operatingIncome": "93722000", "sellingGeneralAndAdministrative": "185832000", "researchAndDevelopment": "30068000", "operatingExpenses": "220695000", "investmentIncomeNet": "None", "netInterestIncome": "None", "interestIncome": "None", "interestExpense": "5893000", "nonInterestIncome": "None", "otherNonOperatingIncome": "-409000", "depreciation": "None", "depreciationAndAmortization": "13311000", "incomeBeforeTax": "87058000", "incomeTaxExpense": "18862000", "interestAndDebtExpense": "None", "netIncomeFromContinuingOperations": "68196000", "comprehensiveIncomeNetOfTax": "None", "ebit": "92951000", "ebitda": "106262000", "netIncome": "68196000"}, {"fiscalDateEnding": "2011-06-30", "reportedCurrency": "USD", "grossProfit": "296191000", "totalRevenue": "561088000", "costOfRevenue": "264897000", "costofGoodsAndServicesSold": "264897000", "operatingIncome": "90207000", "sellingGeneralAndAdministrative": "172054000", "researchAndDevelopment": "29605000", "operatingExpenses": "205984000", "investmentIncomeNet": "None", "netInterestIncome": "None", "interestIncome": "None", "interestExpense": "5692000", "nonInterestIncome": "None", "otherNonOperatingIncome": "-1207000", "depreciation": "None", "depreciationAndAmortization": "4325000", "incomeBeforeTax": "81337000", "incomeTaxExpense": "21149000", "interestAndDebtExpense": "None", "netIncomeFromContinuingOperations": "60188000", "comprehensiveIncomeNetOfTax": "None", "ebit": "94500000", "ebitda": "98825000", "netIncome": "60188000"}, {"fiscalDateEnding": "2011-03-31", "reportedCurrency": "USD", "grossProfit": "261507000", "totalRevenue": "498766000", "costOfRevenue": "237259000", "costofGoodsAndServicesSold": "237259000", "operatingIncome": "70156000", "sellingGeneralAndAdministrative": "161378000", "researchAndDevelopment": "26351000", "operatingExpenses": "191351000", "investmentIncomeNet": "None", "netInterestIncome": "None", "interestIncome": "None", "interestExpense": "5711000", "nonInterestIncome": "None", "otherNonOperatingIncome": "-669000", "depreciation": "None", "depreciationAndAmortization": "11005000", "incomeBeforeTax": "63278000", "incomeTaxExpense": "16451000", "interestAndDebtExpense": "None", "netIncomeFromContinuingOperations": "46827000", "comprehensiveIncomeNetOfTax": "None", "ebit": "68989000", "ebitda": "79994000", "netIncome": "46827000"}, {"fiscalDateEnding": "2010-12-31", "reportedCurrency": "USD", "grossProfit": "316590000", "totalRevenue": "592765000", "costOfRevenue": "276175000", "costofGoodsAndServicesSold": "276175000", "operatingIncome": "121088000", "sellingGeneralAndAdministrative": "164807000", "researchAndDevelopment": "26466000", "operatingExpenses": "195502000", "investmentIncomeNet": "None", "netInterestIncome": "None", "interestIncome": "None", "interestExpense": "5300000", "nonInterestIncome": "None", "otherNonOperatingIncome": "None", "depreciation": "None", "depreciationAndAmortization": "11654000", "incomeBeforeTax": "110091000", "incomeTaxExpense": "29239000", "interestAndDebtExpense": "None", "netIncomeFromContinuingOperations": "0", "comprehensiveIncomeNetOfTax": "None", "ebit": "115391000", "ebitda": "127045000", "netIncome": "80852000"}, {"fiscalDateEnding": "2010-09-30", "reportedCurrency": "USD", "grossProfit": "256055000", "totalRevenue": "490213000", "costOfRevenue": "234158000", "costofGoodsAndServicesSold": "234158000", "operatingIncome": "82093000", "sellingGeneralAndAdministrative": "145303000", "researchAndDevelopment": "24992000", "operatingExpenses": "173835000", "investmentIncomeNet": "None", "netInterestIncome": "None", "interestIncome": "None", "interestExpense": "4792000", "nonInterestIncome": "None", "otherNonOperatingIncome": "127000", "depreciation": "None", "depreciationAndAmortization": "11463000", "incomeBeforeTax": "76862000", "incomeTaxExpense": "14781000", "interestAndDebtExpense": "None", "netIncomeFromContinuingOperations": "62081000", "comprehensiveIncomeNetOfTax": "None", "ebit": "81654000", "ebitda": "93117000", "netIncome": "62081000"}, {"fiscalDateEnding": "2010-06-30", "reportedCurrency": "USD", "grossProfit": "246625000", "totalRevenue": "468549000", "costOfRevenue": "221924000", "costofGoodsAndServicesSold": "221924000", "operatingIncome": "76353000", "sellingGeneralAndAdministrative": "143602000", "researchAndDevelopment": "23105000", "operatingExpenses": "170272000", "investmentIncomeNet": "None", "netInterestIncome": "None", "interestIncome": "None", "interestExpense": "4711000", "nonInterestIncome": "None", "otherNonOperatingIncome": "-730000", "depreciation": "None", "depreciationAndAmortization": "10583000", "incomeBeforeTax": "69386000", "incomeTaxExpense": "18039000", "interestAndDebtExpense": "None", "netIncomeFromContinuingOperations": "51347000", "comprehensiveIncomeNetOfTax": "None", "ebit": "74097000", "ebitda": "84680000", "netIncome": "51347000"}, {"fiscalDateEnding": "2010-03-31", "reportedCurrency": "USD", "grossProfit": "217926000", "totalRevenue": "416651000", "costOfRevenue": "198725000", "costofGoodsAndServicesSold": "198725000", "operatingIncome": "57066000", "sellingGeneralAndAdministrative": "135014000", "researchAndDevelopment": "22465000", "operatingExpenses": "161114000", "investmentIncomeNet": "None", "netInterestIncome": "None", "interestIncome": "None", "interestExpense": "5254000", "nonInterestIncome": "None", "otherNonOperatingIncome": "None", "depreciation": "None", "depreciationAndAmortization": "10828000", "incomeBeforeTax": "51174000", "incomeTaxExpense": "13306000", "interestAndDebtExpense": "None", "netIncomeFromContinuingOperations": "0", "comprehensiveIncomeNetOfTax": "None", "ebit": "56428000", "ebitda": "67256000", "netIncome": "37868000"}, {"fiscalDateEnding": "2009-12-31", "reportedCurrency": "USD", "grossProfit": "269988000", "totalRevenue": "511682000", "costOfRevenue": "241694000", "costofGoodsAndServicesSold": "241694000", "operatingIncome": "1342877000", "sellingGeneralAndAdministrative": "138968000", "researchAndDevelopment": "23731000", "operatingExpenses": "-1072889000", "investmentIncomeNet": "None", "netInterestIncome": "None", "interestIncome": "None", "interestExpense": "6142000", "nonInterestIncome": "None", "otherNonOperatingIncome": "None", "depreciation": "None", "depreciationAndAmortization": "10818000", "incomeBeforeTax": "94832000", "incomeTaxExpense": "25394000", "interestAndDebtExpense": "None", "netIncomeFromContinuingOperations": "0", "comprehensiveIncomeNetOfTax": "None", "ebit": "59496000", "ebitda": "70314000", "netIncome": "69438000"}, {"fiscalDateEnding": "2009-09-30", "reportedCurrency": "USD", "grossProfit": "225193000", "totalRevenue": "435650000", "costOfRevenue": "210457000", "costofGoodsAndServicesSold": "210457000", "operatingIncome": "69961000", "sellingGeneralAndAdministrative": "129686000", "researchAndDevelopment": "22309000", "operatingExpenses": "155232000", "investmentIncomeNet": "None", "netInterestIncome": "None", "interestIncome": "None", "interestExpense": "6974000", "nonInterestIncome": "None", "otherNonOperatingIncome": "None", "depreciation": "None", "depreciationAndAmortization": "10810000", "incomeBeforeTax": "56910000", "incomeTaxExpense": "15365000", "interestAndDebtExpense": "None", "netIncomeFromContinuingOperations": "0", "comprehensiveIncomeNetOfTax": "None", "ebit": "63884000", "ebitda": "74694000", "netIncome": "41545000"}, {"fiscalDateEnding": "2009-06-30", "reportedCurrency": "USD", "grossProfit": "206234000", "totalRevenue": "407442000", "costOfRevenue": "201208000", "costofGoodsAndServicesSold": "201208000", "operatingIncome": "58857000", "sellingGeneralAndAdministrative": "122488000", "researchAndDevelopment": "22075000", "operatingExpenses": "147377000", "investmentIncomeNet": "None", "netInterestIncome": "None", "interestIncome": "None", "interestExpense": "6760000", "nonInterestIncome": "None", "otherNonOperatingIncome": "None", "depreciation": "None", "depreciationAndAmortization": "10118000", "incomeBeforeTax": "37987000", "incomeTaxExpense": "10256000", "interestAndDebtExpense": "None", "netIncomeFromContinuingOperations": "0", "comprehensiveIncomeNetOfTax": "None", "ebit": "58857000", "ebitda": "68975000", "netIncome": "27731000"}, {"fiscalDateEnding": "2009-03-31", "reportedCurrency": "USD", "grossProfit": "187922000", "totalRevenue": "374079000", "costOfRevenue": "186157000", "costofGoodsAndServicesSold": "186157000", "operatingIncome": "49634000", "sellingGeneralAndAdministrative": "114035000", "researchAndDevelopment": "21570000", "operatingExpenses": "138288000", "investmentIncomeNet": "None", "netInterestIncome": "None", "interestIncome": "None", "interestExpense": "5241000", "nonInterestIncome": "None", "otherNonOperatingIncome": "None", "depreciation": "None", "depreciationAndAmortization": "9732000", "incomeBeforeTax": "35033000", "incomeTaxExpense": "1154000", "interestAndDebtExpense": "None", "netIncomeFromContinuingOperations": "0", "comprehensiveIncomeNetOfTax": "None", "ebit": "40274000", "ebitda": "50006000", "netIncome": "33879000"}, {"fiscalDateEnding": "2008-12-31", "reportedCurrency": "USD", "grossProfit": "264238000", "totalRevenue": "509687000", "costOfRevenue": "245449000", "costofGoodsAndServicesSold": "245449000", "operatingIncome": "98219000", "sellingGeneralAndAdministrative": "138495000", "researchAndDevelopment": "24771000", "operatingExpenses": "166019000", "investmentIncomeNet": "None", "netInterestIncome": "None", "interestIncome": "None", "interestExpense": "6667000", "nonInterestIncome": "None", "otherNonOperatingIncome": "None", "depreciation": "None", "depreciationAndAmortization": "9546000", "incomeBeforeTax": "85191000", "incomeTaxExpense": "22267000", "interestAndDebtExpense": "None", "netIncomeFromContinuingOperations": "0", "comprehensiveIncomeNetOfTax": "None", "ebit": "98219000", "ebitda": "107765000", "netIncome": "62924000"}, {"fiscalDateEnding": "2008-09-30", "reportedCurrency": "USD", "grossProfit": "248680000", "totalRevenue": "509097000", "costOfRevenue": "260417000", "costofGoodsAndServicesSold": "260417000", "operatingIncome": "73787000", "sellingGeneralAndAdministrative": "145612000", "researchAndDevelopment": "26553000", "operatingExpenses": "174893000", "investmentIncomeNet": "None", "netInterestIncome": "None", "interestIncome": "None", "interestExpense": "6846000", "nonInterestIncome": "None", "otherNonOperatingIncome": "None", "depreciation": "None", "depreciationAndAmortization": "9928000", "incomeBeforeTax": "66496000", "incomeTaxExpense": "13772000", "interestAndDebtExpense": "None", "netIncomeFromContinuingOperations": "0", "comprehensiveIncomeNetOfTax": "None", "ebit": "74232000", "ebitda": "84160000", "netIncome": "52724000"}, {"fiscalDateEnding": "2008-06-30", "reportedCurrency": "USD", "grossProfit": "259011000", "totalRevenue": "515605000", "costOfRevenue": "256594000", "costofGoodsAndServicesSold": "256594000", "operatingIncome": "72543000", "sellingGeneralAndAdministrative": "157097000", "researchAndDevelopment": "26704000", "operatingExpenses": "186468000", "investmentIncomeNet": "None", "netInterestIncome": "None", "interestIncome": "None", "interestExpense": "6028000", "nonInterestIncome": "None", "otherNonOperatingIncome": "None", "depreciation": "None", "depreciationAndAmortization": "10357000", "incomeBeforeTax": "66015000", "incomeTaxExpense": "17164000", "interestAndDebtExpense": "None", "netIncomeFromContinuingOperations": "0", "comprehensiveIncomeNetOfTax": "None", "ebit": "73043000", "ebitda": "83400000", "netIncome": "48851000"}, {"fiscalDateEnding": "2008-03-31", "reportedCurrency": "USD", "grossProfit": "221152000", "totalRevenue": "438955000", "costOfRevenue": "217803000", "costofGoodsAndServicesSold": "217803000", "operatingIncome": "55891000", "sellingGeneralAndAdministrative": "138602000", "researchAndDevelopment": "24254000", "operatingExpenses": "165261000", "investmentIncomeNet": "None", "netInterestIncome": "None", "interestIncome": "None", "interestExpense": "5849000", "nonInterestIncome": "None", "otherNonOperatingIncome": "None", "depreciation": "None", "depreciationAndAmortization": "9709000", "incomeBeforeTax": "48367000", "incomeTaxExpense": "10088000", "interestAndDebtExpense": "None", "netIncomeFromContinuingOperations": "0", "comprehensiveIncomeNetOfTax": "None", "ebit": "57566000", "ebitda": "67275000", "netIncome": "38279000"}, {"fiscalDateEnding": "2007-12-31", "reportedCurrency": "USD", "grossProfit": "270602000", "totalRevenue": "532841000", "costOfRevenue": "262239000", "costofGoodsAndServicesSold": "262239000", "operatingIncome": "92423000", "sellingGeneralAndAdministrative": "149316000", "researchAndDevelopment": "25889000", "operatingExpenses": "178179000", "investmentIncomeNet": "None", "netInterestIncome": "None", "interestIncome": "None", "interestExpense": "6026000", "nonInterestIncome": "None", "otherNonOperatingIncome": "None", "depreciation": "None", "depreciationAndAmortization": "10137000", "incomeBeforeTax": "86584000", "incomeTaxExpense": "23310000", "interestAndDebtExpense": "None", "netIncomeFromContinuingOperations": "0", "comprehensiveIncomeNetOfTax": "None", "ebit": "92423000", "ebitda": "102560000", "netIncome": "63274000"}, {"fiscalDateEnding": "2007-09-30", "reportedCurrency": "USD", "grossProfit": "219009000", "totalRevenue": "442600000", "costOfRevenue": "223591000", "costofGoodsAndServicesSold": "223591000", "operatingIncome": "63965000", "sellingGeneralAndAdministrative": "129520000", "researchAndDevelopment": "22699000", "operatingExpenses": "155044000", "investmentIncomeNet": "None", "netInterestIncome": "None", "interestIncome": "None", "interestExpense": "5515000", "nonInterestIncome": "None", "otherNonOperatingIncome": "None", "depreciation": "None", "depreciationAndAmortization": "9409000", "incomeBeforeTax": "58392000", "incomeTaxExpense": "14620000", "interestAndDebtExpense": "None", "netIncomeFromContinuingOperations": "0", "comprehensiveIncomeNetOfTax": "None", "ebit": "63965000", "ebitda": "73374000", "netIncome": "43772000"}, {"fiscalDateEnding": "2007-06-30", "reportedCurrency": "USD", "grossProfit": "215093000", "totalRevenue": "430544000", "costOfRevenue": "215451000", "costofGoodsAndServicesSold": "215451000", "operatingIncome": "60825000", "sellingGeneralAndAdministrative": "128855000", "researchAndDevelopment": "22455000", "operatingExpenses": "154268000", "investmentIncomeNet": "None", "netInterestIncome": "None", "interestIncome": "None", "interestExpense": "5002000", "nonInterestIncome": "None", "otherNonOperatingIncome": "None", "depreciation": "None", "depreciationAndAmortization": "9421000", "incomeBeforeTax": "56207000", "incomeTaxExpense": "15176000", "interestAndDebtExpense": "None", "netIncomeFromContinuingOperations": "0", "comprehensiveIncomeNetOfTax": "None", "ebit": "60825000", "ebitda": "70246000", "netIncome": "41031000"}, {"fiscalDateEnding": "2007-03-31", "reportedCurrency": "USD", "grossProfit": "191479000", "totalRevenue": "387764000", "costOfRevenue": "196285000", "costofGoodsAndServicesSold": "196285000", "operatingIncome": "45782000", "sellingGeneralAndAdministrative": "121436000", "researchAndDevelopment": "21336000", "operatingExpenses": "145697000", "investmentIncomeNet": "None", "netInterestIncome": "None", "interestIncome": "None", "interestExpense": "4460000", "nonInterestIncome": "None", "otherNonOperatingIncome": "None", "depreciation": "None", "depreciationAndAmortization": "9379000", "incomeBeforeTax": "41684000", "incomeTaxExpense": "11254000", "interestAndDebtExpense": "None", "netIncomeFromContinuingOperations": "0", "comprehensiveIncomeNetOfTax": "None", "ebit": "45782000", "ebitda": "55161000", "netIncome": "30430000"}, {"fiscalDateEnding": "2006-12-31", "reportedCurrency": "USD", "grossProfit": "233600000", "totalRevenue": "462277000", "costOfRevenue": "228677000", "costofGoodsAndServicesSold": "228677000", "operatingIncome": "74532000", "sellingGeneralAndAdministrative": "134240000", "researchAndDevelopment": "21823000", "operatingExpenses": "159068000", "investmentIncomeNet": "None", "netInterestIncome": "None", "interestIncome": "None", "interestExpense": "4657000", "nonInterestIncome": "None", "otherNonOperatingIncome": "None", "depreciation": "None", "depreciationAndAmortization": "9757000", "incomeBeforeTax": "1914910000", "incomeTaxExpense": "19240000", "interestAndDebtExpense": "None", "netIncomeFromContinuingOperations": "0", "comprehensiveIncomeNetOfTax": "None", "ebit": "74532000", "ebitda": "84289000", "netIncome": "52020000"}, {"fiscalDateEnding": "2006-09-30", "reportedCurrency": "USD", "grossProfit": "194057000", "totalRevenue": "397318000", "costOfRevenue": "203261000", "costofGoodsAndServicesSold": "203261000", "operatingIncome": "53024000", "sellingGeneralAndAdministrative": "117762000", "researchAndDevelopment": "20478000", "operatingExpenses": "141033000", "investmentIncomeNet": "None", "netInterestIncome": "None", "interestIncome": "None", "interestExpense": "1100", "nonInterestIncome": "None", "otherNonOperatingIncome": "None", "depreciation": "None", "depreciationAndAmortization": "9215000", "incomeBeforeTax": "50056000", "incomeTaxExpense": "3016000", "interestAndDebtExpense": "None", "netIncomeFromContinuingOperations": "0", "comprehensiveIncomeNetOfTax": "None", "ebit": "53024000", "ebitda": "62239000", "netIncome": "47040000"}, {"fiscalDateEnding": "2006-06-30", "reportedCurrency": "USD", "grossProfit": "192435000", "totalRevenue": "389157000", "costOfRevenue": "196722000", "costofGoodsAndServicesSold": "196722000", "operatingIncome": "51447000", "sellingGeneralAndAdministrative": "117576000", "researchAndDevelopment": "20562000", "operatingExpenses": "140988000", "investmentIncomeNet": "None", "netInterestIncome": "None", "interestIncome": "None", "interestExpense": "4350000", "nonInterestIncome": "None", "otherNonOperatingIncome": "None", "depreciation": "None", "depreciationAndAmortization": "9391000", "incomeBeforeTax": "49654000", "incomeTaxExpense": "14897000", "interestAndDebtExpense": "None", "netIncomeFromContinuingOperations": "0", "comprehensiveIncomeNetOfTax": "None", "ebit": "51447000", "ebitda": "60838000", "netIncome": "34757000"}, {"fiscalDateEnding": "2006-03-31", "reportedCurrency": "USD", "grossProfit": "170340000", "totalRevenue": "346160000", "costOfRevenue": "175820000", "costofGoodsAndServicesSold": "175820000", "operatingIncome": "35415000", "sellingGeneralAndAdministrative": "112131000", "researchAndDevelopment": "19939000", "operatingExpenses": "134925000", "investmentIncomeNet": "None", "netInterestIncome": "None", "interestIncome": "None", "interestExpense": "4076000", "nonInterestIncome": "None", "otherNonOperatingIncome": "None", "depreciation": "None", "depreciationAndAmortization": "9209000", "incomeBeforeTax": "33877000", "incomeTaxExpense": "10162000", "interestAndDebtExpense": "None", "netIncomeFromContinuingOperations": "0", "comprehensiveIncomeNetOfTax": "None", "ebit": "35415000", "ebitda": "44624000", "netIncome": "23715000"}, {"fiscalDateEnding": "2005-12-31", "reportedCurrency": "USD", "grossProfit": "208093000", "totalRevenue": "411247000", "costOfRevenue": "203154000", "costofGoodsAndServicesSold": "203154000", "operatingIncome": "65939000", "sellingGeneralAndAdministrative": "118493000", "researchAndDevelopment": "20840000", "operatingExpenses": "142154000", "investmentIncomeNet": "None", "netInterestIncome": "None", "interestIncome": "None", "interestExpense": "3594000", "nonInterestIncome": "None", "otherNonOperatingIncome": "None", "depreciation": "None", "depreciationAndAmortization": "9340000", "incomeBeforeTax": "63117000", "incomeTaxExpense": "18925000", "interestAndDebtExpense": "None", "netIncomeFromContinuingOperations": "0", "comprehensiveIncomeNetOfTax": "None", "ebit": "65939000", "ebitda": "75279000", "netIncome": "44192000"}]}