{"symbol": "ASTLW", "annualReports": [{"fiscalDateEnding": "2025-03-31", "reportedCurrency": "None", "grossProfit": "-115066638", "totalRevenue": "2454799386", "costOfRevenue": "2569866024", "costofGoodsAndServicesSold": "2569866024", "operatingIncome": "-294533260", "sellingGeneralAndAdministrative": "None", "researchAndDevelopment": "None", "operatingExpenses": "179466622", "investmentIncomeNet": "None", "netInterestIncome": "None", "interestIncome": "None", "interestExpense": "47466655", "nonInterestIncome": "None", "otherNonOperatingIncome": "None", "depreciation": "None", "depreciationAndAmortization": "137066632", "incomeBeforeTax": "-284266596", "incomeTaxExpense": "-61599985", "interestAndDebtExpense": "None", "netIncomeFromContinuingOperations": "None", "comprehensiveIncomeNetOfTax": "None", "ebit": "-323066586", "ebitda": "-185999954", "netIncome": "-222666611"}, {"fiscalDateEnding": "2024-03-31", "reportedCurrency": "CAD", "grossProfit": "306900000", "totalRevenue": "2795800000", "costOfRevenue": "2488900000", "costofGoodsAndServicesSold": "2488900000", "operatingIncome": "167300000", "sellingGeneralAndAdministrative": "114700000", "researchAndDevelopment": "None", "operatingExpenses": "139600000", "investmentIncomeNet": "None", "netInterestIncome": "-34900000", "interestIncome": "10000000", "interestExpense": "42000000", "nonInterestIncome": "None", "otherNonOperatingIncome": "None", "depreciation": "None", "depreciationAndAmortization": "115000000", "incomeBeforeTax": "144900000", "incomeTaxExpense": "39700000", "interestAndDebtExpense": "None", "netIncomeFromContinuingOperations": "105200000", "comprehensiveIncomeNetOfTax": "None", "ebit": "186900000", "ebitda": "301900000", "netIncome": "105200000"}, {"fiscalDateEnding": "2023-03-31", "reportedCurrency": "CAD", "grossProfit": "389800000", "totalRevenue": "2778500000", "costOfRevenue": "2388700000", "costofGoodsAndServicesSold": "2388700000", "operatingIncome": "290500000", "sellingGeneralAndAdministrative": "99300000", "researchAndDevelopment": "None", "operatingExpenses": "99300000", "investmentIncomeNet": "None", "netInterestIncome": "-21800000", "interestIncome": "13300000", "interestExpense": "10573420", "nonInterestIncome": "None", "otherNonOperatingIncome": "None", "depreciation": "None", "depreciationAndAmortization": "98900000", "incomeBeforeTax": "376100000", "incomeTaxExpense": "77600000", "interestAndDebtExpense": "None", "netIncomeFromContinuingOperations": "298500000", "comprehensiveIncomeNetOfTax": "None", "ebit": "408700000", "ebitda": "507600000", "netIncome": "298500000"}, {"fiscalDateEnding": "2022-03-31", "reportedCurrency": "CAD", "grossProfit": "1514000000", "totalRevenue": "3806000000", "costOfRevenue": "2292000000", "costofGoodsAndServicesSold": "2292000000", "operatingIncome": "1411000000", "sellingGeneralAndAdministrative": "102600000", "researchAndDevelopment": "None", "operatingExpenses": "103000000", "investmentIncomeNet": "None", "netInterestIncome": "-59700000", "interestIncome": "500000", "interestExpense": "38841120", "nonInterestIncome": "None", "otherNonOperatingIncome": "None", "depreciation": "None", "depreciationAndAmortization": "87100000", "incomeBeforeTax": "1156600000", "incomeTaxExpense": "298900000", "interestAndDebtExpense": "None", "netIncomeFromContinuingOperations": "857700000", "comprehensiveIncomeNetOfTax": "None", "ebit": "1215200000", "ebitda": "1302300000", "netIncome": "857700000"}, {"fiscalDateEnding": "2021-03-31", "reportedCurrency": "CAD", "grossProfit": "157200000", "totalRevenue": "1794900000", "costOfRevenue": "1637700000", "costofGoodsAndServicesSold": "1637700000", "operatingIncome": "84800000", "sellingGeneralAndAdministrative": "72000000", "researchAndDevelopment": "None", "operatingExpenses": "72400000", "investmentIncomeNet": "None", "netInterestIncome": "-84400000", "interestIncome": "1100000", "interestExpense": "54501332", "nonInterestIncome": "None", "otherNonOperatingIncome": "None", "depreciation": "None", "depreciationAndAmortization": "87200000", "incomeBeforeTax": "-76100000", "incomeTaxExpense": "84300000", "interestAndDebtExpense": "None", "netIncomeFromContinuingOperations": "-76100000", "comprehensiveIncomeNetOfTax": "None", "ebit": "8200000", "ebitda": "95400000", "netIncome": "-160400000"}, {"fiscalDateEnding": "2020-03-31", "reportedCurrency": "CAD", "grossProfit": "-80100000", "totalRevenue": "1956900000", "costOfRevenue": "2037000000", "costofGoodsAndServicesSold": "2037000000", "operatingIncome": "-137000000", "sellingGeneralAndAdministrative": "56400000", "researchAndDevelopment": "None", "operatingExpenses": "56900000", "investmentIncomeNet": "None", "netInterestIncome": "-78500000", "interestIncome": "2600000", "interestExpense": "44823831", "nonInterestIncome": "None", "otherNonOperatingIncome": "None", "depreciation": "None", "depreciationAndAmortization": "128100000", "incomeBeforeTax": "-180200000", "incomeTaxExpense": "-4300000", "interestAndDebtExpense": "None", "netIncomeFromContinuingOperations": "-175900000", "comprehensiveIncomeNetOfTax": "None", "ebit": "-101300000", "ebitda": "26800000", "netIncome": "-175900000"}, {"fiscalDateEnding": "2019-03-31", "reportedCurrency": "None", "grossProfit": "371200000", "totalRevenue": "2698300000", "costOfRevenue": "2327100000", "costofGoodsAndServicesSold": "2327100000", "operatingIncome": "284800000", "sellingGeneralAndAdministrative": "None", "researchAndDevelopment": "None", "operatingExpenses": "197200000", "investmentIncomeNet": "None", "netInterestIncome": "None", "interestIncome": "None", "interestExpense": "None", "nonInterestIncome": "None", "otherNonOperatingIncome": "None", "depreciation": "None", "depreciationAndAmortization": "73800000", "incomeBeforeTax": "34800000", "incomeTaxExpense": "2600000", "interestAndDebtExpense": "None", "netIncomeFromContinuingOperations": "None", "comprehensiveIncomeNetOfTax": "None", "ebit": "284800000", "ebitda": "358600000", "netIncome": "32200000"}, {"fiscalDateEnding": "2014-03-31", "reportedCurrency": "None", "grossProfit": "-160600000", "totalRevenue": "1792400000", "costOfRevenue": "1953000000", "costofGoodsAndServicesSold": "1953000000", "operatingIncome": "-272400000", "sellingGeneralAndAdministrative": "None", "researchAndDevelopment": "None", "operatingExpenses": "53300000", "investmentIncomeNet": "None", "netInterestIncome": "None", "interestIncome": "None", "interestExpense": "None", "nonInterestIncome": "None", "otherNonOperatingIncome": "None", "depreciation": "None", "depreciationAndAmortization": "108600000", "incomeBeforeTax": "-352200000", "incomeTaxExpense": "-38400000", "interestAndDebtExpense": "None", "netIncomeFromContinuingOperations": "None", "comprehensiveIncomeNetOfTax": "None", "ebit": "-272400000", "ebitda": "-163800000", "netIncome": "-313800000"}, {"fiscalDateEnding": "2013-03-31", "reportedCurrency": "None", "grossProfit": "-18600000", "totalRevenue": "1865600000", "costOfRevenue": "1884200000", "costofGoodsAndServicesSold": "1884200000", "operatingIncome": "-120000000", "sellingGeneralAndAdministrative": "None", "researchAndDevelopment": "None", "operatingExpenses": "95600000", "investmentIncomeNet": "None", "netInterestIncome": "None", "interestIncome": "None", "interestExpense": "None", "nonInterestIncome": "None", "otherNonOperatingIncome": "None", "depreciation": "None", "depreciationAndAmortization": "137200000", "incomeBeforeTax": "-221100000", "incomeTaxExpense": "-17800000", "interestAndDebtExpense": "None", "netIncomeFromContinuingOperations": "None", "comprehensiveIncomeNetOfTax": "None", "ebit": "-120000000", "ebitda": "17200000", "netIncome": "-203300000"}], "quarterlyReports": [{"fiscalDateEnding": "2025-09-30", "reportedCurrency": "CAD", "grossProfit": "-107400000", "totalRevenue": "523900000", "costOfRevenue": "631300000", "costofGoodsAndServicesSold": "631300000", "operatingIncome": "-651500000", "sellingGeneralAndAdministrative": "31000000", "researchAndDevelopment": "None", "operatingExpenses": "544100000", "investmentIncomeNet": "None", "netInterestIncome": "-19300000", "interestIncome": "1100000", "interestExpense": "12206000", "nonInterestIncome": "None", "otherNonOperatingIncome": "None", "depreciation": "None", "depreciationAndAmortization": "43400000", "incomeBeforeTax": "-630800000", "incomeTaxExpense": "-145700000", "interestAndDebtExpense": "None", "netIncomeFromContinuingOperations": "-485100000", "comprehensiveIncomeNetOfTax": "None", "ebit": "-140700000", "ebitda": "-97300000", "netIncome": "-485100000"}, {"fiscalDateEnding": "2025-06-30", "reportedCurrency": "CAD", "grossProfit": "-54100000", "totalRevenue": "589700000", "costOfRevenue": "643800000", "costofGoodsAndServicesSold": "643800000", "operatingIncome": "-85100000", "sellingGeneralAndAdministrative": "31300000", "researchAndDevelopment": "None", "operatingExpenses": "31000000", "investmentIncomeNet": "None", "netInterestIncome": "-19900000", "interestIncome": "2500000", "interestExpense": "13588250", "nonInterestIncome": "None", "otherNonOperatingIncome": "None", "depreciation": "None", "depreciationAndAmortization": "38200000", "incomeBeforeTax": "-147500000", "incomeTaxExpense": "-36900000", "interestAndDebtExpense": "None", "netIncomeFromContinuingOperations": "-110600000", "comprehensiveIncomeNetOfTax": "None", "ebit": "-125800000", "ebitda": "-87600000", "netIncome": "-110600000"}, {"fiscalDateEnding": "2025-03-31", "reportedCurrency": "CAD", "grossProfit": "-109000000", "totalRevenue": "517100000", "costOfRevenue": "626100000", "costofGoodsAndServicesSold": "626100000", "operatingIncome": "-139900000", "sellingGeneralAndAdministrative": "30000000", "researchAndDevelopment": "None", "operatingExpenses": "30900000", "investmentIncomeNet": "None", "netInterestIncome": "-19000000", "interestIncome": "2800000", "interestExpense": "17800000", "nonInterestIncome": "None", "otherNonOperatingIncome": "None", "depreciation": "None", "depreciationAndAmortization": "35000000", "incomeBeforeTax": "-50900000", "incomeTaxExpense": "-26400000", "interestAndDebtExpense": "None", "netIncomeFromContinuingOperations": "-24500000", "comprehensiveIncomeNetOfTax": "None", "ebit": "-128500000", "ebitda": "-93500000", "netIncome": "-24500000"}, {"fiscalDateEnding": "2024-12-31", "reportedCurrency": "None", "grossProfit": "-87100000", "totalRevenue": "590300000", "costOfRevenue": "677400000", "costofGoodsAndServicesSold": "677400000", "operatingIncome": "-124800000", "sellingGeneralAndAdministrative": "None", "researchAndDevelopment": "None", "operatingExpenses": "37700000", "investmentIncomeNet": "None", "netInterestIncome": "None", "interestIncome": "None", "interestExpense": "14500000", "nonInterestIncome": "None", "otherNonOperatingIncome": "None", "depreciation": "None", "depreciationAndAmortization": "33900000", "incomeBeforeTax": "-91200000", "incomeTaxExpense": "-24700000", "interestAndDebtExpense": "None", "netIncomeFromContinuingOperations": "None", "comprehensiveIncomeNetOfTax": "None", "ebit": "-128800000", "ebitda": "-94900000", "netIncome": "-66500000"}, {"fiscalDateEnding": "2024-09-30", "reportedCurrency": "CAD", "grossProfit": "-46900000", "totalRevenue": "600300000", "costOfRevenue": "647200000", "costofGoodsAndServicesSold": "647200000", "operatingIncome": "-83600000", "sellingGeneralAndAdministrative": "36600000", "researchAndDevelopment": "None", "operatingExpenses": "36700000", "investmentIncomeNet": "None", "netInterestIncome": "-17500000", "interestIncome": "7000000", "interestExpense": "14189760", "nonInterestIncome": "None", "otherNonOperatingIncome": "None", "depreciation": "None", "depreciationAndAmortization": "36300000", "incomeBeforeTax": "-123800000", "incomeTaxExpense": "-17200000", "interestAndDebtExpense": "None", "netIncomeFromContinuingOperations": "-106600000", "comprehensiveIncomeNetOfTax": "None", "ebit": "-99900000", "ebitda": "-63600000", "netIncome": "-106600000"}, {"fiscalDateEnding": "2024-06-30", "reportedCurrency": "CAD", "grossProfit": "26200000", "totalRevenue": "650500000", "costOfRevenue": "624300000", "costofGoodsAndServicesSold": "624300000", "operatingIncome": "-12500000", "sellingGeneralAndAdministrative": "29100000", "researchAndDevelopment": "None", "operatingExpenses": "38700000", "investmentIncomeNet": "None", "netInterestIncome": "-16400000", "interestIncome": "5400000", "interestExpense": "21200000", "nonInterestIncome": "None", "otherNonOperatingIncome": "None", "depreciation": "None", "depreciationAndAmortization": "33200000", "incomeBeforeTax": "1800000", "incomeTaxExpense": "-4300000", "interestAndDebtExpense": "None", "netIncomeFromContinuingOperations": "6100000", "comprehensiveIncomeNetOfTax": "None", "ebit": "23000000", "ebitda": "56200000", "netIncome": "6100000"}, {"fiscalDateEnding": "2024-03-31", "reportedCurrency": "CAD", "grossProfit": "31800000", "totalRevenue": "620600000", "costOfRevenue": "588800000", "costofGoodsAndServicesSold": "588800000", "operatingIncome": "-200000", "sellingGeneralAndAdministrative": "32000000", "researchAndDevelopment": "None", "operatingExpenses": "32000000", "investmentIncomeNet": "None", "netInterestIncome": "-13400000", "interestIncome": "1200000", "interestExpense": "12573880", "nonInterestIncome": "None", "otherNonOperatingIncome": "None", "depreciation": "None", "depreciationAndAmortization": "38100000", "incomeBeforeTax": "29000000", "incomeTaxExpense": "1000000", "interestAndDebtExpense": "None", "netIncomeFromContinuingOperations": "28000000", "comprehensiveIncomeNetOfTax": "None", "ebit": "-200000", "ebitda": "37900000", "netIncome": "28000000"}, {"fiscalDateEnding": "2023-12-31", "reportedCurrency": "CAD", "grossProfit": "-8400000", "totalRevenue": "615400000", "costOfRevenue": "623800000", "costofGoodsAndServicesSold": "623800000", "operatingIncome": "-36900000", "sellingGeneralAndAdministrative": "28500000", "researchAndDevelopment": "None", "operatingExpenses": "28500000", "investmentIncomeNet": "None", "netInterestIncome": "-7800000", "interestIncome": "2400000", "interestExpense": "10200000", "nonInterestIncome": "None", "otherNonOperatingIncome": "None", "depreciation": "None", "depreciationAndAmortization": "31600000", "incomeBeforeTax": "-97300000", "incomeTaxExpense": "-12500000", "interestAndDebtExpense": "None", "netIncomeFromContinuingOperations": "-84800000", "comprehensiveIncomeNetOfTax": "None", "ebit": "-87100000", "ebitda": "-55500000", "netIncome": "-84800000"}, {"fiscalDateEnding": "2023-09-30", "reportedCurrency": "CAD", "grossProfit": "67800000", "totalRevenue": "732600000", "costOfRevenue": "664800000", "costofGoodsAndServicesSold": "664800000", "operatingIncome": "36800000", "sellingGeneralAndAdministrative": "30900000", "researchAndDevelopment": "None", "operatingExpenses": "31000000", "investmentIncomeNet": "None", "netInterestIncome": "-7100000", "interestIncome": "3100000", "interestExpense": "10200000", "nonInterestIncome": "None", "otherNonOperatingIncome": "None", "depreciation": "None", "depreciationAndAmortization": "25300000", "incomeBeforeTax": "43000000", "incomeTaxExpense": "11900000", "interestAndDebtExpense": "None", "netIncomeFromContinuingOperations": "31100000", "comprehensiveIncomeNetOfTax": "None", "ebit": "52600000", "ebitda": "77900000", "netIncome": "31100000"}, {"fiscalDateEnding": "2023-06-30", "reportedCurrency": "CAD", "grossProfit": "187700000", "totalRevenue": "827200000", "costOfRevenue": "639500000", "costofGoodsAndServicesSold": "639500000", "operatingIncome": "164300000", "sellingGeneralAndAdministrative": "23300000", "researchAndDevelopment": "None", "operatingExpenses": "23400000", "investmentIncomeNet": "None", "netInterestIncome": "-6600000", "interestIncome": "3300000", "interestExpense": "9900000", "nonInterestIncome": "None", "otherNonOperatingIncome": "None", "depreciation": "None", "depreciationAndAmortization": "23300000", "incomeBeforeTax": "170200000", "incomeTaxExpense": "39300000", "interestAndDebtExpense": "None", "netIncomeFromContinuingOperations": "130900000", "comprehensiveIncomeNetOfTax": "None", "ebit": "179500000", "ebitda": "202800000", "netIncome": "130900000"}, {"fiscalDateEnding": "2023-03-31", "reportedCurrency": "CAD", "grossProfit": "46700000", "totalRevenue": "677400000", "costOfRevenue": "630700000", "costofGoodsAndServicesSold": "630700000", "operatingIncome": "12800000", "sellingGeneralAndAdministrative": "25000000", "researchAndDevelopment": "None", "operatingExpenses": "25000000", "investmentIncomeNet": "None", "netInterestIncome": "-6800000", "interestIncome": "2900000", "interestExpense": "3623060", "nonInterestIncome": "None", "otherNonOperatingIncome": "None", "depreciation": "None", "depreciationAndAmortization": "25600000", "incomeBeforeTax": "-15000000", "incomeTaxExpense": "5400000", "interestAndDebtExpense": "None", "netIncomeFromContinuingOperations": "-20400000", "comprehensiveIncomeNetOfTax": "None", "ebit": "12800000", "ebitda": "38400000", "netIncome": "-20400000"}, {"fiscalDateEnding": "2022-12-31", "reportedCurrency": "CAD", "grossProfit": "-44000000", "totalRevenue": "567800000", "costOfRevenue": "611800000", "costofGoodsAndServicesSold": "611800000", "operatingIncome": "-65700000", "sellingGeneralAndAdministrative": "21600000", "researchAndDevelopment": "None", "operatingExpenses": "21700000", "investmentIncomeNet": "None", "netInterestIncome": "-5100000", "interestIncome": "4200000", "interestExpense": "2950800", "nonInterestIncome": "None", "otherNonOperatingIncome": "None", "depreciation": "None", "depreciationAndAmortization": "24700000", "incomeBeforeTax": "-87400000", "incomeTaxExpense": "-17600000", "interestAndDebtExpense": "None", "netIncomeFromContinuingOperations": "-69800000", "comprehensiveIncomeNetOfTax": "None", "ebit": "-78400000", "ebitda": "-53700000", "netIncome": "-69800000"}, {"fiscalDateEnding": "2022-09-30", "reportedCurrency": "CAD", "grossProfit": "29800000", "totalRevenue": "599200000", "costOfRevenue": "569400000", "costofGoodsAndServicesSold": "569400000", "operatingIncome": "19700000", "sellingGeneralAndAdministrative": "24200000", "researchAndDevelopment": "None", "operatingExpenses": "24200000", "investmentIncomeNet": "None", "netInterestIncome": "-3700000", "interestIncome": "4600000", "interestExpense": "3107180", "nonInterestIncome": "None", "otherNonOperatingIncome": "None", "depreciation": "None", "depreciationAndAmortization": "22400000", "incomeBeforeTax": "92100000", "incomeTaxExpense": "4900000", "interestAndDebtExpense": "None", "netIncomeFromContinuingOperations": "87200000", "comprehensiveIncomeNetOfTax": "None", "ebit": "19700000", "ebitda": "42100000", "netIncome": "87200000"}, {"fiscalDateEnding": "2022-06-30", "reportedCurrency": "CAD", "grossProfit": "357300000", "totalRevenue": "934100000", "costOfRevenue": "576800000", "costofGoodsAndServicesSold": "576800000", "operatingIncome": "328900000", "sellingGeneralAndAdministrative": "28400000", "researchAndDevelopment": "None", "operatingExpenses": "28400000", "investmentIncomeNet": "None", "netInterestIncome": "-6200000", "interestIncome": "1900000", "interestExpense": "3649409", "nonInterestIncome": "None", "otherNonOperatingIncome": "None", "depreciation": "None", "depreciationAndAmortization": "22600000", "incomeBeforeTax": "386300000", "incomeTaxExpense": "84900000", "interestAndDebtExpense": "None", "netIncomeFromContinuingOperations": "301400000", "comprehensiveIncomeNetOfTax": "None", "ebit": "394400000", "ebitda": "417000000", "netIncome": "301400000"}, {"fiscalDateEnding": "2022-03-31", "reportedCurrency": "CAD", "grossProfit": "338600000", "totalRevenue": "941800000", "costOfRevenue": "603200000", "costofGoodsAndServicesSold": "603200000", "operatingIncome": "310600000", "sellingGeneralAndAdministrative": "28000000", "researchAndDevelopment": "None", "operatingExpenses": "28000000", "investmentIncomeNet": "None", "netInterestIncome": "-6800000", "interestIncome": "400000", "interestExpense": "3436560", "nonInterestIncome": "None", "otherNonOperatingIncome": "None", "depreciation": "None", "depreciationAndAmortization": "22700000", "incomeBeforeTax": "321600000", "incomeTaxExpense": "78000000", "interestAndDebtExpense": "None", "netIncomeFromContinuingOperations": "243600000", "comprehensiveIncomeNetOfTax": "None", "ebit": "327700000", "ebitda": "350400000", "netIncome": "242900000"}, {"fiscalDateEnding": "2021-12-31", "reportedCurrency": "CAD", "grossProfit": "465000000", "totalRevenue": "1064900000", "costOfRevenue": "599900000", "costofGoodsAndServicesSold": "599900000", "operatingIncome": "446100000", "sellingGeneralAndAdministrative": "18900000", "researchAndDevelopment": "None", "operatingExpenses": "18900000", "investmentIncomeNet": "None", "netInterestIncome": "-17300000", "interestIncome": "100000", "interestExpense": "11463700", "nonInterestIncome": "None", "otherNonOperatingIncome": "None", "depreciation": "None", "depreciationAndAmortization": "21500000", "incomeBeforeTax": "222200000", "incomeTaxExpense": "99200000", "interestAndDebtExpense": "None", "netIncomeFromContinuingOperations": "123000000", "comprehensiveIncomeNetOfTax": "None", "ebit": "446100000", "ebitda": "467600000", "netIncome": "123000000"}, {"fiscalDateEnding": "2021-09-30", "reportedCurrency": "CAD", "grossProfit": "431500000", "totalRevenue": "1010200000", "costOfRevenue": "578700000", "costofGoodsAndServicesSold": "578700000", "operatingIncome": "402100000", "sellingGeneralAndAdministrative": "29400000", "researchAndDevelopment": "None", "operatingExpenses": "29400000", "investmentIncomeNet": "None", "netInterestIncome": "-17600000", "interestIncome": "400000", "interestExpense": "17600000", "nonInterestIncome": "None", "otherNonOperatingIncome": "None", "depreciation": "None", "depreciationAndAmortization": "22100000", "incomeBeforeTax": "392200000", "incomeTaxExpense": "104000000", "interestAndDebtExpense": "None", "netIncomeFromContinuingOperations": "288200000", "comprehensiveIncomeNetOfTax": "None", "ebit": "409800000", "ebitda": "431900000", "netIncome": "288200000"}, {"fiscalDateEnding": "2021-06-30", "reportedCurrency": "CAD", "grossProfit": "278900000", "totalRevenue": "789100000", "costOfRevenue": "510200000", "costofGoodsAndServicesSold": "510200000", "operatingIncome": "252200000", "sellingGeneralAndAdministrative": "72000000", "researchAndDevelopment": "None", "operatingExpenses": "72400000", "investmentIncomeNet": "None", "netInterestIncome": "-18000000", "interestIncome": "0", "interestExpense": "14800000", "nonInterestIncome": "None", "otherNonOperatingIncome": "None", "depreciation": "None", "depreciationAndAmortization": "20700000", "incomeBeforeTax": "221300000", "incomeTaxExpense": "17700000", "interestAndDebtExpense": "None", "netIncomeFromContinuingOperations": "203600000", "comprehensiveIncomeNetOfTax": "None", "ebit": "239000000", "ebitda": "259700000", "netIncome": "203600000"}, {"fiscalDateEnding": "2021-03-31", "reportedCurrency": "CAD", "grossProfit": "162500000", "totalRevenue": "638500000", "costOfRevenue": "476000000", "costofGoodsAndServicesSold": "476000000", "operatingIncome": "130000000", "sellingGeneralAndAdministrative": "32100000", "researchAndDevelopment": "None", "operatingExpenses": "32500000", "investmentIncomeNet": "None", "netInterestIncome": "-20000000", "interestIncome": "0", "interestExpense": "15600000", "nonInterestIncome": "None", "otherNonOperatingIncome": "None", "depreciation": "None", "depreciationAndAmortization": "21700000", "incomeBeforeTax": "100100000", "incomeTaxExpense": "19700000", "interestAndDebtExpense": "None", "netIncomeFromContinuingOperations": "100100000", "comprehensiveIncomeNetOfTax": "None", "ebit": "119800000", "ebitda": "141500000", "netIncome": "100100000"}, {"fiscalDateEnding": "2020-12-31", "reportedCurrency": "CAD", "grossProfit": "-2200000", "totalRevenue": "430000000", "costOfRevenue": "432200000", "costofGoodsAndServicesSold": "432200000", "operatingIncome": "-17700000", "sellingGeneralAndAdministrative": "15500000", "researchAndDevelopment": "None", "operatingExpenses": "15500000", "investmentIncomeNet": "None", "netInterestIncome": "-20400000", "interestIncome": "300000", "interestExpense": "20300000", "nonInterestIncome": "None", "otherNonOperatingIncome": "None", "depreciation": "None", "depreciationAndAmortization": "22800000", "incomeBeforeTax": "-73500000", "incomeTaxExpense": "20300000", "interestAndDebtExpense": "None", "netIncomeFromContinuingOperations": "-73500000", "comprehensiveIncomeNetOfTax": "None", "ebit": "-53200000", "ebitda": "-30400000", "netIncome": "-73500000"}, {"fiscalDateEnding": "2020-09-30", "reportedCurrency": "CAD", "grossProfit": "-12800000", "totalRevenue": "377000000", "costOfRevenue": "389800000", "costofGoodsAndServicesSold": "389800000", "operatingIncome": "-24700000", "sellingGeneralAndAdministrative": "11900000", "researchAndDevelopment": "None", "operatingExpenses": "11900000", "investmentIncomeNet": "None", "netInterestIncome": "-21500000", "interestIncome": "200000", "interestExpense": "21500000", "nonInterestIncome": "None", "otherNonOperatingIncome": "None", "depreciation": "None", "depreciationAndAmortization": "23500000", "incomeBeforeTax": "-60000000", "incomeTaxExpense": "21500000", "interestAndDebtExpense": "None", "netIncomeFromContinuingOperations": "-60000000", "comprehensiveIncomeNetOfTax": "None", "ebit": "-38500000", "ebitda": "-15000000", "netIncome": "-60000000"}, {"fiscalDateEnding": "2020-06-30", "reportedCurrency": "USD", "grossProfit": "9700000", "totalRevenue": "349400000", "costOfRevenue": "339700000", "costofGoodsAndServicesSold": "339700000", "operatingIncome": "-2800000", "sellingGeneralAndAdministrative": "56400000", "researchAndDevelopment": "None", "operatingExpenses": "56900000", "investmentIncomeNet": "None", "netInterestIncome": "None", "interestIncome": "None", "interestExpense": "22800000", "nonInterestIncome": "None", "otherNonOperatingIncome": "None", "depreciation": "None", "depreciationAndAmortization": "19200000", "incomeBeforeTax": "-42700000", "incomeTaxExpense": "22800000", "interestAndDebtExpense": "None", "netIncomeFromContinuingOperations": "None", "comprehensiveIncomeNetOfTax": "None", "ebit": "-19900000", "ebitda": "-700000", "netIncome": "-42700000"}, {"fiscalDateEnding": "2014-09-30", "reportedCurrency": "None", "grossProfit": "75200000", "totalRevenue": "572800000", "costOfRevenue": "497600000", "costofGoodsAndServicesSold": "497600000", "operatingIncome": "49500000", "sellingGeneralAndAdministrative": "None", "researchAndDevelopment": "None", "operatingExpenses": "12900000", "investmentIncomeNet": "None", "netInterestIncome": "None", "interestIncome": "None", "interestExpense": "None", "nonInterestIncome": "None", "otherNonOperatingIncome": "None", "depreciation": "None", "depreciationAndAmortization": "28300000", "incomeBeforeTax": "52900000", "incomeTaxExpense": "None", "interestAndDebtExpense": "None", "netIncomeFromContinuingOperations": "None", "comprehensiveIncomeNetOfTax": "None", "ebit": "49500000", "ebitda": "77800000", "netIncome": "52900000"}, {"fiscalDateEnding": "2014-06-30", "reportedCurrency": "None", "grossProfit": "6600000", "totalRevenue": "439900000", "costOfRevenue": "433300000", "costofGoodsAndServicesSold": "433300000", "operatingIncome": "-17900000", "sellingGeneralAndAdministrative": "None", "researchAndDevelopment": "None", "operatingExpenses": "51700000", "investmentIncomeNet": "None", "netInterestIncome": "None", "interestIncome": "None", "interestExpense": "None", "nonInterestIncome": "None", "otherNonOperatingIncome": "None", "depreciation": "None", "depreciationAndAmortization": "29000000", "incomeBeforeTax": "-80800000", "incomeTaxExpense": "None", "interestAndDebtExpense": "None", "netIncomeFromContinuingOperations": "None", "comprehensiveIncomeNetOfTax": "None", "ebit": "-17900000", "ebitda": "11100000", "netIncome": "-80800000"}, {"fiscalDateEnding": "2014-03-31", "reportedCurrency": "None", "grossProfit": "-88200000", "totalRevenue": "427600000", "costOfRevenue": "515800000", "costofGoodsAndServicesSold": "515800000", "operatingIncome": "-119300000", "sellingGeneralAndAdministrative": "None", "researchAndDevelopment": "None", "operatingExpenses": "5100000", "investmentIncomeNet": "None", "netInterestIncome": "None", "interestIncome": "None", "interestExpense": "None", "nonInterestIncome": "None", "otherNonOperatingIncome": "None", "depreciation": "None", "depreciationAndAmortization": "26100000", "incomeBeforeTax": "-139300000", "incomeTaxExpense": "-2900000", "interestAndDebtExpense": "None", "netIncomeFromContinuingOperations": "None", "comprehensiveIncomeNetOfTax": "None", "ebit": "-119300000", "ebitda": "-93200000", "netIncome": "-136400000"}, {"fiscalDateEnding": "2013-12-31", "reportedCurrency": "None", "grossProfit": "-16100000", "totalRevenue": "436200000", "costOfRevenue": "452300000", "costofGoodsAndServicesSold": "452300000", "operatingIncome": "-43200000", "sellingGeneralAndAdministrative": "None", "researchAndDevelopment": "None", "operatingExpenses": "3900000", "investmentIncomeNet": "None", "netInterestIncome": "None", "interestIncome": "None", "interestExpense": "None", "nonInterestIncome": "None", "otherNonOperatingIncome": "None", "depreciation": "None", "depreciationAndAmortization": "26400000", "incomeBeforeTax": "-51500000", "incomeTaxExpense": "-12900000", "interestAndDebtExpense": "None", "netIncomeFromContinuingOperations": "None", "comprehensiveIncomeNetOfTax": "None", "ebit": "-43200000", "ebitda": "-16800000", "netIncome": "-38600000"}, {"fiscalDateEnding": "2013-09-30", "reportedCurrency": "None", "grossProfit": "-13900000", "totalRevenue": "464400000", "costOfRevenue": "478300000", "costofGoodsAndServicesSold": "478300000", "operatingIncome": "-38500000", "sellingGeneralAndAdministrative": "None", "researchAndDevelopment": "None", "operatingExpenses": "68300000", "investmentIncomeNet": "None", "netInterestIncome": "None", "interestIncome": "None", "interestExpense": "None", "nonInterestIncome": "None", "otherNonOperatingIncome": "None", "depreciation": "None", "depreciationAndAmortization": "28000000", "incomeBeforeTax": "-113800000", "incomeTaxExpense": "-3700000", "interestAndDebtExpense": "None", "netIncomeFromContinuingOperations": "None", "comprehensiveIncomeNetOfTax": "None", "ebit": "-38500000", "ebitda": "-10500000", "netIncome": "-110100000"}, {"fiscalDateEnding": "2013-06-30", "reportedCurrency": "None", "grossProfit": "-19000000", "totalRevenue": "464200000", "costOfRevenue": "483200000", "costofGoodsAndServicesSold": "483200000", "operatingIncome": "-45500000", "sellingGeneralAndAdministrative": "None", "researchAndDevelopment": "None", "operatingExpenses": "600000", "investmentIncomeNet": "None", "netInterestIncome": "None", "interestIncome": "None", "interestExpense": "None", "nonInterestIncome": "None", "otherNonOperatingIncome": "None", "depreciation": "None", "depreciationAndAmortization": "28100000", "incomeBeforeTax": "-47600000", "incomeTaxExpense": "-18900000", "interestAndDebtExpense": "None", "netIncomeFromContinuingOperations": "None", "comprehensiveIncomeNetOfTax": "None", "ebit": "-45500000", "ebitda": "-17400000", "netIncome": "-28700000"}, {"fiscalDateEnding": "2013-03-31", "reportedCurrency": "None", "grossProfit": "-33300000", "totalRevenue": "447700000", "costOfRevenue": "481000000", "costofGoodsAndServicesSold": "481000000", "operatingIncome": "-56500000", "sellingGeneralAndAdministrative": "None", "researchAndDevelopment": "None", "operatingExpenses": "9000000", "investmentIncomeNet": "None", "netInterestIncome": "None", "interestIncome": "None", "interestExpense": "None", "nonInterestIncome": "None", "otherNonOperatingIncome": "None", "depreciation": "None", "depreciationAndAmortization": "29600000", "incomeBeforeTax": "-74500000", "incomeTaxExpense": "18200000", "interestAndDebtExpense": "None", "netIncomeFromContinuingOperations": "None", "comprehensiveIncomeNetOfTax": "None", "ebit": "-56500000", "ebitda": "-26900000", "netIncome": "-92700000"}, {"fiscalDateEnding": "2012-12-31", "reportedCurrency": "None", "grossProfit": "10400000", "totalRevenue": "475100000", "costOfRevenue": "464700000", "costofGoodsAndServicesSold": "464700000", "operatingIncome": "-14300000", "sellingGeneralAndAdministrative": "None", "researchAndDevelopment": "None", "operatingExpenses": "14600000", "investmentIncomeNet": "None", "netInterestIncome": "None", "interestIncome": "None", "interestExpense": "None", "nonInterestIncome": "None", "otherNonOperatingIncome": "None", "depreciation": "None", "depreciationAndAmortization": "25900000", "incomeBeforeTax": "-32400000", "incomeTaxExpense": "-7300000", "interestAndDebtExpense": "None", "netIncomeFromContinuingOperations": "None", "comprehensiveIncomeNetOfTax": "None", "ebit": "-14300000", "ebitda": "11600000", "netIncome": "-25100000"}, {"fiscalDateEnding": "2012-09-30", "reportedCurrency": "None", "grossProfit": "-24700000", "totalRevenue": "410900000", "costOfRevenue": "435600000", "costofGoodsAndServicesSold": "435600000", "operatingIncome": "-51400000", "sellingGeneralAndAdministrative": "None", "researchAndDevelopment": "None", "operatingExpenses": "56300000", "investmentIncomeNet": "None", "netInterestIncome": "None", "interestIncome": "None", "interestExpense": "25100000", "nonInterestIncome": "None", "otherNonOperatingIncome": "None", "depreciation": "None", "depreciationAndAmortization": "33400000", "incomeBeforeTax": "-106100000", "incomeTaxExpense": "-27800000", "interestAndDebtExpense": "None", "netIncomeFromContinuingOperations": "None", "comprehensiveIncomeNetOfTax": "None", "ebit": "-51400000", "ebitda": "-18000000", "netIncome": "-78300000"}]}