{"symbol": "ALK", "annualReports": [{"fiscalDateEnding": "2025-12-31", "reportedCurrency": "USD", "grossProfit": "8495000000", "totalRevenue": "14239000000", "costOfRevenue": "5744000000", "costofGoodsAndServicesSold": "5744000000", "operatingIncome": "303000000", "sellingGeneralAndAdministrative": "5438000000", "researchAndDevelopment": "None", "operatingExpenses": "8192000000", "investmentIncomeNet": "None", "netInterestIncome": "-141000000", "interestIncome": "141000000", "interestExpense": "243000000", "nonInterestIncome": "None", "otherNonOperatingIncome": "None", "depreciation": "None", "depreciationAndAmortization": "795000000", "incomeBeforeTax": "146000000", "incomeTaxExpense": "46000000", "interestAndDebtExpense": "None", "netIncomeFromContinuingOperations": "100000000", "comprehensiveIncomeNetOfTax": "None", "ebit": "499000000", "ebitda": "1294000000", "netIncome": "100000000"}, {"fiscalDateEnding": "2024-12-31", "reportedCurrency": "USD", "grossProfit": "2861000000", "totalRevenue": "11735000000", "costOfRevenue": "8874000000", "costofGoodsAndServicesSold": "8874000000", "operatingIncome": "570000000", "sellingGeneralAndAdministrative": "349000000", "researchAndDevelopment": "None", "operatingExpenses": "2291000000", "investmentIncomeNet": "None", "netInterestIncome": "-41000000", "interestIncome": "101000000", "interestExpense": "142000000", "nonInterestIncome": "None", "otherNonOperatingIncome": "None", "depreciation": "None", "depreciationAndAmortization": "536000000", "incomeBeforeTax": "545000000", "incomeTaxExpense": "150000000", "interestAndDebtExpense": "None", "netIncomeFromContinuingOperations": "395000000", "comprehensiveIncomeNetOfTax": "None", "ebit": "889000000", "ebitda": "1425000000", "netIncome": "395000000"}, {"fiscalDateEnding": "2023-12-31", "reportedCurrency": "USD", "grossProfit": "2463000000", "totalRevenue": "10426000000", "costOfRevenue": "7963000000", "costofGoodsAndServicesSold": "7963000000", "operatingIncome": "394000000", "sellingGeneralAndAdministrative": "308000000", "researchAndDevelopment": "None", "operatingExpenses": "2069000000", "investmentIncomeNet": "None", "netInterestIncome": "-7000000", "interestIncome": "80000000", "interestExpense": "121000000", "nonInterestIncome": "None", "otherNonOperatingIncome": "None", "depreciation": "None", "depreciationAndAmortization": "426000000", "incomeBeforeTax": "323000000", "incomeTaxExpense": "88000000", "interestAndDebtExpense": "None", "netIncomeFromContinuingOperations": "259000000", "comprehensiveIncomeNetOfTax": "None", "ebit": "818000000", "ebitda": "1244000000", "netIncome": "235000000"}, {"fiscalDateEnding": "2022-12-31", "reportedCurrency": "USD", "grossProfit": "2133000000", "totalRevenue": "9646000000", "costOfRevenue": "7513000000", "costofGoodsAndServicesSold": "7513000000", "operatingIncome": "70000000", "sellingGeneralAndAdministrative": "3192000000", "researchAndDevelopment": "None", "operatingExpenses": "2063000000", "investmentIncomeNet": "None", "netInterestIncome": "-41000000", "interestIncome": "41000000", "interestExpense": "94000000", "nonInterestIncome": "None", "otherNonOperatingIncome": "None", "depreciation": "None", "depreciationAndAmortization": "398000000", "incomeBeforeTax": "79000000", "incomeTaxExpense": "21000000", "interestAndDebtExpense": "None", "netIncomeFromContinuingOperations": "58000000", "comprehensiveIncomeNetOfTax": "None", "ebit": "706000000", "ebitda": "1104000000", "netIncome": "58000000"}, {"fiscalDateEnding": "2021-12-31", "reportedCurrency": "USD", "grossProfit": "817000000", "totalRevenue": "6176000000", "costOfRevenue": "5359000000", "costofGoodsAndServicesSold": "5359000000", "operatingIncome": "685000000", "sellingGeneralAndAdministrative": "2542000000", "researchAndDevelopment": "None", "operatingExpenses": "132000000", "investmentIncomeNet": "None", "netInterestIncome": "-92000000", "interestIncome": "92000000", "interestExpense": "117000000", "nonInterestIncome": "None", "otherNonOperatingIncome": "-30000000", "depreciation": "None", "depreciationAndAmortization": "394000000", "incomeBeforeTax": "629000000", "incomeTaxExpense": "151000000", "interestAndDebtExpense": "None", "netIncomeFromContinuingOperations": "478000000", "comprehensiveIncomeNetOfTax": "None", "ebit": "-257000000", "ebitda": "137000000", "netIncome": "478000000"}, {"fiscalDateEnding": "2020-12-31", "reportedCurrency": "USD", "grossProfit": "-783000000", "totalRevenue": "3566000000", "costOfRevenue": "4349000000", "costofGoodsAndServicesSold": "4349000000", "operatingIncome": "-1775000000", "sellingGeneralAndAdministrative": "101000000", "researchAndDevelopment": "None", "operatingExpenses": "992000000", "investmentIncomeNet": "None", "netInterestIncome": "-56000000", "interestIncome": "31000000", "interestExpense": "87000000", "nonInterestIncome": "None", "otherNonOperatingIncome": "33000000", "depreciation": "None", "depreciationAndAmortization": "420000000", "incomeBeforeTax": "-1840000000", "incomeTaxExpense": "-516000000", "interestAndDebtExpense": "None", "netIncomeFromContinuingOperations": "62000000", "comprehensiveIncomeNetOfTax": "None", "ebit": "-2338000000", "ebitda": "-1918000000", "netIncome": "-1324000000"}, {"fiscalDateEnding": "2019-12-31", "reportedCurrency": "USD", "grossProfit": "2366000000", "totalRevenue": "8781000000", "costOfRevenue": "6415000000", "costofGoodsAndServicesSold": "6415000000", "operatingIncome": "1063000000", "sellingGeneralAndAdministrative": "313000000", "researchAndDevelopment": "None", "operatingExpenses": "1303000000", "investmentIncomeNet": "None", "netInterestIncome": "-21000000", "interestIncome": "42000000", "interestExpense": "63000000", "nonInterestIncome": "None", "otherNonOperatingIncome": "31000000", "depreciation": "None", "depreciationAndAmortization": "423000000", "incomeBeforeTax": "1016000000", "incomeTaxExpense": "247000000", "interestAndDebtExpense": "None", "netIncomeFromContinuingOperations": "60000000", "comprehensiveIncomeNetOfTax": "None", "ebit": "1071000000", "ebitda": "1494000000", "netIncome": "769000000"}, {"fiscalDateEnding": "2018-12-31", "reportedCurrency": "USD", "grossProfit": "2089000000", "totalRevenue": "8264000000", "costOfRevenue": "6175000000", "costofGoodsAndServicesSold": "6175000000", "operatingIncome": "643000000", "sellingGeneralAndAdministrative": "3394000000", "researchAndDevelopment": "0", "operatingExpenses": "1446000000", "investmentIncomeNet": "None", "netInterestIncome": "-35000000", "interestIncome": "38000000", "interestExpense": "73000000", "nonInterestIncome": "None", "otherNonOperatingIncome": "15000000", "depreciation": "None", "depreciationAndAmortization": "398000000", "incomeBeforeTax": "585000000", "incomeTaxExpense": "148000000", "interestAndDebtExpense": "None", "netIncomeFromContinuingOperations": "437000000", "comprehensiveIncomeNetOfTax": "None", "ebit": "793000000", "ebitda": "1191000000", "netIncome": "437000000"}, {"fiscalDateEnding": "2017-12-31", "reportedCurrency": "USD", "grossProfit": "2626000000", "totalRevenue": "7894000000", "costOfRevenue": "5268000000", "costofGoodsAndServicesSold": "5268000000", "operatingIncome": "1208000000", "sellingGeneralAndAdministrative": "3160000000", "researchAndDevelopment": "0", "operatingExpenses": "1418000000", "investmentIncomeNet": "None", "netInterestIncome": "-52000000", "interestIncome": "34000000", "interestExpense": "86000000", "nonInterestIncome": "None", "otherNonOperatingIncome": "33000000", "depreciation": "None", "depreciationAndAmortization": "372000000", "incomeBeforeTax": "1159000000", "incomeTaxExpense": "199000000", "interestAndDebtExpense": "None", "netIncomeFromContinuingOperations": "1034000000", "comprehensiveIncomeNetOfTax": "None", "ebit": "1324000000", "ebitda": "1696000000", "netIncome": "960000000"}, {"fiscalDateEnding": "2016-12-31", "reportedCurrency": "USD", "grossProfit": "2464000000", "totalRevenue": "5931000000", "costOfRevenue": "3461000000", "costofGoodsAndServicesSold": "3461000000", "operatingIncome": "1306000000", "sellingGeneralAndAdministrative": "2346000000", "researchAndDevelopment": "0", "operatingExpenses": "1158000000", "investmentIncomeNet": "None", "netInterestIncome": "-3000000", "interestIncome": "27000000", "interestExpense": "30000000", "nonInterestIncome": "None", "otherNonOperatingIncome": "26000000", "depreciation": "None", "depreciationAndAmortization": "363000000", "incomeBeforeTax": "1316000000", "incomeTaxExpense": "519000000", "interestAndDebtExpense": "None", "netIncomeFromContinuingOperations": "814000000", "comprehensiveIncomeNetOfTax": "None", "ebit": "1410000000", "ebitda": "1773000000", "netIncome": "797000000"}, {"fiscalDateEnding": "2015-12-31", "reportedCurrency": "USD", "grossProfit": "2285000000", "totalRevenue": "5598000000", "costOfRevenue": "3313000000", "costofGoodsAndServicesSold": "3313000000", "operatingIncome": "1298000000", "sellingGeneralAndAdministrative": "2155000000", "researchAndDevelopment": "0", "operatingExpenses": "987000000", "investmentIncomeNet": "None", "netInterestIncome": "None", "interestIncome": "13000000", "interestExpense": "8000000", "nonInterestIncome": "None", "otherNonOperatingIncome": "22000000", "depreciation": "None", "depreciationAndAmortization": "320000000", "incomeBeforeTax": "1312000000", "incomeTaxExpense": "464000000", "interestAndDebtExpense": "None", "netIncomeFromContinuingOperations": "848000000", "comprehensiveIncomeNetOfTax": "None", "ebit": "1330000000", "ebitda": "1650000000", "netIncome": "848000000"}, {"fiscalDateEnding": "2014-12-31", "reportedCurrency": "USD", "grossProfit": "1772000000", "totalRevenue": "5368000000", "costOfRevenue": "3596000000", "costofGoodsAndServicesSold": "3596000000", "operatingIncome": "962000000", "sellingGeneralAndAdministrative": "2013000000", "researchAndDevelopment": "0", "operatingExpenses": "810000000", "investmentIncomeNet": "None", "netInterestIncome": "None", "interestIncome": "None", "interestExpense": "28000000", "nonInterestIncome": "None", "otherNonOperatingIncome": "41000000", "depreciation": "None", "depreciationAndAmortization": "294000000", "incomeBeforeTax": "975000000", "incomeTaxExpense": "370000000", "interestAndDebtExpense": "None", "netIncomeFromContinuingOperations": "605000000", "comprehensiveIncomeNetOfTax": "None", "ebit": "909000000", "ebitda": "1203000000", "netIncome": "605000000"}, {"fiscalDateEnding": "2013-12-31", "reportedCurrency": "USD", "grossProfit": "1424000000", "totalRevenue": "5156000000", "costOfRevenue": "3540000000", "costofGoodsAndServicesSold": "3540000000", "operatingIncome": "838000000", "sellingGeneralAndAdministrative": "1869000000", "researchAndDevelopment": "0", "operatingExpenses": "586000000", "investmentIncomeNet": "None", "netInterestIncome": "None", "interestIncome": "None", "interestExpense": "35000000", "nonInterestIncome": "None", "otherNonOperatingIncome": "13000000", "depreciation": "None", "depreciationAndAmortization": "270000000", "incomeBeforeTax": "816000000", "incomeTaxExpense": "308000000", "interestAndDebtExpense": "None", "netIncomeFromContinuingOperations": "508000000", "comprehensiveIncomeNetOfTax": "None", "ebit": "638000000", "ebitda": "908000000", "netIncome": "508000000"}, {"fiscalDateEnding": "2012-12-31", "reportedCurrency": "USD", "grossProfit": "1308000000", "totalRevenue": "4657000000", "costOfRevenue": "3349000000", "costofGoodsAndServicesSold": "3349000000", "operatingIncome": "570000000", "sellingGeneralAndAdministrative": "1742000000", "researchAndDevelopment": "0", "operatingExpenses": "767000000", "investmentIncomeNet": "None", "netInterestIncome": "None", "interestIncome": "None", "interestExpense": "46000000", "nonInterestIncome": "None", "otherNonOperatingIncome": "28000000", "depreciation": "None", "depreciationAndAmortization": "264000000", "incomeBeforeTax": "514000000", "incomeTaxExpense": "198000000", "interestAndDebtExpense": "None", "netIncomeFromContinuingOperations": "316000000", "comprehensiveIncomeNetOfTax": "None", "ebit": "570000000", "ebitda": "834000000", "netIncome": "316000000"}, {"fiscalDateEnding": "2011-12-31", "reportedCurrency": "USD", "grossProfit": "2168800000", "totalRevenue": "4317800000", "costOfRevenue": "2149000000", "costofGoodsAndServicesSold": "2149000000", "operatingIncome": "448900000", "sellingGeneralAndAdministrative": "1062400000", "researchAndDevelopment": "0", "operatingExpenses": "1719900000", "investmentIncomeNet": "None", "netInterestIncome": "None", "interestIncome": "None", "interestExpense": "87300000", "nonInterestIncome": "None", "otherNonOperatingIncome": "19600000", "depreciation": "None", "depreciationAndAmortization": "246900000", "incomeBeforeTax": "393700000", "incomeTaxExpense": "149200000", "interestAndDebtExpense": "None", "netIncomeFromContinuingOperations": "244500000", "comprehensiveIncomeNetOfTax": "None", "ebit": "483300000", "ebitda": "730200000", "netIncome": "244500000"}, {"fiscalDateEnding": "2010-12-31", "reportedCurrency": "USD", "grossProfit": "2866100000", "totalRevenue": "3832300000", "costOfRevenue": "966200000", "costofGoodsAndServicesSold": "966200000", "operatingIncome": "471600000", "sellingGeneralAndAdministrative": "1066100000", "researchAndDevelopment": "0", "operatingExpenses": "1651100000", "investmentIncomeNet": "None", "netInterestIncome": "None", "interestIncome": "None", "interestExpense": "108300000", "nonInterestIncome": "None", "otherNonOperatingIncome": "36400000", "depreciation": "None", "depreciationAndAmortization": "230500000", "incomeBeforeTax": "405900000", "incomeTaxExpense": "154800000", "interestAndDebtExpense": "None", "netIncomeFromContinuingOperations": "251100000", "comprehensiveIncomeNetOfTax": "None", "ebit": "508000000", "ebitda": "738500000", "netIncome": "251100000"}, {"fiscalDateEnding": "2009-12-31", "reportedCurrency": "USD", "grossProfit": "2686000000", "totalRevenue": "3399800000", "costOfRevenue": "713800000", "costofGoodsAndServicesSold": "713800000", "operatingIncome": "267400000", "sellingGeneralAndAdministrative": "1099900000", "researchAndDevelopment": "None", "operatingExpenses": "1664800000", "investmentIncomeNet": "None", "netInterestIncome": "None", "interestIncome": "None", "interestExpense": "92900000", "nonInterestIncome": "None", "otherNonOperatingIncome": "None", "depreciation": "None", "depreciationAndAmortization": "219200000", "incomeBeforeTax": "202900000", "incomeTaxExpense": "81300000", "interestAndDebtExpense": "None", "netIncomeFromContinuingOperations": "None", "comprehensiveIncomeNetOfTax": "None", "ebit": "295800000", "ebitda": "515000000", "netIncome": "121600000"}, {"fiscalDateEnding": "2008-12-31", "reportedCurrency": "USD", "grossProfit": "1877400000", "totalRevenue": "3662600000", "costOfRevenue": "1785200000", "costofGoodsAndServicesSold": "1785200000", "operatingIncome": "-172200000", "sellingGeneralAndAdministrative": "386800000", "researchAndDevelopment": "None", "operatingExpenses": "3435100000", "investmentIncomeNet": "None", "netInterestIncome": "None", "interestIncome": "None", "interestExpense": "102300000", "nonInterestIncome": "None", "otherNonOperatingIncome": "None", "depreciation": "None", "depreciationAndAmortization": "204600000", "incomeBeforeTax": "-213200000", "incomeTaxExpense": "-77300000", "interestAndDebtExpense": "None", "netIncomeFromContinuingOperations": "None", "comprehensiveIncomeNetOfTax": "None", "ebit": "-134100000", "ebitda": "70500000", "netIncome": "-135900000"}, {"fiscalDateEnding": "2007-12-31", "reportedCurrency": "USD", "grossProfit": "2617600000", "totalRevenue": "3506000000", "costOfRevenue": "888400000", "costofGoodsAndServicesSold": "888400000", "operatingIncome": "212000000", "sellingGeneralAndAdministrative": "978700000", "researchAndDevelopment": "None", "operatingExpenses": "1596800000", "investmentIncomeNet": "None", "netInterestIncome": "None", "interestIncome": "None", "interestExpense": "115800000", "nonInterestIncome": "None", "otherNonOperatingIncome": "None", "depreciation": "None", "depreciationAndAmortization": "177400000", "incomeBeforeTax": "201600000", "incomeTaxExpense": "76600000", "interestAndDebtExpense": "None", "netIncomeFromContinuingOperations": "None", "comprehensiveIncomeNetOfTax": "None", "ebit": "261800000", "ebitda": "439200000", "netIncome": "125000000"}, {"fiscalDateEnding": "2006-12-31", "reportedCurrency": "USD", "grossProfit": "2220500000", "totalRevenue": "3334400000", "costOfRevenue": "1113900000", "costofGoodsAndServicesSold": "1113900000", "operatingIncome": "-87300000", "sellingGeneralAndAdministrative": "973800000", "researchAndDevelopment": "None", "operatingExpenses": "1514600000", "investmentIncomeNet": "None", "netInterestIncome": "None", "interestIncome": "None", "interestExpense": "53300000", "nonInterestIncome": "None", "otherNonOperatingIncome": "None", "depreciation": "None", "depreciationAndAmortization": "157500000", "incomeBeforeTax": "-87800000", "incomeTaxExpense": "-35200000", "interestAndDebtExpense": "None", "netIncomeFromContinuingOperations": "None", "comprehensiveIncomeNetOfTax": "None", "ebit": "-34500000", "ebitda": "123000000", "netIncome": "-52600000"}], "quarterlyReports": [{"fiscalDateEnding": "2025-12-31", "reportedCurrency": "USD", "grossProfit": "3424000000", "totalRevenue": "3632000000", "costOfRevenue": "208000000", "costofGoodsAndServicesSold": "208000000", "operatingIncome": "75000000", "sellingGeneralAndAdministrative": "1414000000", "researchAndDevelopment": "None", "operatingExpenses": "3349000000", "investmentIncomeNet": "None", "netInterestIncome": "-39000000", "interestIncome": "39000000", "interestExpense": "70000000", "nonInterestIncome": "None", "otherNonOperatingIncome": "None", "depreciation": "None", "depreciationAndAmortization": "199000000", "incomeBeforeTax": "30000000", "incomeTaxExpense": "9000000", "interestAndDebtExpense": "None", "netIncomeFromContinuingOperations": "21000000", "comprehensiveIncomeNetOfTax": "None", "ebit": "102000000", "ebitda": "301000000", "netIncome": "21000000"}, {"fiscalDateEnding": "2025-09-30", "reportedCurrency": "USD", "grossProfit": "3615000000", "totalRevenue": "3766000000", "costOfRevenue": "151000000", "costofGoodsAndServicesSold": "151000000", "operatingIncome": "148000000", "sellingGeneralAndAdministrative": "107000000", "researchAndDevelopment": "None", "operatingExpenses": "3467000000", "investmentIncomeNet": "None", "netInterestIncome": "-39000000", "interestIncome": "23000000", "interestExpense": "62000000", "nonInterestIncome": "None", "otherNonOperatingIncome": "None", "depreciation": "None", "depreciationAndAmortization": "203000000", "incomeBeforeTax": "111000000", "incomeTaxExpense": "38000000", "interestAndDebtExpense": "None", "netIncomeFromContinuingOperations": "73000000", "comprehensiveIncomeNetOfTax": "None", "ebit": "173000000", "ebitda": "376000000", "netIncome": "73000000"}, {"fiscalDateEnding": "2025-06-30", "reportedCurrency": "USD", "grossProfit": "946000000", "totalRevenue": "3704000000", "costOfRevenue": "2758000000", "costofGoodsAndServicesSold": "2758000000", "operatingIncome": "277000000", "sellingGeneralAndAdministrative": "1331000000", "researchAndDevelopment": "None", "operatingExpenses": "669000000", "investmentIncomeNet": "None", "netInterestIncome": "-35000000", "interestIncome": "35000000", "interestExpense": "57000000", "nonInterestIncome": "None", "otherNonOperatingIncome": "None", "depreciation": "None", "depreciationAndAmortization": "199000000", "incomeBeforeTax": "238000000", "incomeTaxExpense": "66000000", "interestAndDebtExpense": "None", "netIncomeFromContinuingOperations": "172000000", "comprehensiveIncomeNetOfTax": "None", "ebit": "334000000", "ebitda": "533000000", "netIncome": "172000000"}, {"fiscalDateEnding": "2025-03-31", "reportedCurrency": "USD", "grossProfit": "510000000", "totalRevenue": "3137000000", "costOfRevenue": "2627000000", "costofGoodsAndServicesSold": "2627000000", "operatingIncome": "-197000000", "sellingGeneralAndAdministrative": "100000000", "researchAndDevelopment": "None", "operatingExpenses": "707000000", "investmentIncomeNet": "None", "netInterestIncome": "-28000000", "interestIncome": "26000000", "interestExpense": "54000000", "nonInterestIncome": "None", "otherNonOperatingIncome": "None", "depreciation": "None", "depreciationAndAmortization": "194000000", "incomeBeforeTax": "-233000000", "incomeTaxExpense": "-67000000", "interestAndDebtExpense": "None", "netIncomeFromContinuingOperations": "-166000000", "comprehensiveIncomeNetOfTax": "None", "ebit": "-110000000", "ebitda": "84000000", "netIncome": "-166000000"}, {"fiscalDateEnding": "2024-12-31", "reportedCurrency": "USD", "grossProfit": "771000000", "totalRevenue": "3534000000", "costOfRevenue": "2763000000", "costofGoodsAndServicesSold": "2763000000", "operatingIncome": "73000000", "sellingGeneralAndAdministrative": "106000000", "researchAndDevelopment": "None", "operatingExpenses": "698000000", "investmentIncomeNet": "None", "netInterestIncome": "-14000000", "interestIncome": "32000000", "interestExpense": "46000000", "nonInterestIncome": "None", "otherNonOperatingIncome": "None", "depreciation": "None", "depreciationAndAmortization": "143000000", "incomeBeforeTax": "79000000", "incomeTaxExpense": "8000000", "interestAndDebtExpense": "None", "netIncomeFromContinuingOperations": "71000000", "comprehensiveIncomeNetOfTax": "None", "ebit": "160000000", "ebitda": "303000000", "netIncome": "71000000"}, {"fiscalDateEnding": "2024-09-30", "reportedCurrency": "USD", "grossProfit": "878000000", "totalRevenue": "3072000000", "costOfRevenue": "2194000000", "costofGoodsAndServicesSold": "2194000000", "operatingIncome": "341000000", "sellingGeneralAndAdministrative": "82000000", "researchAndDevelopment": "None", "operatingExpenses": "537000000", "investmentIncomeNet": "None", "netInterestIncome": "-9000000", "interestIncome": "28000000", "interestExpense": "37000000", "nonInterestIncome": "None", "otherNonOperatingIncome": "None", "depreciation": "None", "depreciationAndAmortization": "139000000", "incomeBeforeTax": "328000000", "incomeTaxExpense": "92000000", "interestAndDebtExpense": "None", "netIncomeFromContinuingOperations": "236000000", "comprehensiveIncomeNetOfTax": "None", "ebit": "411000000", "ebitda": "550000000", "netIncome": "236000000"}, {"fiscalDateEnding": "2024-06-30", "reportedCurrency": "USD", "grossProfit": "906000000", "totalRevenue": "2897000000", "costOfRevenue": "1991000000", "costofGoodsAndServicesSold": "1991000000", "operatingIncome": "322000000", "sellingGeneralAndAdministrative": "84000000", "researchAndDevelopment": "None", "operatingExpenses": "584000000", "investmentIncomeNet": "None", "netInterestIncome": "-6000000", "interestIncome": "24000000", "interestExpense": "30000000", "nonInterestIncome": "None", "otherNonOperatingIncome": "None", "depreciation": "None", "depreciationAndAmortization": "128000000", "incomeBeforeTax": "316000000", "incomeTaxExpense": "96000000", "interestAndDebtExpense": "None", "netIncomeFromContinuingOperations": "220000000", "comprehensiveIncomeNetOfTax": "None", "ebit": "464000000", "ebitda": "592000000", "netIncome": "220000000"}, {"fiscalDateEnding": "2024-03-31", "reportedCurrency": "USD", "grossProfit": "307000000", "totalRevenue": "2232000000", "costOfRevenue": "1925000000", "costofGoodsAndServicesSold": "1925000000", "operatingIncome": "-166000000", "sellingGeneralAndAdministrative": "77000000", "researchAndDevelopment": "None", "operatingExpenses": "473000000", "investmentIncomeNet": "None", "netInterestIncome": "-12000000", "interestIncome": "17000000", "interestExpense": "29000000", "nonInterestIncome": "None", "otherNonOperatingIncome": "None", "depreciation": "None", "depreciationAndAmortization": "126000000", "incomeBeforeTax": "-178000000", "incomeTaxExpense": "-46000000", "interestAndDebtExpense": "None", "netIncomeFromContinuingOperations": "-132000000", "comprehensiveIncomeNetOfTax": "None", "ebit": "-145000000", "ebitda": "-19000000", "netIncome": "-132000000"}, {"fiscalDateEnding": "2023-12-31", "reportedCurrency": "USD", "grossProfit": "482000000", "totalRevenue": "2553000000", "costOfRevenue": "2071000000", "costofGoodsAndServicesSold": "2071000000", "operatingIncome": "32000000", "sellingGeneralAndAdministrative": "None", "researchAndDevelopment": "None", "operatingExpenses": "450000000", "investmentIncomeNet": "None", "netInterestIncome": "None", "interestIncome": "None", "interestExpense": "31000000", "nonInterestIncome": "None", "otherNonOperatingIncome": "None", "depreciation": "None", "depreciationAndAmortization": "96000000", "incomeBeforeTax": "4000000", "incomeTaxExpense": "6000000", "interestAndDebtExpense": "None", "netIncomeFromContinuingOperations": "None", "comprehensiveIncomeNetOfTax": "None", "ebit": "64000000", "ebitda": "160000000", "netIncome": "-2000000"}, {"fiscalDateEnding": "2023-09-30", "reportedCurrency": "USD", "grossProfit": "751000000", "totalRevenue": "2839000000", "costOfRevenue": "2088000000", "costofGoodsAndServicesSold": "2088000000", "operatingIncome": "211000000", "sellingGeneralAndAdministrative": "911000000", "researchAndDevelopment": "None", "operatingExpenses": "540000000", "investmentIncomeNet": "None", "netInterestIncome": "-4000000", "interestIncome": "4000000", "interestExpense": "27000000", "nonInterestIncome": "None", "otherNonOperatingIncome": "None", "depreciation": "None", "depreciationAndAmortization": "113000000", "incomeBeforeTax": "193000000", "incomeTaxExpense": "54000000", "interestAndDebtExpense": "None", "netIncomeFromContinuingOperations": "139000000", "comprehensiveIncomeNetOfTax": "None", "ebit": "332000000", "ebitda": "445000000", "netIncome": "139000000"}, {"fiscalDateEnding": "2023-06-30", "reportedCurrency": "USD", "grossProfit": "940000000", "totalRevenue": "2838000000", "costOfRevenue": "1898000000", "costofGoodsAndServicesSold": "1898000000", "operatingIncome": "337000000", "sellingGeneralAndAdministrative": "81000000", "researchAndDevelopment": "None", "operatingExpenses": "603000000", "investmentIncomeNet": "None", "netInterestIncome": "1000000", "interestIncome": "22000000", "interestExpense": "21000000", "nonInterestIncome": "None", "otherNonOperatingIncome": "9000000", "depreciation": "None", "depreciationAndAmortization": "113000000", "incomeBeforeTax": "325000000", "incomeTaxExpense": "85000000", "interestAndDebtExpense": "None", "netIncomeFromContinuingOperations": "240000000", "comprehensiveIncomeNetOfTax": "None", "ebit": "520000000", "ebitda": "633000000", "netIncome": "240000000"}, {"fiscalDateEnding": "2023-03-31", "reportedCurrency": "USD", "grossProfit": "281000000", "totalRevenue": "2196000000", "costOfRevenue": "1915000000", "costofGoodsAndServicesSold": "1915000000", "operatingIncome": "-186000000", "sellingGeneralAndAdministrative": "836000000", "researchAndDevelopment": "None", "operatingExpenses": "467000000", "investmentIncomeNet": "None", "netInterestIncome": "-4000000", "interestIncome": "4000000", "interestExpense": "21000000", "nonInterestIncome": "None", "otherNonOperatingIncome": "8000000", "depreciation": "None", "depreciationAndAmortization": "104000000", "incomeBeforeTax": "-199000000", "incomeTaxExpense": "-57000000", "interestAndDebtExpense": "None", "netIncomeFromContinuingOperations": "-142000000", "comprehensiveIncomeNetOfTax": "None", "ebit": "-107000000", "ebitda": "-3000000", "netIncome": "-142000000"}, {"fiscalDateEnding": "2022-12-31", "reportedCurrency": "USD", "grossProfit": "567000000", "totalRevenue": "2479000000", "costOfRevenue": "1912000000", "costofGoodsAndServicesSold": "1912000000", "operatingIncome": "23000000", "sellingGeneralAndAdministrative": "903000000", "researchAndDevelopment": "None", "operatingExpenses": "544000000", "investmentIncomeNet": "None", "netInterestIncome": "0", "interestIncome": "18000000", "interestExpense": "18000000", "nonInterestIncome": "None", "otherNonOperatingIncome": "None", "depreciation": "None", "depreciationAndAmortization": "105000000", "incomeBeforeTax": "35000000", "incomeTaxExpense": "13000000", "interestAndDebtExpense": "None", "netIncomeFromContinuingOperations": "22000000", "comprehensiveIncomeNetOfTax": "None", "ebit": "135000000", "ebitda": "240000000", "netIncome": "22000000"}, {"fiscalDateEnding": "2022-09-30", "reportedCurrency": "USD", "grossProfit": "882000000", "totalRevenue": "2828000000", "costOfRevenue": "1946000000", "costofGoodsAndServicesSold": "1946000000", "operatingIncome": "62000000", "sellingGeneralAndAdministrative": "816000000", "researchAndDevelopment": "None", "operatingExpenses": "820000000", "investmentIncomeNet": "None", "netInterestIncome": "-11000000", "interestIncome": "11000000", "interestExpense": "28000000", "nonInterestIncome": "None", "otherNonOperatingIncome": "31000000", "depreciation": "None", "depreciationAndAmortization": "104000000", "incomeBeforeTax": "65000000", "incomeTaxExpense": "25000000", "interestAndDebtExpense": "None", "netIncomeFromContinuingOperations": "40000000", "comprehensiveIncomeNetOfTax": "None", "ebit": "480000000", "ebitda": "584000000", "netIncome": "40000000"}, {"fiscalDateEnding": "2022-06-30", "reportedCurrency": "USD", "grossProfit": "782000000", "totalRevenue": "2658000000", "costOfRevenue": "1876000000", "costofGoodsAndServicesSold": "1876000000", "operatingIncome": "187000000", "sellingGeneralAndAdministrative": "78000000", "researchAndDevelopment": "None", "operatingExpenses": "595000000", "investmentIncomeNet": "None", "netInterestIncome": "-12000000", "interestIncome": "11000000", "interestExpense": "23000000", "nonInterestIncome": "None", "otherNonOperatingIncome": "21000000", "depreciation": "None", "depreciationAndAmortization": "104000000", "incomeBeforeTax": "185000000", "incomeTaxExpense": "46000000", "interestAndDebtExpense": "None", "netIncomeFromContinuingOperations": "139000000", "comprehensiveIncomeNetOfTax": "None", "ebit": "387000000", "ebitda": "491000000", "netIncome": "139000000"}, {"fiscalDateEnding": "2022-03-31", "reportedCurrency": "USD", "grossProfit": "126000000", "totalRevenue": "1681000000", "costOfRevenue": "1555000000", "costofGoodsAndServicesSold": "1555000000", "operatingIncome": "-202000000", "sellingGeneralAndAdministrative": "58000000", "researchAndDevelopment": "None", "operatingExpenses": "328000000", "investmentIncomeNet": "None", "netInterestIncome": "-18000000", "interestIncome": "7000000", "interestExpense": "25000000", "nonInterestIncome": "None", "otherNonOperatingIncome": "21000000", "depreciation": "None", "depreciationAndAmortization": "102000000", "incomeBeforeTax": "-206000000", "incomeTaxExpense": "-63000000", "interestAndDebtExpense": "None", "netIncomeFromContinuingOperations": "-143000000", "comprehensiveIncomeNetOfTax": "None", "ebit": "-220000000", "ebitda": "-118000000", "netIncome": "-143000000"}, {"fiscalDateEnding": "2021-12-31", "reportedCurrency": "USD", "grossProfit": "411000000", "totalRevenue": "1899000000", "costOfRevenue": "1488000000", "costofGoodsAndServicesSold": "1488000000", "operatingIncome": "39000000", "sellingGeneralAndAdministrative": "729000000", "researchAndDevelopment": "None", "operatingExpenses": "372000000", "investmentIncomeNet": "None", "netInterestIncome": "-19000000", "interestIncome": "19000000", "interestExpense": "25000000", "nonInterestIncome": "None", "otherNonOperatingIncome": "-76000000", "depreciation": "None", "depreciationAndAmortization": "100000000", "incomeBeforeTax": "29000000", "incomeTaxExpense": "11000000", "interestAndDebtExpense": "None", "netIncomeFromContinuingOperations": "18000000", "comprehensiveIncomeNetOfTax": "None", "ebit": "64000000", "ebitda": "164000000", "netIncome": "18000000"}, {"fiscalDateEnding": "2021-09-30", "reportedCurrency": "USD", "grossProfit": "562000000", "totalRevenue": "1953000000", "costOfRevenue": "1391000000", "costofGoodsAndServicesSold": "1391000000", "operatingIncome": "258000000", "sellingGeneralAndAdministrative": "49000000", "researchAndDevelopment": "None", "operatingExpenses": "304000000", "investmentIncomeNet": "None", "netInterestIncome": "-21000000", "interestIncome": "6000000", "interestExpense": "27000000", "nonInterestIncome": "None", "otherNonOperatingIncome": "14000000", "depreciation": "None", "depreciationAndAmortization": "99000000", "incomeBeforeTax": "245000000", "incomeTaxExpense": "51000000", "interestAndDebtExpense": "None", "netIncomeFromContinuingOperations": "194000000", "comprehensiveIncomeNetOfTax": "None", "ebit": "257000000", "ebitda": "356000000", "netIncome": "194000000"}, {"fiscalDateEnding": "2021-06-30", "reportedCurrency": "USD", "grossProfit": "262000000", "totalRevenue": "1527000000", "costOfRevenue": "1265000000", "costofGoodsAndServicesSold": "1265000000", "operatingIncome": "549000000", "sellingGeneralAndAdministrative": "41000000", "researchAndDevelopment": "None", "operatingExpenses": "-287000000", "investmentIncomeNet": "None", "netInterestIncome": "-30000000", "interestIncome": "6000000", "interestExpense": "36000000", "nonInterestIncome": "None", "otherNonOperatingIncome": "15000000", "depreciation": "None", "depreciationAndAmortization": "98000000", "incomeBeforeTax": "528000000", "incomeTaxExpense": "131000000", "interestAndDebtExpense": "None", "netIncomeFromContinuingOperations": "397000000", "comprehensiveIncomeNetOfTax": "None", "ebit": "-20000000", "ebitda": "78000000", "netIncome": "397000000"}, {"fiscalDateEnding": "2021-03-31", "reportedCurrency": "USD", "grossProfit": "-296000000", "totalRevenue": "797000000", "costOfRevenue": "1093000000", "costofGoodsAndServicesSold": "1093000000", "operatingIncome": "-161000000", "sellingGeneralAndAdministrative": "715000000", "researchAndDevelopment": "None", "operatingExpenses": "-135000000", "investmentIncomeNet": "None", "netInterestIncome": "-22000000", "interestIncome": "7000000", "interestExpense": "29000000", "nonInterestIncome": "None", "otherNonOperatingIncome": "17000000", "depreciation": "None", "depreciationAndAmortization": "97000000", "incomeBeforeTax": "-173000000", "incomeTaxExpense": "-42000000", "interestAndDebtExpense": "None", "netIncomeFromContinuingOperations": "-131000000", "comprehensiveIncomeNetOfTax": "None", "ebit": "-557000000", "ebitda": "-460000000", "netIncome": "-131000000"}, {"fiscalDateEnding": "2020-12-31", "reportedCurrency": "USD", "grossProfit": "-213000000", "totalRevenue": "808000000", "costOfRevenue": "1021000000", "costofGoodsAndServicesSold": "1021000000", "operatingIncome": "-595000000", "sellingGeneralAndAdministrative": "18000000", "researchAndDevelopment": "None", "operatingExpenses": "382000000", "investmentIncomeNet": "None", "netInterestIncome": "-23000000", "interestIncome": "8000000", "interestExpense": "31000000", "nonInterestIncome": "None", "otherNonOperatingIncome": "-6000000", "depreciation": "None", "depreciationAndAmortization": "100000000", "incomeBeforeTax": "-643000000", "incomeTaxExpense": "-196000000", "interestAndDebtExpense": "None", "netIncomeFromContinuingOperations": "939000000", "comprehensiveIncomeNetOfTax": "None", "ebit": "-449000000", "ebitda": "-349000000", "netIncome": "-447000000"}, {"fiscalDateEnding": "2020-09-30", "reportedCurrency": "USD", "grossProfit": "-284000000", "totalRevenue": "701000000", "costOfRevenue": "985000000", "costofGoodsAndServicesSold": "985000000", "operatingIncome": "-571000000", "sellingGeneralAndAdministrative": "686000000", "researchAndDevelopment": "None", "operatingExpenses": "287000000", "investmentIncomeNet": "None", "netInterestIncome": "-23000000", "interestIncome": "23000000", "interestExpense": "30000000", "nonInterestIncome": "None", "otherNonOperatingIncome": "12000000", "depreciation": "None", "depreciationAndAmortization": "105000000", "incomeBeforeTax": "-589000000", "incomeTaxExpense": "-158000000", "interestAndDebtExpense": "None", "netIncomeFromContinuingOperations": "-431000000", "comprehensiveIncomeNetOfTax": "None", "ebit": "-527000000", "ebitda": "-422000000", "netIncome": "-431000000"}, {"fiscalDateEnding": "2020-06-30", "reportedCurrency": "USD", "grossProfit": "-380000000", "totalRevenue": "421000000", "costOfRevenue": "801000000", "costofGoodsAndServicesSold": "801000000", "operatingIncome": "-288000000", "sellingGeneralAndAdministrative": "600000000", "researchAndDevelopment": "None", "operatingExpenses": "-92000000", "investmentIncomeNet": "None", "netInterestIncome": "-9000000", "interestIncome": "7000000", "interestExpense": "16000000", "nonInterestIncome": "None", "otherNonOperatingIncome": "13000000", "depreciation": "None", "depreciationAndAmortization": "107000000", "incomeBeforeTax": "-291000000", "incomeTaxExpense": "-77000000", "interestAndDebtExpense": "None", "netIncomeFromContinuingOperations": "-214000000", "comprehensiveIncomeNetOfTax": "None", "ebit": "-594000000", "ebitda": "-487000000", "netIncome": "-214000000"}, {"fiscalDateEnding": "2020-03-31", "reportedCurrency": "USD", "grossProfit": "182000000", "totalRevenue": "1636000000", "costOfRevenue": "1454000000", "costofGoodsAndServicesSold": "1454000000", "operatingIncome": "-321000000", "sellingGeneralAndAdministrative": "674000000", "researchAndDevelopment": "None", "operatingExpenses": "503000000", "investmentIncomeNet": "None", "netInterestIncome": "-1000000", "interestIncome": "1000000", "interestExpense": "10000000", "nonInterestIncome": "None", "otherNonOperatingIncome": "None", "depreciation": "None", "depreciationAndAmortization": "108000000", "incomeBeforeTax": "-317000000", "incomeTaxExpense": "-85000000", "interestAndDebtExpense": "None", "netIncomeFromContinuingOperations": "-232000000", "comprehensiveIncomeNetOfTax": "None", "ebit": "-156000000", "ebitda": "-48000000", "netIncome": "-232000000"}, {"fiscalDateEnding": "2019-12-31", "reportedCurrency": "USD", "grossProfit": "607000000", "totalRevenue": "2228000000", "costOfRevenue": "1621000000", "costofGoodsAndServicesSold": "1621000000", "operatingIncome": "252000000", "sellingGeneralAndAdministrative": "77000000", "researchAndDevelopment": "None", "operatingExpenses": "355000000", "investmentIncomeNet": "None", "netInterestIncome": "-3000000", "interestIncome": "11000000", "interestExpense": "14000000", "nonInterestIncome": "None", "otherNonOperatingIncome": "20000000", "depreciation": "None", "depreciationAndAmortization": "106000000", "incomeBeforeTax": "243000000", "incomeTaxExpense": "62000000", "interestAndDebtExpense": "None", "netIncomeFromContinuingOperations": "-528000000", "comprehensiveIncomeNetOfTax": "None", "ebit": "244000000", "ebitda": "350000000", "netIncome": "181000000"}, {"fiscalDateEnding": "2019-09-30", "reportedCurrency": "USD", "grossProfit": "773000000", "totalRevenue": "2389000000", "costOfRevenue": "1616000000", "costofGoodsAndServicesSold": "1616000000", "operatingIncome": "422000000", "sellingGeneralAndAdministrative": "940000000", "researchAndDevelopment": "None", "operatingExpenses": "351000000", "investmentIncomeNet": "None", "netInterestIncome": "-3000000", "interestIncome": "11000000", "interestExpense": "14000000", "nonInterestIncome": "None", "otherNonOperatingIncome": "8000000", "depreciation": "None", "depreciationAndAmortization": "106000000", "incomeBeforeTax": "416000000", "incomeTaxExpense": "94000000", "interestAndDebtExpense": "None", "netIncomeFromContinuingOperations": "322000000", "comprehensiveIncomeNetOfTax": "None", "ebit": "420000000", "ebitda": "526000000", "netIncome": "322000000"}, {"fiscalDateEnding": "2019-06-30", "reportedCurrency": "USD", "grossProfit": "723000000", "totalRevenue": "2288000000", "costOfRevenue": "1565000000", "costofGoodsAndServicesSold": "1565000000", "operatingIncome": "364000000", "sellingGeneralAndAdministrative": "904000000", "researchAndDevelopment": "None", "operatingExpenses": "359000000", "investmentIncomeNet": "None", "netInterestIncome": "-6000000", "interestIncome": "11000000", "interestExpense": "17000000", "nonInterestIncome": "None", "otherNonOperatingIncome": "4000000", "depreciation": "None", "depreciationAndAmortization": "105000000", "incomeBeforeTax": "351000000", "incomeTaxExpense": "89000000", "interestAndDebtExpense": "None", "netIncomeFromContinuingOperations": "262000000", "comprehensiveIncomeNetOfTax": "None", "ebit": "364000000", "ebitda": "469000000", "netIncome": "262000000"}, {"fiscalDateEnding": "2019-03-31", "reportedCurrency": "USD", "grossProfit": "384000000", "totalRevenue": "1876000000", "costOfRevenue": "1492000000", "costofGoodsAndServicesSold": "1492000000", "operatingIncome": "25000000", "sellingGeneralAndAdministrative": "874000000", "researchAndDevelopment": "None", "operatingExpenses": "359000000", "investmentIncomeNet": "None", "netInterestIncome": "-9000000", "interestIncome": "9000000", "interestExpense": "18000000", "nonInterestIncome": "None", "otherNonOperatingIncome": "-1000000", "depreciation": "None", "depreciationAndAmortization": "106000000", "incomeBeforeTax": "6000000", "incomeTaxExpense": "2000000", "interestAndDebtExpense": "None", "netIncomeFromContinuingOperations": "4000000", "comprehensiveIncomeNetOfTax": "None", "ebit": "39000000", "ebitda": "145000000", "netIncome": "4000000"}, {"fiscalDateEnding": "2018-12-31", "reportedCurrency": "USD", "grossProfit": "499000000", "totalRevenue": "2064000000", "costOfRevenue": "1565000000", "costofGoodsAndServicesSold": "1565000000", "operatingIncome": "46000000", "sellingGeneralAndAdministrative": "766000000", "researchAndDevelopment": "0", "operatingExpenses": "453000000", "investmentIncomeNet": "None", "netInterestIncome": "None", "interestIncome": "None", "interestExpense": "16000000", "nonInterestIncome": "None", "otherNonOperatingIncome": "6000000", "depreciation": "None", "depreciationAndAmortization": "108000000", "incomeBeforeTax": "36000000", "incomeTaxExpense": "13000000", "interestAndDebtExpense": "None", "netIncomeFromContinuingOperations": "23000000", "comprehensiveIncomeNetOfTax": "None", "ebit": "137000000", "ebitda": "245000000", "netIncome": "23000000"}, {"fiscalDateEnding": "2018-09-30", "reportedCurrency": "USD", "grossProfit": "672000000", "totalRevenue": "2212000000", "costOfRevenue": "1540000000", "costofGoodsAndServicesSold": "1540000000", "operatingIncome": "297000000", "sellingGeneralAndAdministrative": "866000000", "researchAndDevelopment": "0", "operatingExpenses": "375000000", "investmentIncomeNet": "None", "netInterestIncome": "None", "interestIncome": "None", "interestExpense": "17000000", "nonInterestIncome": "None", "otherNonOperatingIncome": "4000000", "depreciation": "None", "depreciationAndAmortization": "99000000", "incomeBeforeTax": "284000000", "incomeTaxExpense": "67000000", "interestAndDebtExpense": "None", "netIncomeFromContinuingOperations": "217000000", "comprehensiveIncomeNetOfTax": "None", "ebit": "323000000", "ebitda": "422000000", "netIncome": "217000000"}, {"fiscalDateEnding": "2018-06-30", "reportedCurrency": "USD", "grossProfit": "643000000", "totalRevenue": "2156000000", "costOfRevenue": "1513000000", "costofGoodsAndServicesSold": "1513000000", "operatingIncome": "271000000", "sellingGeneralAndAdministrative": "887000000", "researchAndDevelopment": "0", "operatingExpenses": "372000000", "investmentIncomeNet": "None", "netInterestIncome": "None", "interestIncome": "None", "interestExpense": "21000000", "nonInterestIncome": "None", "otherNonOperatingIncome": "9000000", "depreciation": "None", "depreciationAndAmortization": "97000000", "incomeBeforeTax": "259000000", "incomeTaxExpense": "66000000", "interestAndDebtExpense": "None", "netIncomeFromContinuingOperations": "193000000", "comprehensiveIncomeNetOfTax": "None", "ebit": "287000000", "ebitda": "384000000", "netIncome": "193000000"}, {"fiscalDateEnding": "2018-03-31", "reportedCurrency": "USD", "grossProfit": "388000000", "totalRevenue": "1832000000", "costOfRevenue": "1444000000", "costofGoodsAndServicesSold": "1444000000", "operatingIncome": "29000000", "sellingGeneralAndAdministrative": "875000000", "researchAndDevelopment": "0", "operatingExpenses": "359000000", "investmentIncomeNet": "None", "netInterestIncome": "None", "interestIncome": "None", "interestExpense": "19000000", "nonInterestIncome": "None", "otherNonOperatingIncome": "-4000000", "depreciation": "None", "depreciationAndAmortization": "94000000", "incomeBeforeTax": "6000000", "incomeTaxExpense": "2000000", "interestAndDebtExpense": "None", "netIncomeFromContinuingOperations": "4000000", "comprehensiveIncomeNetOfTax": "None", "ebit": "46000000", "ebitda": "140000000", "netIncome": "4000000"}, {"fiscalDateEnding": "2017-12-31", "reportedCurrency": "USD", "grossProfit": "510000000", "totalRevenue": "1942000000", "costOfRevenue": "1432000000", "costofGoodsAndServicesSold": "1432000000", "operatingIncome": "137000000", "sellingGeneralAndAdministrative": "743000000", "researchAndDevelopment": "0", "operatingExpenses": "373000000", "investmentIncomeNet": "None", "netInterestIncome": "None", "interestIncome": "None", "interestExpense": "22000000", "nonInterestIncome": "None", "otherNonOperatingIncome": "9000000", "depreciation": "None", "depreciationAndAmortization": "97000000", "incomeBeforeTax": "126000000", "incomeTaxExpense": "189000000", "interestAndDebtExpense": "None", "netIncomeFromContinuingOperations": "373000000", "comprehensiveIncomeNetOfTax": "None", "ebit": "153000000", "ebitda": "250000000", "netIncome": "315000000"}, {"fiscalDateEnding": "2017-09-30", "reportedCurrency": "USD", "grossProfit": "807000000", "totalRevenue": "2120000000", "costOfRevenue": "1303000000", "costofGoodsAndServicesSold": "1303000000", "operatingIncome": "427000000", "sellingGeneralAndAdministrative": "832000000", "researchAndDevelopment": "0", "operatingExpenses": "380000000", "investmentIncomeNet": "None", "netInterestIncome": "None", "interestIncome": "None", "interestExpense": "21000000", "nonInterestIncome": "None", "otherNonOperatingIncome": "9000000", "depreciation": "None", "depreciationAndAmortization": "95000000", "incomeBeforeTax": "417000000", "incomeTaxExpense": "158000000", "interestAndDebtExpense": "None", "netIncomeFromContinuingOperations": "266000000", "comprehensiveIncomeNetOfTax": "None", "ebit": "445000000", "ebitda": "540000000", "netIncome": "259000000"}, {"fiscalDateEnding": "2017-06-30", "reportedCurrency": "USD", "grossProfit": "871000000", "totalRevenue": "2102000000", "costOfRevenue": "1231000000", "costofGoodsAndServicesSold": "1231000000", "operatingIncome": "487000000", "sellingGeneralAndAdministrative": "810000000", "researchAndDevelopment": "0", "operatingExpenses": "384000000", "investmentIncomeNet": "None", "netInterestIncome": "None", "interestIncome": "None", "interestExpense": "22000000", "nonInterestIncome": "None", "otherNonOperatingIncome": "8000000", "depreciation": "None", "depreciationAndAmortization": "90000000", "incomeBeforeTax": "474000000", "incomeTaxExpense": "181000000", "interestAndDebtExpense": "None", "netIncomeFromContinuingOperations": "296000000", "comprehensiveIncomeNetOfTax": "None", "ebit": "513000000", "ebitda": "603000000", "netIncome": "293000000"}, {"fiscalDateEnding": "2017-03-31", "reportedCurrency": "USD", "grossProfit": "536000000", "totalRevenue": "1749000000", "costOfRevenue": "1204000000", "costofGoodsAndServicesSold": "1204000000", "operatingIncome": "157000000", "sellingGeneralAndAdministrative": "775000000", "researchAndDevelopment": "0", "operatingExpenses": "379000000", "investmentIncomeNet": "None", "netInterestIncome": "None", "interestIncome": "None", "interestExpense": "21000000", "nonInterestIncome": "None", "otherNonOperatingIncome": "7000000", "depreciation": "None", "depreciationAndAmortization": "90000000", "incomeBeforeTax": "142000000", "incomeTaxExpense": "49000000", "interestAndDebtExpense": "None", "netIncomeFromContinuingOperations": "99000000", "comprehensiveIncomeNetOfTax": "None", "ebit": "206000000", "ebitda": "296000000", "netIncome": "93000000"}, {"fiscalDateEnding": "2016-12-31", "reportedCurrency": "USD", "grossProfit": "581000000", "totalRevenue": "1524000000", "costOfRevenue": "943000000", "costofGoodsAndServicesSold": "943000000", "operatingIncome": "241000000", "sellingGeneralAndAdministrative": "631000000", "researchAndDevelopment": "0", "operatingExpenses": "340000000", "investmentIncomeNet": "None", "netInterestIncome": "None", "interestIncome": "None", "interestExpense": "18000000", "nonInterestIncome": "None", "otherNonOperatingIncome": "8000000", "depreciation": "None", "depreciationAndAmortization": "82000000", "incomeBeforeTax": "231000000", "incomeTaxExpense": "117000000", "interestAndDebtExpense": "None", "netIncomeFromContinuingOperations": "114000000", "comprehensiveIncomeNetOfTax": "None", "ebit": "318000000", "ebitda": "400000000", "netIncome": "114000000"}, {"fiscalDateEnding": "2016-09-30", "reportedCurrency": "USD", "grossProfit": "694000000", "totalRevenue": "1566000000", "costOfRevenue": "872000000", "costofGoodsAndServicesSold": "872000000", "operatingIncome": "400000000", "sellingGeneralAndAdministrative": "584000000", "researchAndDevelopment": "0", "operatingExpenses": "294000000", "investmentIncomeNet": "None", "netInterestIncome": "None", "interestIncome": "None", "interestExpense": "5000000", "nonInterestIncome": "None", "otherNonOperatingIncome": "7000000", "depreciation": "None", "depreciationAndAmortization": "101000000", "incomeBeforeTax": "402000000", "incomeTaxExpense": "146000000", "interestAndDebtExpense": "None", "netIncomeFromContinuingOperations": "256000000", "comprehensiveIncomeNetOfTax": "None", "ebit": "425000000", "ebitda": "526000000", "netIncome": "256000000"}, {"fiscalDateEnding": "2016-06-30", "reportedCurrency": "USD", "grossProfit": "669000000", "totalRevenue": "1494000000", "costOfRevenue": "825000000", "costofGoodsAndServicesSold": "825000000", "operatingIncome": "418000000", "sellingGeneralAndAdministrative": "560000000", "researchAndDevelopment": "0", "operatingExpenses": "251000000", "investmentIncomeNet": "None", "netInterestIncome": "None", "interestIncome": "None", "interestExpense": "2000000", "nonInterestIncome": "None", "otherNonOperatingIncome": "4000000", "depreciation": "None", "depreciationAndAmortization": "92000000", "incomeBeforeTax": "420000000", "incomeTaxExpense": "160000000", "interestAndDebtExpense": "None", "netIncomeFromContinuingOperations": "260000000", "comprehensiveIncomeNetOfTax": "None", "ebit": "422000000", "ebitda": "514000000", "netIncome": "260000000"}, {"fiscalDateEnding": "2016-03-31", "reportedCurrency": "USD", "grossProfit": "538000000", "totalRevenue": "1347000000", "costOfRevenue": "809000000", "costofGoodsAndServicesSold": "809000000", "operatingIncome": "290000000", "sellingGeneralAndAdministrative": "571000000", "researchAndDevelopment": "0", "operatingExpenses": "248000000", "investmentIncomeNet": "None", "netInterestIncome": "None", "interestIncome": "None", "interestExpense": "5000000", "nonInterestIncome": "None", "otherNonOperatingIncome": "7000000", "depreciation": "None", "depreciationAndAmortization": "88000000", "incomeBeforeTax": "292000000", "incomeTaxExpense": "108000000", "interestAndDebtExpense": "None", "netIncomeFromContinuingOperations": "184000000", "comprehensiveIncomeNetOfTax": "None", "ebit": "288000000", "ebitda": "376000000", "netIncome": "184000000"}, {"fiscalDateEnding": "2015-12-31", "reportedCurrency": "USD", "grossProfit": "539000000", "totalRevenue": "1377000000", "costOfRevenue": "838000000", "costofGoodsAndServicesSold": "838000000", "operatingIncome": "255000000", "sellingGeneralAndAdministrative": "514000000", "researchAndDevelopment": "0", "operatingExpenses": "284000000", "investmentIncomeNet": "None", "netInterestIncome": "None", "interestIncome": "None", "interestExpense": "1000000", "nonInterestIncome": "None", "otherNonOperatingIncome": "5000000", "depreciation": "None", "depreciationAndAmortization": "84000000", "incomeBeforeTax": "259000000", "incomeTaxExpense": "68000000", "interestAndDebtExpense": "None", "netIncomeFromContinuingOperations": "191000000", "comprehensiveIncomeNetOfTax": "None", "ebit": "288000000", "ebitda": "372000000", "netIncome": "191000000"}, {"fiscalDateEnding": "2015-09-30", "reportedCurrency": "USD", "grossProfit": "670000000", "totalRevenue": "1515000000", "costOfRevenue": "845000000", "costofGoodsAndServicesSold": "845000000", "operatingIncome": "433000000", "sellingGeneralAndAdministrative": "553000000", "researchAndDevelopment": "0", "operatingExpenses": "237000000", "investmentIncomeNet": "None", "netInterestIncome": "None", "interestIncome": "None", "interestExpense": "1000000", "nonInterestIncome": "None", "otherNonOperatingIncome": "5000000", "depreciation": "None", "depreciationAndAmortization": "81000000", "incomeBeforeTax": "437000000", "incomeTaxExpense": "163000000", "interestAndDebtExpense": "None", "netIncomeFromContinuingOperations": "274000000", "comprehensiveIncomeNetOfTax": "None", "ebit": "438000000", "ebitda": "519000000", "netIncome": "274000000"}, {"fiscalDateEnding": "2015-06-30", "reportedCurrency": "USD", "grossProfit": "610000000", "totalRevenue": "1437000000", "costOfRevenue": "827000000", "costofGoodsAndServicesSold": "827000000", "operatingIncome": "372000000", "sellingGeneralAndAdministrative": "553000000", "researchAndDevelopment": "0", "operatingExpenses": "238000000", "investmentIncomeNet": "None", "netInterestIncome": "None", "interestIncome": "None", "interestExpense": "3000000", "nonInterestIncome": "None", "otherNonOperatingIncome": "7000000", "depreciation": "None", "depreciationAndAmortization": "79000000", "incomeBeforeTax": "376000000", "incomeTaxExpense": "142000000", "interestAndDebtExpense": "None", "netIncomeFromContinuingOperations": "234000000", "comprehensiveIncomeNetOfTax": "None", "ebit": "366000000", "ebitda": "445000000", "netIncome": "234000000"}, {"fiscalDateEnding": "2015-03-31", "reportedCurrency": "USD", "grossProfit": "466000000", "totalRevenue": "1269000000", "costOfRevenue": "803000000", "costofGoodsAndServicesSold": "803000000", "operatingIncome": "238000000", "sellingGeneralAndAdministrative": "535000000", "researchAndDevelopment": "0", "operatingExpenses": "228000000", "investmentIncomeNet": "None", "netInterestIncome": "None", "interestIncome": "None", "interestExpense": "3000000", "nonInterestIncome": "None", "otherNonOperatingIncome": "5000000", "depreciation": "None", "depreciationAndAmortization": "76000000", "incomeBeforeTax": "240000000", "incomeTaxExpense": "91000000", "interestAndDebtExpense": "None", "netIncomeFromContinuingOperations": "149000000", "comprehensiveIncomeNetOfTax": "None", "ebit": "238000000", "ebitda": "314000000", "netIncome": "149000000"}, {"fiscalDateEnding": "2014-12-31", "reportedCurrency": "USD", "grossProfit": "421000000", "totalRevenue": "1306000000", "costOfRevenue": "885000000", "costofGoodsAndServicesSold": "885000000", "operatingIncome": "242000000", "sellingGeneralAndAdministrative": "526000000", "researchAndDevelopment": "0", "operatingExpenses": "179000000", "investmentIncomeNet": "None", "netInterestIncome": "None", "interestIncome": "None", "interestExpense": "6000000", "nonInterestIncome": "None", "otherNonOperatingIncome": "6000000", "depreciation": "None", "depreciationAndAmortization": "76000000", "incomeBeforeTax": "242000000", "incomeTaxExpense": "94000000", "interestAndDebtExpense": "None", "netIncomeFromContinuingOperations": "148000000", "comprehensiveIncomeNetOfTax": "None", "ebit": "206000000", "ebitda": "282000000", "netIncome": "148000000"}, {"fiscalDateEnding": "2014-09-30", "reportedCurrency": "USD", "grossProfit": "533000000", "totalRevenue": "1465000000", "costOfRevenue": "932000000", "costofGoodsAndServicesSold": "932000000", "operatingIncome": "316000000", "sellingGeneralAndAdministrative": "497000000", "researchAndDevelopment": "0", "operatingExpenses": "217000000", "investmentIncomeNet": "None", "netInterestIncome": "None", "interestIncome": "None", "interestExpense": "7000000", "nonInterestIncome": "None", "otherNonOperatingIncome": "7000000", "depreciation": "None", "depreciationAndAmortization": "75000000", "incomeBeforeTax": "316000000", "incomeTaxExpense": "118000000", "interestAndDebtExpense": "None", "netIncomeFromContinuingOperations": "198000000", "comprehensiveIncomeNetOfTax": "None", "ebit": "320000000", "ebitda": "395000000", "netIncome": "198000000"}, {"fiscalDateEnding": "2014-06-30", "reportedCurrency": "USD", "grossProfit": "473000000", "totalRevenue": "1375000000", "costOfRevenue": "902000000", "costofGoodsAndServicesSold": "902000000", "operatingIncome": "263000000", "sellingGeneralAndAdministrative": "506000000", "researchAndDevelopment": "0", "operatingExpenses": "210000000", "investmentIncomeNet": "None", "netInterestIncome": "None", "interestIncome": "None", "interestExpense": "8000000", "nonInterestIncome": "None", "otherNonOperatingIncome": "10000000", "depreciation": "None", "depreciationAndAmortization": "73000000", "incomeBeforeTax": "265000000", "incomeTaxExpense": "100000000", "interestAndDebtExpense": "None", "netIncomeFromContinuingOperations": "165000000", "comprehensiveIncomeNetOfTax": "None", "ebit": "250000000", "ebitda": "323000000", "netIncome": "165000000"}, {"fiscalDateEnding": "2014-03-31", "reportedCurrency": "USD", "grossProfit": "345000000", "totalRevenue": "1222000000", "costOfRevenue": "877000000", "costofGoodsAndServicesSold": "877000000", "operatingIncome": "141000000", "sellingGeneralAndAdministrative": "484000000", "researchAndDevelopment": "0", "operatingExpenses": "204000000", "investmentIncomeNet": "None", "netInterestIncome": "None", "interestIncome": "None", "interestExpense": "7000000", "nonInterestIncome": "None", "otherNonOperatingIncome": "18000000", "depreciation": "None", "depreciationAndAmortization": "70000000", "incomeBeforeTax": "152000000", "incomeTaxExpense": "58000000", "interestAndDebtExpense": "None", "netIncomeFromContinuingOperations": "94000000", "comprehensiveIncomeNetOfTax": "None", "ebit": "133000000", "ebitda": "203000000", "netIncome": "94000000"}, {"fiscalDateEnding": "2013-12-31", "reportedCurrency": "USD", "grossProfit": "328000000", "totalRevenue": "1210000000", "costOfRevenue": "882000000", "costofGoodsAndServicesSold": "882000000", "operatingIncome": "130000000", "sellingGeneralAndAdministrative": "496000000", "researchAndDevelopment": "0", "operatingExpenses": "198000000", "investmentIncomeNet": "None", "netInterestIncome": "None", "interestIncome": "None", "interestExpense": "8000000", "nonInterestIncome": "None", "otherNonOperatingIncome": "3000000", "depreciation": "None", "depreciationAndAmortization": "67000000", "incomeBeforeTax": "125000000", "incomeTaxExpense": "47000000", "interestAndDebtExpense": "None", "netIncomeFromContinuingOperations": "78000000", "comprehensiveIncomeNetOfTax": "None", "ebit": "129000000", "ebitda": "196000000", "netIncome": "78000000"}, {"fiscalDateEnding": "2013-09-30", "reportedCurrency": "USD", "grossProfit": "457000000", "totalRevenue": "1557000000", "costOfRevenue": "908000000", "costofGoodsAndServicesSold": "908000000", "operatingIncome": "470000000", "sellingGeneralAndAdministrative": "481000000", "researchAndDevelopment": "0", "operatingExpenses": "-13000000", "investmentIncomeNet": "None", "netInterestIncome": "None", "interestIncome": "None", "interestExpense": "7000000", "nonInterestIncome": "None", "otherNonOperatingIncome": "None", "depreciation": "None", "depreciationAndAmortization": "67000000", "incomeBeforeTax": "463000000", "incomeTaxExpense": "174000000", "interestAndDebtExpense": "None", "netIncomeFromContinuingOperations": "289000000", "comprehensiveIncomeNetOfTax": "None", "ebit": "258000000", "ebitda": "325000000", "netIncome": "289000000"}, {"fiscalDateEnding": "2013-06-30", "reportedCurrency": "USD", "grossProfit": "373000000", "totalRevenue": "1256000000", "costOfRevenue": "883000000", "costofGoodsAndServicesSold": "883000000", "operatingIncome": "175000000", "sellingGeneralAndAdministrative": "449000000", "researchAndDevelopment": "0", "operatingExpenses": "199000000", "investmentIncomeNet": "None", "netInterestIncome": "None", "interestIncome": "None", "interestExpense": "9000000", "nonInterestIncome": "None", "otherNonOperatingIncome": "4000000", "depreciation": "None", "depreciationAndAmortization": "67000000", "incomeBeforeTax": "169000000", "incomeTaxExpense": "65000000", "interestAndDebtExpense": "None", "netIncomeFromContinuingOperations": "104000000", "comprehensiveIncomeNetOfTax": "None", "ebit": "175000000", "ebitda": "242000000", "netIncome": "104000000"}, {"fiscalDateEnding": "2013-03-31", "reportedCurrency": "USD", "grossProfit": "265000000", "totalRevenue": "1133000000", "costOfRevenue": "868000000", "costofGoodsAndServicesSold": "868000000", "operatingIncome": "76000000", "sellingGeneralAndAdministrative": "443000000", "researchAndDevelopment": "0", "operatingExpenses": "199000000", "investmentIncomeNet": "None", "netInterestIncome": "None", "interestIncome": "None", "interestExpense": "11000000", "nonInterestIncome": "None", "otherNonOperatingIncome": "6000000", "depreciation": "None", "depreciationAndAmortization": "69000000", "incomeBeforeTax": "59000000", "incomeTaxExpense": "22000000", "interestAndDebtExpense": "None", "netIncomeFromContinuingOperations": "37000000", "comprehensiveIncomeNetOfTax": "None", "ebit": "76000000", "ebitda": "145000000", "netIncome": "37000000"}, {"fiscalDateEnding": "2012-12-31", "reportedCurrency": "USD", "grossProfit": "268000000", "totalRevenue": "1132000000", "costOfRevenue": "864000000", "costofGoodsAndServicesSold": "864000000", "operatingIncome": "83000000", "sellingGeneralAndAdministrative": "831800000", "researchAndDevelopment": "0", "operatingExpenses": "191000000", "investmentIncomeNet": "None", "netInterestIncome": "None", "interestIncome": "None", "interestExpense": "10000000", "nonInterestIncome": "None", "otherNonOperatingIncome": "7900000", "depreciation": "None", "depreciationAndAmortization": "69000000", "incomeBeforeTax": "72000000", "incomeTaxExpense": "28000000", "interestAndDebtExpense": "None", "netIncomeFromContinuingOperations": "44300000", "comprehensiveIncomeNetOfTax": "None", "ebit": "83000000", "ebitda": "152000000", "netIncome": "44000000"}, {"fiscalDateEnding": "2012-09-30", "reportedCurrency": "USD", "grossProfit": "718700000", "totalRevenue": "1272200000", "costOfRevenue": "553500000", "costofGoodsAndServicesSold": "553500000", "operatingIncome": "269500000", "sellingGeneralAndAdministrative": "278800000", "researchAndDevelopment": "0", "operatingExpenses": "449200000", "investmentIncomeNet": "None", "netInterestIncome": "None", "interestIncome": "None", "interestExpense": "10700000", "nonInterestIncome": "None", "otherNonOperatingIncome": "6800000", "depreciation": "None", "depreciationAndAmortization": "65900000", "incomeBeforeTax": "265600000", "incomeTaxExpense": "102200000", "interestAndDebtExpense": "None", "netIncomeFromContinuingOperations": "163400000", "comprehensiveIncomeNetOfTax": "None", "ebit": "276100000", "ebitda": "342000000", "netIncome": "163000000"}, {"fiscalDateEnding": "2012-06-30", "reportedCurrency": "USD", "grossProfit": "567300000", "totalRevenue": "1213200000", "costOfRevenue": "645900000", "costofGoodsAndServicesSold": "645900000", "operatingIncome": "115800000", "sellingGeneralAndAdministrative": "280400000", "researchAndDevelopment": "0", "operatingExpenses": "451500000", "investmentIncomeNet": "None", "netInterestIncome": "None", "interestIncome": "None", "interestExpense": "17200000", "nonInterestIncome": "None", "otherNonOperatingIncome": "7000000", "depreciation": "None", "depreciationAndAmortization": "65800000", "incomeBeforeTax": "109100000", "incomeTaxExpense": "41600000", "interestAndDebtExpense": "None", "netIncomeFromContinuingOperations": "67500000", "comprehensiveIncomeNetOfTax": "None", "ebit": "122200000", "ebitda": "188000000", "netIncome": "68000000"}, {"fiscalDateEnding": "2012-03-31", "reportedCurrency": "USD", "grossProfit": "514400000", "totalRevenue": "1039300000", "costOfRevenue": "524900000", "costofGoodsAndServicesSold": "524900000", "operatingIncome": "72400000", "sellingGeneralAndAdministrative": "272600000", "researchAndDevelopment": "0", "operatingExpenses": "442000000", "investmentIncomeNet": "None", "netInterestIncome": "None", "interestIncome": "None", "interestExpense": "16600000", "nonInterestIncome": "None", "otherNonOperatingIncome": "6300000", "depreciation": "None", "depreciationAndAmortization": "63700000", "incomeBeforeTax": "66600000", "incomeTaxExpense": "25800000", "interestAndDebtExpense": "None", "netIncomeFromContinuingOperations": "40800000", "comprehensiveIncomeNetOfTax": "None", "ebit": "78300000", "ebitda": "142000000", "netIncome": "41000000"}, {"fiscalDateEnding": "2011-12-31", "reportedCurrency": "USD", "grossProfit": "591600000", "totalRevenue": "1044300000", "costOfRevenue": "452700000", "costofGoodsAndServicesSold": "452700000", "operatingIncome": "114100000", "sellingGeneralAndAdministrative": "271800000", "researchAndDevelopment": "0", "operatingExpenses": "438600000", "investmentIncomeNet": "None", "netInterestIncome": "None", "interestIncome": "None", "interestExpense": "18200000", "nonInterestIncome": "None", "otherNonOperatingIncome": "-2200000", "depreciation": "None", "depreciationAndAmortization": "62700000", "incomeBeforeTax": "100700000", "incomeTaxExpense": "36700000", "interestAndDebtExpense": "None", "netIncomeFromContinuingOperations": "64000000", "comprehensiveIncomeNetOfTax": "None", "ebit": "118900000", "ebitda": "181600000", "netIncome": "64000000"}, {"fiscalDateEnding": "2011-09-30", "reportedCurrency": "USD", "grossProfit": "571600000", "totalRevenue": "1198100000", "costOfRevenue": "626500000", "costofGoodsAndServicesSold": "626500000", "operatingIncome": "143200000", "sellingGeneralAndAdministrative": "264200000", "researchAndDevelopment": "0", "operatingExpenses": "428400000", "investmentIncomeNet": "None", "netInterestIncome": "None", "interestIncome": "None", "interestExpense": "25700000", "nonInterestIncome": "None", "otherNonOperatingIncome": "5700000", "depreciation": "None", "depreciationAndAmortization": "62200000", "incomeBeforeTax": "125300000", "incomeTaxExpense": "47800000", "interestAndDebtExpense": "None", "netIncomeFromContinuingOperations": "77500000", "comprehensiveIncomeNetOfTax": "None", "ebit": "148900000", "ebitda": "211100000", "netIncome": "77500000"}, {"fiscalDateEnding": "2011-06-30", "reportedCurrency": "USD", "grossProfit": "484200000", "totalRevenue": "1110200000", "costOfRevenue": "626000000", "costofGoodsAndServicesSold": "626000000", "operatingIncome": "57800000", "sellingGeneralAndAdministrative": "260700000", "researchAndDevelopment": "0", "operatingExpenses": "426400000", "investmentIncomeNet": "None", "netInterestIncome": "None", "interestIncome": "None", "interestExpense": "18400000", "nonInterestIncome": "None", "otherNonOperatingIncome": "7600000", "depreciation": "None", "depreciationAndAmortization": "61700000", "incomeBeforeTax": "47000000", "incomeTaxExpense": "18200000", "interestAndDebtExpense": "None", "netIncomeFromContinuingOperations": "28800000", "comprehensiveIncomeNetOfTax": "None", "ebit": "67000000", "ebitda": "128700000", "netIncome": "28800000"}, {"fiscalDateEnding": "2011-03-31", "reportedCurrency": "USD", "grossProfit": "560300000", "totalRevenue": "965200000", "costOfRevenue": "404900000", "costofGoodsAndServicesSold": "404900000", "operatingIncome": "133800000", "sellingGeneralAndAdministrative": "265700000", "researchAndDevelopment": "0", "operatingExpenses": "426500000", "investmentIncomeNet": "None", "netInterestIncome": "None", "interestIncome": "None", "interestExpense": "21600000", "nonInterestIncome": "None", "otherNonOperatingIncome": "8500000", "depreciation": "None", "depreciationAndAmortization": "60300000", "incomeBeforeTax": "120700000", "incomeTaxExpense": "46500000", "interestAndDebtExpense": "None", "netIncomeFromContinuingOperations": "74200000", "comprehensiveIncomeNetOfTax": "None", "ebit": "144100000", "ebitda": "204400000", "netIncome": "74200000"}, {"fiscalDateEnding": "2010-12-31", "reportedCurrency": "USD", "grossProfit": "725300000", "totalRevenue": "958500000", "costOfRevenue": "233200000", "costofGoodsAndServicesSold": "233200000", "operatingIncome": "119300000", "sellingGeneralAndAdministrative": "271300000", "researchAndDevelopment": "0", "operatingExpenses": "422400000", "investmentIncomeNet": "None", "netInterestIncome": "None", "interestIncome": "None", "interestExpense": "26900000", "nonInterestIncome": "None", "otherNonOperatingIncome": "None", "depreciation": "None", "depreciationAndAmortization": "58500000", "incomeBeforeTax": "103500000", "incomeTaxExpense": "38700000", "interestAndDebtExpense": "None", "netIncomeFromContinuingOperations": "0", "comprehensiveIncomeNetOfTax": "None", "ebit": "130400000", "ebitda": "188900000", "netIncome": "64800000"}, {"fiscalDateEnding": "2010-09-30", "reportedCurrency": "USD", "grossProfit": "828700000", "totalRevenue": "1067500000", "costOfRevenue": "238800000", "costofGoodsAndServicesSold": "238800000", "operatingIncome": "216400000", "sellingGeneralAndAdministrative": "263200000", "researchAndDevelopment": "512833000", "operatingExpenses": "424900000", "investmentIncomeNet": "None", "netInterestIncome": "None", "interestIncome": "None", "interestExpense": "29500000", "nonInterestIncome": "None", "otherNonOperatingIncome": "9900000", "depreciation": "None", "depreciationAndAmortization": "57800000", "incomeBeforeTax": "198200000", "incomeTaxExpense": "75800000", "interestAndDebtExpense": "None", "netIncomeFromContinuingOperations": "122400000", "comprehensiveIncomeNetOfTax": "None", "ebit": "227700000", "ebitda": "285500000", "netIncome": "122400000"}, {"fiscalDateEnding": "2010-06-30", "reportedCurrency": "USD", "grossProfit": "702100000", "totalRevenue": "976400000", "costOfRevenue": "274300000", "costofGoodsAndServicesSold": "274300000", "operatingIncome": "109900000", "sellingGeneralAndAdministrative": "261200000", "researchAndDevelopment": "512833000", "operatingExpenses": "405600000", "investmentIncomeNet": "None", "netInterestIncome": "None", "interestIncome": "None", "interestExpense": "26300000", "nonInterestIncome": "None", "otherNonOperatingIncome": "8800000", "depreciation": "None", "depreciationAndAmortization": "58000000", "incomeBeforeTax": "94000000", "incomeTaxExpense": "35400000", "interestAndDebtExpense": "None", "netIncomeFromContinuingOperations": "58600000", "comprehensiveIncomeNetOfTax": "None", "ebit": "120300000", "ebitda": "178300000", "netIncome": "58600000"}, {"fiscalDateEnding": "2010-03-31", "reportedCurrency": "USD", "grossProfit": "606600000", "totalRevenue": "829900000", "costOfRevenue": "223300000", "costofGoodsAndServicesSold": "223300000", "operatingIncome": "26000000", "sellingGeneralAndAdministrative": "257200000", "researchAndDevelopment": "None", "operatingExpenses": "394800000", "investmentIncomeNet": "None", "netInterestIncome": "None", "interestIncome": "None", "interestExpense": "23900000", "nonInterestIncome": "None", "otherNonOperatingIncome": "None", "depreciation": "None", "depreciationAndAmortization": "56200000", "incomeBeforeTax": "10200000", "incomeTaxExpense": "4900000", "interestAndDebtExpense": "None", "netIncomeFromContinuingOperations": "None", "comprehensiveIncomeNetOfTax": "None", "ebit": "35800000", "ebitda": "92000000", "netIncome": "5300000"}, {"fiscalDateEnding": "2009-12-31", "reportedCurrency": "USD", "grossProfit": "672500000", "totalRevenue": "846100000", "costOfRevenue": "173600000", "costofGoodsAndServicesSold": "173600000", "operatingIncome": "52800000", "sellingGeneralAndAdministrative": "272600000", "researchAndDevelopment": "0", "operatingExpenses": "428500000", "investmentIncomeNet": "None", "netInterestIncome": "None", "interestIncome": "None", "interestExpense": "21100000", "nonInterestIncome": "None", "otherNonOperatingIncome": "None", "depreciation": "None", "depreciationAndAmortization": "56900000", "incomeBeforeTax": "42000000", "incomeTaxExpense": "17900000", "interestAndDebtExpense": "None", "netIncomeFromContinuingOperations": "0", "comprehensiveIncomeNetOfTax": "None", "ebit": "63100000", "ebitda": "120000000", "netIncome": "24100000"}, {"fiscalDateEnding": "2009-09-30", "reportedCurrency": "USD", "grossProfit": "764900000", "totalRevenue": "967400000", "costOfRevenue": "202500000", "costofGoodsAndServicesSold": "202500000", "operatingIncome": "159800000", "sellingGeneralAndAdministrative": "270200000", "researchAndDevelopment": "0", "operatingExpenses": "413900000", "investmentIncomeNet": "None", "netInterestIncome": "None", "interestIncome": "None", "interestExpense": "25900000", "nonInterestIncome": "None", "otherNonOperatingIncome": "None", "depreciation": "None", "depreciationAndAmortization": "55600000", "incomeBeforeTax": "142800000", "incomeTaxExpense": "55200000", "interestAndDebtExpense": "None", "netIncomeFromContinuingOperations": "0", "comprehensiveIncomeNetOfTax": "None", "ebit": "168700000", "ebitda": "224300000", "netIncome": "87600000"}, {"fiscalDateEnding": "2009-06-30", "reportedCurrency": "USD", "grossProfit": "700200000", "totalRevenue": "843900000", "costOfRevenue": "143700000", "costofGoodsAndServicesSold": "143700000", "operatingIncome": "66700000", "sellingGeneralAndAdministrative": "307000000", "researchAndDevelopment": "0", "operatingExpenses": "446500000", "investmentIncomeNet": "None", "netInterestIncome": "None", "interestIncome": "None", "interestExpense": "25100000", "nonInterestIncome": "None", "otherNonOperatingIncome": "None", "depreciation": "None", "depreciationAndAmortization": "53900000", "incomeBeforeTax": "47700000", "incomeTaxExpense": "18600000", "interestAndDebtExpense": "None", "netIncomeFromContinuingOperations": "0", "comprehensiveIncomeNetOfTax": "None", "ebit": "71000000", "ebitda": "124900000", "netIncome": "29100000"}, {"fiscalDateEnding": "2009-03-31", "reportedCurrency": "USD", "grossProfit": "562400000", "totalRevenue": "742400000", "costOfRevenue": "180000000", "costofGoodsAndServicesSold": "180000000", "operatingIncome": "-11900000", "sellingGeneralAndAdministrative": "255300000", "researchAndDevelopment": "0", "operatingExpenses": "389900000", "investmentIncomeNet": "None", "netInterestIncome": "None", "interestIncome": "None", "interestExpense": "24000000", "nonInterestIncome": "None", "otherNonOperatingIncome": "None", "depreciation": "None", "depreciationAndAmortization": "52800000", "incomeBeforeTax": "-29600000", "incomeTaxExpense": "-10400000", "interestAndDebtExpense": "None", "netIncomeFromContinuingOperations": "0", "comprehensiveIncomeNetOfTax": "None", "ebit": "-4600000", "ebitda": "48200000", "netIncome": "-19200000"}, {"fiscalDateEnding": "2008-12-31", "reportedCurrency": "USD", "grossProfit": "453400000", "totalRevenue": "827100000", "costOfRevenue": "373700000", "costofGoodsAndServicesSold": "373700000", "operatingIncome": "-106700000", "sellingGeneralAndAdministrative": "238900000", "researchAndDevelopment": "0", "operatingExpenses": "368900000", "investmentIncomeNet": "None", "netInterestIncome": "None", "interestIncome": "None", "interestExpense": "23300000", "nonInterestIncome": "None", "otherNonOperatingIncome": "None", "depreciation": "None", "depreciationAndAmortization": "51700000", "incomeBeforeTax": "-120000000", "incomeTaxExpense": "-44800000", "interestAndDebtExpense": "None", "netIncomeFromContinuingOperations": "0", "comprehensiveIncomeNetOfTax": "None", "ebit": "-96700000", "ebitda": "-45000000", "netIncome": "-75200000"}, {"fiscalDateEnding": "2008-09-30", "reportedCurrency": "USD", "grossProfit": "392600000", "totalRevenue": "1065200000", "costOfRevenue": "672600000", "costofGoodsAndServicesSold": "672600000", "operatingIncome": "-120000000", "sellingGeneralAndAdministrative": "97000000", "researchAndDevelopment": "0", "operatingExpenses": "1084500000", "investmentIncomeNet": "None", "netInterestIncome": "None", "interestIncome": "None", "interestExpense": "25900000", "nonInterestIncome": "None", "otherNonOperatingIncome": "None", "depreciation": "None", "depreciationAndAmortization": "52100000", "incomeBeforeTax": "-133000000", "incomeTaxExpense": "-46500000", "interestAndDebtExpense": "None", "netIncomeFromContinuingOperations": "0", "comprehensiveIncomeNetOfTax": "None", "ebit": "-113000000", "ebitda": "-60900000", "netIncome": "-86500000"}, {"fiscalDateEnding": "2008-06-30", "reportedCurrency": "USD", "grossProfit": "744100000", "totalRevenue": "930800000", "costOfRevenue": "186700000", "costofGoodsAndServicesSold": "186700000", "operatingIncome": "106500000", "sellingGeneralAndAdministrative": "239500000", "researchAndDevelopment": "0", "operatingExpenses": "410000000", "investmentIncomeNet": "None", "netInterestIncome": "None", "interestIncome": "None", "interestExpense": "25000000", "nonInterestIncome": "None", "otherNonOperatingIncome": "None", "depreciation": "None", "depreciationAndAmortization": "51500000", "incomeBeforeTax": "98200000", "incomeTaxExpense": "35100000", "interestAndDebtExpense": "None", "netIncomeFromContinuingOperations": "0", "comprehensiveIncomeNetOfTax": "None", "ebit": "117100000", "ebitda": "168600000", "netIncome": "63100000"}, {"fiscalDateEnding": "2008-03-31", "reportedCurrency": "USD", "grossProfit": "536500000", "totalRevenue": "839500000", "costOfRevenue": "303000000", "costofGoodsAndServicesSold": "303000000", "operatingIncome": "-49700000", "sellingGeneralAndAdministrative": "246000000", "researchAndDevelopment": "0", "operatingExpenses": "387000000", "investmentIncomeNet": "None", "netInterestIncome": "None", "interestIncome": "None", "interestExpense": "16900000", "nonInterestIncome": "None", "otherNonOperatingIncome": "None", "depreciation": "None", "depreciationAndAmortization": "49300000", "incomeBeforeTax": "-56100000", "incomeTaxExpense": "-20200000", "interestAndDebtExpense": "None", "netIncomeFromContinuingOperations": "0", "comprehensiveIncomeNetOfTax": "None", "ebit": "-41500000", "ebitda": "7800000", "netIncome": "-35900000"}, {"fiscalDateEnding": "2007-12-31", "reportedCurrency": "USD", "grossProfit": "1719600000", "totalRevenue": "847100000", "costOfRevenue": "-872500000", "costofGoodsAndServicesSold": "-872500000", "operatingIncome": "9100000", "sellingGeneralAndAdministrative": "557400000", "researchAndDevelopment": "0", "operatingExpenses": "-1151100000", "investmentIncomeNet": "None", "netInterestIncome": "None", "interestIncome": "None", "interestExpense": "73300000", "nonInterestIncome": "None", "otherNonOperatingIncome": "None", "depreciation": "None", "depreciationAndAmortization": "45100000", "incomeBeforeTax": "3300000", "incomeTaxExpense": "-100000", "interestAndDebtExpense": "None", "netIncomeFromContinuingOperations": "0", "comprehensiveIncomeNetOfTax": "None", "ebit": "2167300000", "ebitda": "2212400000", "netIncome": "3400000"}, {"fiscalDateEnding": "2007-09-30", "reportedCurrency": "USD", "grossProfit": "377200000", "totalRevenue": "995100000", "costOfRevenue": "617900000", "costofGoodsAndServicesSold": "617900000", "operatingIncome": "143300000", "sellingGeneralAndAdministrative": "143700000", "researchAndDevelopment": "0", "operatingExpenses": "951200000", "investmentIncomeNet": "None", "netInterestIncome": "None", "interestIncome": "None", "interestExpense": "15700000", "nonInterestIncome": "None", "otherNonOperatingIncome": "None", "depreciation": "None", "depreciationAndAmortization": "46600000", "incomeBeforeTax": "141100000", "incomeTaxExpense": "55300000", "interestAndDebtExpense": "None", "netIncomeFromContinuingOperations": "0", "comprehensiveIncomeNetOfTax": "None", "ebit": "150500000", "ebitda": "197100000", "netIncome": "81800000"}, {"fiscalDateEnding": "2007-06-30", "reportedCurrency": "USD", "grossProfit": "305500000", "totalRevenue": "904400000", "costOfRevenue": "598900000", "costofGoodsAndServicesSold": "598900000", "operatingIncome": "77700000", "sellingGeneralAndAdministrative": "141000000", "researchAndDevelopment": "0", "operatingExpenses": "924200000", "investmentIncomeNet": "None", "netInterestIncome": "None", "interestIncome": "None", "interestExpense": "22500000", "nonInterestIncome": "None", "otherNonOperatingIncome": "None", "depreciation": "None", "depreciationAndAmortization": "43800000", "incomeBeforeTax": "75000000", "incomeTaxExpense": "28900000", "interestAndDebtExpense": "None", "netIncomeFromContinuingOperations": "0", "comprehensiveIncomeNetOfTax": "None", "ebit": "97500000", "ebitda": "141300000", "netIncome": "46100000"}, {"fiscalDateEnding": "2007-03-31", "reportedCurrency": "USD", "grossProfit": "270200000", "totalRevenue": "759400000", "costOfRevenue": "489200000", "costofGoodsAndServicesSold": "489200000", "operatingIncome": "-18100000", "sellingGeneralAndAdministrative": "97600000", "researchAndDevelopment": "0", "operatingExpenses": "872500000", "investmentIncomeNet": "None", "netInterestIncome": "None", "interestIncome": "None", "interestExpense": "13900000", "nonInterestIncome": "None", "otherNonOperatingIncome": "None", "depreciation": "None", "depreciationAndAmortization": "41900000", "incomeBeforeTax": "-17800000", "incomeTaxExpense": "-7500000", "interestAndDebtExpense": "None", "netIncomeFromContinuingOperations": "0", "comprehensiveIncomeNetOfTax": "None", "ebit": "-43600000", "ebitda": "-1700000", "netIncome": "-10300000"}, {"fiscalDateEnding": "2006-12-31", "reportedCurrency": "USD", "grossProfit": "1389700000", "totalRevenue": "790300000", "costOfRevenue": "-599400000", "costofGoodsAndServicesSold": "-599400000", "operatingIncome": "-18200000", "sellingGeneralAndAdministrative": "703100000", "researchAndDevelopment": "0", "operatingExpenses": "-1165700000", "investmentIncomeNet": "None", "netInterestIncome": "None", "interestIncome": "None", "interestExpense": "73300000", "nonInterestIncome": "None", "otherNonOperatingIncome": "None", "depreciation": "None", "depreciationAndAmortization": "43400000", "incomeBeforeTax": "-16600000", "incomeTaxExpense": "65400000", "interestAndDebtExpense": "None", "netIncomeFromContinuingOperations": "0", "comprehensiveIncomeNetOfTax": "None", "ebit": "1815000000", "ebitda": "1858400000", "netIncome": "-11600000"}, {"fiscalDateEnding": "2006-09-30", "reportedCurrency": "USD", "grossProfit": "295000000", "totalRevenue": "935700000", "costOfRevenue": "640700000", "costofGoodsAndServicesSold": "640700000", "operatingIncome": "-24000000", "sellingGeneralAndAdministrative": "89700000", "researchAndDevelopment": "0", "operatingExpenses": "969500000", "investmentIncomeNet": "None", "netInterestIncome": "None", "interestIncome": "None", "interestExpense": "20400000", "nonInterestIncome": "None", "otherNonOperatingIncome": "None", "depreciation": "None", "depreciationAndAmortization": "40500000", "incomeBeforeTax": "-22900000", "incomeTaxExpense": "-5500000", "interestAndDebtExpense": "None", "netIncomeFromContinuingOperations": "0", "comprehensiveIncomeNetOfTax": "None", "ebit": "-24000000", "ebitda": "16500000", "netIncome": "-17400000"}, {"fiscalDateEnding": "2006-06-30", "reportedCurrency": "USD", "grossProfit": "313900000", "totalRevenue": "873000000", "costOfRevenue": "559100000", "costofGoodsAndServicesSold": "559100000", "operatingIncome": "80100000", "sellingGeneralAndAdministrative": "137700000", "researchAndDevelopment": "0", "operatingExpenses": "887200000", "investmentIncomeNet": "None", "netInterestIncome": "None", "interestIncome": "None", "interestExpense": "17800000", "nonInterestIncome": "None", "otherNonOperatingIncome": "None", "depreciation": "None", "depreciationAndAmortization": "36700000", "incomeBeforeTax": "81100000", "incomeTaxExpense": "25600000", "interestAndDebtExpense": "None", "netIncomeFromContinuingOperations": "0", "comprehensiveIncomeNetOfTax": "None", "ebit": "80100000", "ebitda": "116800000", "netIncome": "55500000"}, {"fiscalDateEnding": "2006-03-31", "reportedCurrency": "USD", "grossProfit": "271700000", "totalRevenue": "735400000", "costOfRevenue": "463700000", "costofGoodsAndServicesSold": "463700000", "operatingIncome": "-125200000", "sellingGeneralAndAdministrative": "132300000", "researchAndDevelopment": "0", "operatingExpenses": "825100000", "investmentIncomeNet": "None", "netInterestIncome": "None", "interestIncome": "None", "interestExpense": "15800000", "nonInterestIncome": "None", "otherNonOperatingIncome": "None", "depreciation": "None", "depreciationAndAmortization": "36900000", "incomeBeforeTax": "-129400000", "incomeTaxExpense": "-50300000", "interestAndDebtExpense": "None", "netIncomeFromContinuingOperations": "0", "comprehensiveIncomeNetOfTax": "None", "ebit": "-125200000", "ebitda": "-88300000", "netIncome": "-79100000"}, {"fiscalDateEnding": "2005-12-31", "reportedCurrency": "USD", "grossProfit": "180900000", "totalRevenue": "730600000", "costOfRevenue": "549700000", "costofGoodsAndServicesSold": "549700000", "operatingIncome": "-25800000", "sellingGeneralAndAdministrative": "135100000", "researchAndDevelopment": "0", "operatingExpenses": "1023400000", "investmentIncomeNet": "None", "netInterestIncome": "None", "interestIncome": "None", "interestExpense": "17500000", "nonInterestIncome": "None", "otherNonOperatingIncome": "None", "depreciation": "None", "depreciationAndAmortization": "37600000", "incomeBeforeTax": "-56300000", "incomeTaxExpense": "-23300000", "interestAndDebtExpense": "None", "netIncomeFromContinuingOperations": "0", "comprehensiveIncomeNetOfTax": "None", "ebit": "-842500000", "ebitda": "-804900000", "netIncome": "-33000000"}]}