{"symbol": "AMSF", "annualReports": [{"fiscalDateEnding": "2024-12-31", "reportedCurrency": "USD", "grossProfit": "128092000", "totalRevenue": "309109000", "costOfRevenue": "181017000", "costofGoodsAndServicesSold": "181017000", "operatingIncome": "69056000", "sellingGeneralAndAdministrative": "31503000", "researchAndDevelopment": "None", "operatingExpenses": "59036000", "investmentIncomeNet": "None", "netInterestIncome": "None", "interestIncome": "None", "interestExpense": "None", "nonInterestIncome": "None", "otherNonOperatingIncome": "None", "depreciation": "None", "depreciationAndAmortization": "1093000", "incomeBeforeTax": "69056000", "incomeTaxExpense": "13620000", "interestAndDebtExpense": "None", "netIncomeFromContinuingOperations": "55436000", "comprehensiveIncomeNetOfTax": "None", "ebit": "69056000", "ebitda": "70149000", "netIncome": "55436000"}, {"fiscalDateEnding": "2023-12-31", "reportedCurrency": "USD", "grossProfit": "306910000", "totalRevenue": "306910000", "costOfRevenue": "148263000", "costofGoodsAndServicesSold": "148263000", "operatingIncome": "77377000", "sellingGeneralAndAdministrative": "27359000", "researchAndDevelopment": "None", "operatingExpenses": "229533000", "investmentIncomeNet": "None", "netInterestIncome": "None", "interestIncome": "None", "interestExpense": "None", "nonInterestIncome": "None", "otherNonOperatingIncome": "None", "depreciation": "None", "depreciationAndAmortization": "1427000", "incomeBeforeTax": "77377000", "incomeTaxExpense": "15269000", "interestAndDebtExpense": "None", "netIncomeFromContinuingOperations": "62108000", "comprehensiveIncomeNetOfTax": "None", "ebit": "77377000", "ebitda": "78804000", "netIncome": "62108000"}, {"fiscalDateEnding": "2022-12-31", "reportedCurrency": "USD", "grossProfit": "142377000", "totalRevenue": "294693000", "costOfRevenue": "152316000", "costofGoodsAndServicesSold": "152316000", "operatingIncome": "67646000", "sellingGeneralAndAdministrative": "26510000", "researchAndDevelopment": "None", "operatingExpenses": "74731000", "investmentIncomeNet": "None", "netInterestIncome": "None", "interestIncome": "None", "interestExpense": "None", "nonInterestIncome": "None", "otherNonOperatingIncome": "None", "depreciation": "None", "depreciationAndAmortization": "1309000", "incomeBeforeTax": "67646000", "incomeTaxExpense": "12044000", "interestAndDebtExpense": "None", "netIncomeFromContinuingOperations": "55602000", "comprehensiveIncomeNetOfTax": "None", "ebit": "67646000", "ebitda": "68955000", "netIncome": "55602000"}, {"fiscalDateEnding": "2021-12-31", "reportedCurrency": "USD", "grossProfit": "155215000", "totalRevenue": "316013000", "costOfRevenue": "160798000", "costofGoodsAndServicesSold": "160798000", "operatingIncome": "79449000", "sellingGeneralAndAdministrative": "25954000", "researchAndDevelopment": "None", "operatingExpenses": "75766000", "investmentIncomeNet": "None", "netInterestIncome": "None", "interestIncome": "None", "interestExpense": "0", "nonInterestIncome": "None", "otherNonOperatingIncome": "None", "depreciation": "None", "depreciationAndAmortization": "1017000", "incomeBeforeTax": "79449000", "incomeTaxExpense": "13693000", "interestAndDebtExpense": "None", "netIncomeFromContinuingOperations": "65756000", "comprehensiveIncomeNetOfTax": "None", "ebit": "79449000", "ebitda": "80466000", "netIncome": "65756000"}, {"fiscalDateEnding": "2020-12-31", "reportedCurrency": "USD", "grossProfit": "339504000", "totalRevenue": "339504000", "costOfRevenue": "48759000", "costofGoodsAndServicesSold": "48759000", "operatingIncome": "106919000", "sellingGeneralAndAdministrative": "27925000", "researchAndDevelopment": "None", "operatingExpenses": "232585000", "investmentIncomeNet": "None", "netInterestIncome": "None", "interestIncome": "None", "interestExpense": "0", "nonInterestIncome": "None", "otherNonOperatingIncome": "None", "depreciation": "None", "depreciationAndAmortization": "1012000", "incomeBeforeTax": "106919000", "incomeTaxExpense": "20317000", "interestAndDebtExpense": "None", "netIncomeFromContinuingOperations": "86602000", "comprehensiveIncomeNetOfTax": "None", "ebit": "106919000", "ebitda": "106919000", "netIncome": "86602000"}, {"fiscalDateEnding": "2019-12-31", "reportedCurrency": "USD", "grossProfit": "169018000", "totalRevenue": "370370000", "costOfRevenue": "201352000", "costofGoodsAndServicesSold": "201352000", "operatingIncome": "115517000", "sellingGeneralAndAdministrative": "27120000", "researchAndDevelopment": "None", "operatingExpenses": "53501000", "investmentIncomeNet": "None", "netInterestIncome": "None", "interestIncome": "None", "interestExpense": "0", "nonInterestIncome": "None", "otherNonOperatingIncome": "None", "depreciation": "None", "depreciationAndAmortization": "942000", "incomeBeforeTax": "115517000", "incomeTaxExpense": "22827000", "interestAndDebtExpense": "None", "netIncomeFromContinuingOperations": "92690000", "comprehensiveIncomeNetOfTax": "None", "ebit": "115517000", "ebitda": "116459000", "netIncome": "92690000"}, {"fiscalDateEnding": "2018-12-31", "reportedCurrency": "USD", "grossProfit": "146702000", "totalRevenue": "377753000", "costOfRevenue": "231051000", "costofGoodsAndServicesSold": "231051000", "operatingIncome": "87581000", "sellingGeneralAndAdministrative": "25992000", "researchAndDevelopment": "0", "operatingExpenses": "59121000", "investmentIncomeNet": "None", "netInterestIncome": "None", "interestIncome": "None", "interestExpense": "0", "nonInterestIncome": "None", "otherNonOperatingIncome": "None", "depreciation": "None", "depreciationAndAmortization": "996000", "incomeBeforeTax": "87581000", "incomeTaxExpense": "15949000", "interestAndDebtExpense": "None", "netIncomeFromContinuingOperations": "71632000", "comprehensiveIncomeNetOfTax": "None", "ebit": "87581000", "ebitda": "88577000", "netIncome": "71632000"}, {"fiscalDateEnding": "2017-12-31", "reportedCurrency": "USD", "grossProfit": "141072000", "totalRevenue": "375208000", "costOfRevenue": "234136000", "costofGoodsAndServicesSold": "234136000", "operatingIncome": "82240000", "sellingGeneralAndAdministrative": "25631000", "researchAndDevelopment": "0", "operatingExpenses": "58832000", "investmentIncomeNet": "None", "netInterestIncome": "None", "interestIncome": "None", "interestExpense": "0", "nonInterestIncome": "None", "otherNonOperatingIncome": "None", "depreciation": "None", "depreciationAndAmortization": "984000", "incomeBeforeTax": "82240000", "incomeTaxExpense": "36009000", "interestAndDebtExpense": "None", "netIncomeFromContinuingOperations": "46231000", "comprehensiveIncomeNetOfTax": "None", "ebit": "82240000", "ebitda": "83224000", "netIncome": "46231000"}, {"fiscalDateEnding": "2016-12-31", "reportedCurrency": "USD", "grossProfit": "171388000", "totalRevenue": "396662000", "costOfRevenue": "225274000", "costofGoodsAndServicesSold": "225274000", "operatingIncome": "112821000", "sellingGeneralAndAdministrative": "24881000", "researchAndDevelopment": "0", "operatingExpenses": "58567000", "investmentIncomeNet": "None", "netInterestIncome": "None", "interestIncome": "None", "interestExpense": "0", "nonInterestIncome": "None", "otherNonOperatingIncome": "None", "depreciation": "None", "depreciationAndAmortization": "1181000", "incomeBeforeTax": "112821000", "incomeTaxExpense": "34956000", "interestAndDebtExpense": "None", "netIncomeFromContinuingOperations": "77865000", "comprehensiveIncomeNetOfTax": "None", "ebit": "112821000", "ebitda": "114002000", "netIncome": "77865000"}, {"fiscalDateEnding": "2015-12-31", "reportedCurrency": "USD", "grossProfit": "159536000", "totalRevenue": "401618000", "costOfRevenue": "242082000", "costofGoodsAndServicesSold": "242082000", "operatingIncome": "100967000", "sellingGeneralAndAdministrative": "24442000", "researchAndDevelopment": "0", "operatingExpenses": "58569000", "investmentIncomeNet": "None", "netInterestIncome": "None", "interestIncome": "None", "interestExpense": "0", "nonInterestIncome": "None", "otherNonOperatingIncome": "None", "depreciation": "None", "depreciationAndAmortization": "1348000", "incomeBeforeTax": "100967000", "incomeTaxExpense": "30505000", "interestAndDebtExpense": "None", "netIncomeFromContinuingOperations": "131472000", "comprehensiveIncomeNetOfTax": "None", "ebit": "100967000", "ebitda": "102315000", "netIncome": "70462000"}, {"fiscalDateEnding": "2014-12-31", "reportedCurrency": "USD", "grossProfit": "131231000", "totalRevenue": "404019000", "costOfRevenue": "272788000", "costofGoodsAndServicesSold": "272788000", "operatingIncome": "73749000", "sellingGeneralAndAdministrative": "24518000", "researchAndDevelopment": "0", "operatingExpenses": "57482000", "investmentIncomeNet": "None", "netInterestIncome": "None", "interestIncome": "None", "interestExpense": "0", "nonInterestIncome": "None", "otherNonOperatingIncome": "None", "depreciation": "None", "depreciationAndAmortization": "1298000", "incomeBeforeTax": "73749000", "incomeTaxExpense": "20083000", "interestAndDebtExpense": "None", "netIncomeFromContinuingOperations": "53666000", "comprehensiveIncomeNetOfTax": "None", "ebit": "73749000", "ebitda": "75047000", "netIncome": "53666000"}, {"fiscalDateEnding": "2013-12-31", "reportedCurrency": "USD", "grossProfit": "317046000", "totalRevenue": "356335000", "costOfRevenue": "39289000", "costofGoodsAndServicesSold": "39289000", "operatingIncome": "59204000", "sellingGeneralAndAdministrative": "22862000", "researchAndDevelopment": "0", "operatingExpenses": "297133000", "investmentIncomeNet": "None", "netInterestIncome": "None", "interestIncome": "None", "interestExpense": "566000", "nonInterestIncome": "None", "otherNonOperatingIncome": "None", "depreciation": "None", "depreciationAndAmortization": "1300000", "incomeBeforeTax": "59204000", "incomeTaxExpense": "15567000", "interestAndDebtExpense": "None", "netIncomeFromContinuingOperations": "43637000", "comprehensiveIncomeNetOfTax": "None", "ebit": "59204000", "ebitda": "60504000", "netIncome": "43637000"}, {"fiscalDateEnding": "2012-12-31", "reportedCurrency": "USD", "grossProfit": "79201000", "totalRevenue": "321248000", "costOfRevenue": "242047000", "costofGoodsAndServicesSold": "242047000", "operatingIncome": "37143000", "sellingGeneralAndAdministrative": "20839000", "researchAndDevelopment": "0", "operatingExpenses": "42058000", "investmentIncomeNet": "None", "netInterestIncome": "None", "interestIncome": "None", "interestExpense": "566000", "nonInterestIncome": "None", "otherNonOperatingIncome": "None", "depreciation": "None", "depreciationAndAmortization": "1112000", "incomeBeforeTax": "37143000", "incomeTaxExpense": "7790000", "interestAndDebtExpense": "None", "netIncomeFromContinuingOperations": "29353000", "comprehensiveIncomeNetOfTax": "None", "ebit": "37709000", "ebitda": "38821000", "netIncome": "29353000"}, {"fiscalDateEnding": "2011-12-31", "reportedCurrency": "USD", "grossProfit": "72450000", "totalRevenue": "280663000", "costOfRevenue": "208213000", "costofGoodsAndServicesSold": "208213000", "operatingIncome": "27357000", "sellingGeneralAndAdministrative": "19914000", "researchAndDevelopment": "0", "operatingExpenses": "45093000", "investmentIncomeNet": "None", "netInterestIncome": "None", "interestIncome": "None", "interestExpense": "1311000", "nonInterestIncome": "None", "otherNonOperatingIncome": "None", "depreciation": "None", "depreciationAndAmortization": "1015000", "incomeBeforeTax": "27357000", "incomeTaxExpense": "3176000", "interestAndDebtExpense": "None", "netIncomeFromContinuingOperations": "24125000", "comprehensiveIncomeNetOfTax": "None", "ebit": "28668000", "ebitda": "29683000", "netIncome": "24181000"}, {"fiscalDateEnding": "2010-12-31", "reportedCurrency": "USD", "grossProfit": "74418000", "totalRevenue": "248156000", "costOfRevenue": "173738000", "costofGoodsAndServicesSold": "173738000", "operatingIncome": "44222000", "sellingGeneralAndAdministrative": "21405000", "researchAndDevelopment": "None", "operatingExpenses": "30196000", "investmentIncomeNet": "None", "netInterestIncome": "None", "interestIncome": "None", "interestExpense": "1548000", "nonInterestIncome": "None", "otherNonOperatingIncome": "None", "depreciation": "None", "depreciationAndAmortization": "1028000", "incomeBeforeTax": "44222000", "incomeTaxExpense": "9702000", "interestAndDebtExpense": "None", "netIncomeFromContinuingOperations": "None", "comprehensiveIncomeNetOfTax": "None", "ebit": "45770000", "ebitda": "46798000", "netIncome": "34520000"}, {"fiscalDateEnding": "2009-12-31", "reportedCurrency": "USD", "grossProfit": "118895000", "totalRevenue": "282211000", "costOfRevenue": "163316000", "costofGoodsAndServicesSold": "163316000", "operatingIncome": "62358000", "sellingGeneralAndAdministrative": "21447000", "researchAndDevelopment": "None", "operatingExpenses": "56537000", "investmentIncomeNet": "None", "netInterestIncome": "None", "interestIncome": "None", "interestExpense": "1810000", "nonInterestIncome": "None", "otherNonOperatingIncome": "None", "depreciation": "None", "depreciationAndAmortization": "1164000", "incomeBeforeTax": "62358000", "incomeTaxExpense": "15927000", "interestAndDebtExpense": "None", "netIncomeFromContinuingOperations": "None", "comprehensiveIncomeNetOfTax": "None", "ebit": "64168000", "ebitda": "65332000", "netIncome": "46431000"}, {"fiscalDateEnding": "2008-12-31", "reportedCurrency": "USD", "grossProfit": "267033000", "totalRevenue": "302377000", "costOfRevenue": "35344000", "costofGoodsAndServicesSold": "35344000", "operatingIncome": "83848000", "sellingGeneralAndAdministrative": "20411000", "researchAndDevelopment": "None", "operatingExpenses": "238289000", "investmentIncomeNet": "None", "netInterestIncome": "None", "interestIncome": "None", "interestExpense": "2460000", "nonInterestIncome": "None", "otherNonOperatingIncome": "None", "depreciation": "None", "depreciationAndAmortization": "1188000", "incomeBeforeTax": "64088000", "incomeTaxExpense": "20242000", "interestAndDebtExpense": "None", "netIncomeFromContinuingOperations": "None", "comprehensiveIncomeNetOfTax": "None", "ebit": "66548000", "ebitda": "67736000", "netIncome": "43846000"}, {"fiscalDateEnding": "2007-12-31", "reportedCurrency": "USD", "grossProfit": "113521000", "totalRevenue": "338319000", "costOfRevenue": "224798000", "costofGoodsAndServicesSold": "224798000", "operatingIncome": "71095000", "sellingGeneralAndAdministrative": "18896000", "researchAndDevelopment": "None", "operatingExpenses": "42426000", "investmentIncomeNet": "None", "netInterestIncome": "None", "interestIncome": "None", "interestExpense": "3545000", "nonInterestIncome": "None", "otherNonOperatingIncome": "None", "depreciation": "None", "depreciationAndAmortization": "1729000", "incomeBeforeTax": "71095000", "incomeTaxExpense": "20876000", "interestAndDebtExpense": "None", "netIncomeFromContinuingOperations": "None", "comprehensiveIncomeNetOfTax": "None", "ebit": "74640000", "ebitda": "76369000", "netIncome": "50219000"}, {"fiscalDateEnding": "2006-12-31", "reportedCurrency": "USD", "grossProfit": "280462000", "totalRevenue": "332720000", "costOfRevenue": "52258000", "costofGoodsAndServicesSold": "52258000", "operatingIncome": "52446000", "sellingGeneralAndAdministrative": "17234000", "researchAndDevelopment": "None", "operatingExpenses": "280274000", "investmentIncomeNet": "None", "netInterestIncome": "None", "interestIncome": "None", "interestExpense": "3496000", "nonInterestIncome": "None", "otherNonOperatingIncome": "None", "depreciation": "None", "depreciationAndAmortization": "4232000", "incomeBeforeTax": "52446000", "incomeTaxExpense": "15088000", "interestAndDebtExpense": "None", "netIncomeFromContinuingOperations": "None", "comprehensiveIncomeNetOfTax": "None", "ebit": "55942000", "ebitda": "60174000", "netIncome": "37358000"}, {"fiscalDateEnding": "2005-12-31", "reportedCurrency": "USD", "grossProfit": "22993000", "totalRevenue": "276283000", "costOfRevenue": "253290000", "costofGoodsAndServicesSold": "253290000", "operatingIncome": "5995000", "sellingGeneralAndAdministrative": "14150000", "researchAndDevelopment": "None", "operatingExpenses": "16998000", "investmentIncomeNet": "None", "netInterestIncome": "None", "interestIncome": "None", "interestExpense": "2844000", "nonInterestIncome": "None", "otherNonOperatingIncome": "None", "depreciation": "None", "depreciationAndAmortization": "4415000", "incomeBeforeTax": "5995000", "incomeTaxExpense": "65000", "interestAndDebtExpense": "None", "netIncomeFromContinuingOperations": "None", "comprehensiveIncomeNetOfTax": "None", "ebit": "8839000", "ebitda": "13254000", "netIncome": "5930000"}], "quarterlyReports": [{"fiscalDateEnding": "2025-09-30", "reportedCurrency": "USD", "grossProfit": "34106000", "totalRevenue": "81984000", "costOfRevenue": "47878000", "costofGoodsAndServicesSold": "47878000", "operatingIncome": "17481000", "sellingGeneralAndAdministrative": "8327000", "researchAndDevelopment": "None", "operatingExpenses": "16625000", "investmentIncomeNet": "None", "netInterestIncome": "None", "interestIncome": "None", "interestExpense": "None", "nonInterestIncome": "None", "otherNonOperatingIncome": "None", "depreciation": "None", "depreciationAndAmortization": "183000", "incomeBeforeTax": "17481000", "incomeTaxExpense": "3663000", "interestAndDebtExpense": "None", "netIncomeFromContinuingOperations": "13818000", "comprehensiveIncomeNetOfTax": "None", "ebit": "17481000", "ebitda": "17664000", "netIncome": "13818000"}, {"fiscalDateEnding": "2025-06-30", "reportedCurrency": "USD", "grossProfit": "34206000", "totalRevenue": "81100000", "costOfRevenue": "46894000", "costofGoodsAndServicesSold": "46894000", "operatingIncome": "17455000", "sellingGeneralAndAdministrative": "7459000", "researchAndDevelopment": "None", "operatingExpenses": "16751000", "investmentIncomeNet": "None", "netInterestIncome": "None", "interestIncome": "None", "interestExpense": "None", "nonInterestIncome": "None", "otherNonOperatingIncome": "None", "depreciation": "None", "depreciationAndAmortization": "195000", "incomeBeforeTax": "17455000", "incomeTaxExpense": "3500000", "interestAndDebtExpense": "None", "netIncomeFromContinuingOperations": "13955000", "comprehensiveIncomeNetOfTax": "None", "ebit": "17455000", "ebitda": "17650000", "netIncome": "13955000"}, {"fiscalDateEnding": "2025-03-31", "reportedCurrency": "USD", "grossProfit": "26399000", "totalRevenue": "72613000", "costOfRevenue": "46214000", "costofGoodsAndServicesSold": "46214000", "operatingIncome": "11221000", "sellingGeneralAndAdministrative": "8284000", "researchAndDevelopment": "None", "operatingExpenses": "15178000", "investmentIncomeNet": "None", "netInterestIncome": "None", "interestIncome": "None", "interestExpense": "None", "nonInterestIncome": "None", "otherNonOperatingIncome": "None", "depreciation": "None", "depreciationAndAmortization": "214000", "incomeBeforeTax": "11221000", "incomeTaxExpense": "2272000", "interestAndDebtExpense": "None", "netIncomeFromContinuingOperations": "8949000", "comprehensiveIncomeNetOfTax": "None", "ebit": "11221000", "ebitda": "11435000", "netIncome": "8949000"}, {"fiscalDateEnding": "2024-12-31", "reportedCurrency": "USD", "grossProfit": "36547000", "totalRevenue": "74049000", "costOfRevenue": "37502000", "costofGoodsAndServicesSold": "37502000", "operatingIncome": "16774000", "sellingGeneralAndAdministrative": "9012000", "researchAndDevelopment": "None", "operatingExpenses": "19773000", "investmentIncomeNet": "None", "netInterestIncome": "None", "interestIncome": "None", "interestExpense": "None", "nonInterestIncome": "None", "otherNonOperatingIncome": "None", "depreciation": "None", "depreciationAndAmortization": "258000", "incomeBeforeTax": "16774000", "incomeTaxExpense": "3580000", "interestAndDebtExpense": "None", "netIncomeFromContinuingOperations": "13194000", "comprehensiveIncomeNetOfTax": "None", "ebit": "16774000", "ebitda": "17032000", "netIncome": "13194000"}, {"fiscalDateEnding": "2024-09-30", "reportedCurrency": "USD", "grossProfit": "33919000", "totalRevenue": "78708000", "costOfRevenue": "44789000", "costofGoodsAndServicesSold": "44789000", "operatingIncome": "17793000", "sellingGeneralAndAdministrative": "7747000", "researchAndDevelopment": "None", "operatingExpenses": "16126000", "investmentIncomeNet": "None", "netInterestIncome": "None", "interestIncome": "None", "interestExpense": "None", "nonInterestIncome": "None", "otherNonOperatingIncome": "None", "depreciation": "None", "depreciationAndAmortization": "277000", "incomeBeforeTax": "17793000", "incomeTaxExpense": "3469000", "interestAndDebtExpense": "None", "netIncomeFromContinuingOperations": "14324000", "comprehensiveIncomeNetOfTax": "None", "ebit": "17793000", "ebitda": "18070000", "netIncome": "14324000"}, {"fiscalDateEnding": "2024-06-30", "reportedCurrency": "USD", "grossProfit": "29305000", "totalRevenue": "75846000", "costOfRevenue": "46541000", "costofGoodsAndServicesSold": "46541000", "operatingIncome": "13744000", "sellingGeneralAndAdministrative": "7239000", "researchAndDevelopment": "None", "operatingExpenses": "15561000", "investmentIncomeNet": "None", "netInterestIncome": "None", "interestIncome": "None", "interestExpense": "None", "nonInterestIncome": "None", "otherNonOperatingIncome": "None", "depreciation": "None", "depreciationAndAmortization": "230000", "incomeBeforeTax": "13744000", "incomeTaxExpense": "2751000", "interestAndDebtExpense": "None", "netIncomeFromContinuingOperations": "10993000", "comprehensiveIncomeNetOfTax": "None", "ebit": "13744000", "ebitda": "13974000", "netIncome": "10993000"}, {"fiscalDateEnding": "2024-03-31", "reportedCurrency": "USD", "grossProfit": "34633000", "totalRevenue": "80506000", "costOfRevenue": "45873000", "costofGoodsAndServicesSold": "45873000", "operatingIncome": "20745000", "sellingGeneralAndAdministrative": "7505000", "researchAndDevelopment": "None", "operatingExpenses": "13888000", "investmentIncomeNet": "None", "netInterestIncome": "None", "interestIncome": "None", "interestExpense": "None", "nonInterestIncome": "None", "otherNonOperatingIncome": "None", "depreciation": "None", "depreciationAndAmortization": "328000", "incomeBeforeTax": "20745000", "incomeTaxExpense": "3820000", "interestAndDebtExpense": "None", "netIncomeFromContinuingOperations": "16925000", "comprehensiveIncomeNetOfTax": "None", "ebit": "20745000", "ebitda": "21073000", "netIncome": "16925000"}, {"fiscalDateEnding": "2023-12-31", "reportedCurrency": "USD", "grossProfit": "80122000", "totalRevenue": "80122000", "costOfRevenue": "106561000", "costofGoodsAndServicesSold": "106561000", "operatingIncome": "23947000", "sellingGeneralAndAdministrative": "7734000", "researchAndDevelopment": "None", "operatingExpenses": "56175000", "investmentIncomeNet": "None", "netInterestIncome": "None", "interestIncome": "None", "interestExpense": "None", "nonInterestIncome": "None", "otherNonOperatingIncome": "None", "depreciation": "None", "depreciationAndAmortization": "355000", "incomeBeforeTax": "23947000", "incomeTaxExpense": "4766000", "interestAndDebtExpense": "None", "netIncomeFromContinuingOperations": "19181000", "comprehensiveIncomeNetOfTax": "None", "ebit": "23947000", "ebitda": "24302000", "netIncome": "19181000"}, {"fiscalDateEnding": "2023-09-30", "reportedCurrency": "USD", "grossProfit": "72656000", "totalRevenue": "72656000", "costOfRevenue": "16396000", "costofGoodsAndServicesSold": "16396000", "operatingIncome": "12327000", "sellingGeneralAndAdministrative": "6902000", "researchAndDevelopment": "None", "operatingExpenses": "60329000", "investmentIncomeNet": "None", "netInterestIncome": "None", "interestIncome": "None", "interestExpense": "None", "nonInterestIncome": "None", "otherNonOperatingIncome": "None", "depreciation": "None", "depreciationAndAmortization": "373000", "incomeBeforeTax": "12327000", "incomeTaxExpense": "2366000", "interestAndDebtExpense": "None", "netIncomeFromContinuingOperations": "9961000", "comprehensiveIncomeNetOfTax": "None", "ebit": "11954000", "ebitda": "12327000", "netIncome": "9961000"}, {"fiscalDateEnding": "2023-06-30", "reportedCurrency": "USD", "grossProfit": "34185000", "totalRevenue": "75675000", "costOfRevenue": "41490000", "costofGoodsAndServicesSold": "41490000", "operatingIncome": "19568000", "sellingGeneralAndAdministrative": "6700000", "researchAndDevelopment": "None", "operatingExpenses": "14617000", "investmentIncomeNet": "None", "netInterestIncome": "None", "interestIncome": "None", "interestExpense": "None", "nonInterestIncome": "None", "otherNonOperatingIncome": "None", "depreciation": "None", "depreciationAndAmortization": "349000", "incomeBeforeTax": "19568000", "incomeTaxExpense": "3941000", "interestAndDebtExpense": "None", "netIncomeFromContinuingOperations": "15627000", "comprehensiveIncomeNetOfTax": "None", "ebit": "19568000", "ebitda": "19917000", "netIncome": "15627000"}, {"fiscalDateEnding": "2023-03-31", "reportedCurrency": "USD", "grossProfit": "33645000", "totalRevenue": "78457000", "costOfRevenue": "44812000", "costofGoodsAndServicesSold": "44812000", "operatingIncome": "21535000", "sellingGeneralAndAdministrative": "6023000", "researchAndDevelopment": "None", "operatingExpenses": "12110000", "investmentIncomeNet": "None", "netInterestIncome": "None", "interestIncome": "None", "interestExpense": "350000", "nonInterestIncome": "None", "otherNonOperatingIncome": "None", "depreciation": "None", "depreciationAndAmortization": "350000", "incomeBeforeTax": "21535000", "incomeTaxExpense": "4196000", "interestAndDebtExpense": "None", "netIncomeFromContinuingOperations": "17339000", "comprehensiveIncomeNetOfTax": "None", "ebit": "21535000", "ebitda": "21885000", "netIncome": "17339000"}, {"fiscalDateEnding": "2022-12-31", "reportedCurrency": "USD", "grossProfit": "37853000", "totalRevenue": "79777000", "costOfRevenue": "41924000", "costofGoodsAndServicesSold": "41924000", "operatingIncome": "25650000", "sellingGeneralAndAdministrative": "7082000", "researchAndDevelopment": "None", "operatingExpenses": "12203000", "investmentIncomeNet": "None", "netInterestIncome": "None", "interestIncome": "None", "interestExpense": "None", "nonInterestIncome": "None", "otherNonOperatingIncome": "None", "depreciation": "None", "depreciationAndAmortization": "356000", "incomeBeforeTax": "25650000", "incomeTaxExpense": "4872000", "interestAndDebtExpense": "None", "netIncomeFromContinuingOperations": "20778000", "comprehensiveIncomeNetOfTax": "None", "ebit": "25650000", "ebitda": "26006000", "netIncome": "20778000"}, {"fiscalDateEnding": "2022-09-30", "reportedCurrency": "USD", "grossProfit": "28254000", "totalRevenue": "71401000", "costOfRevenue": "43147000", "costofGoodsAndServicesSold": "43147000", "operatingIncome": "13451000", "sellingGeneralAndAdministrative": "6737000", "researchAndDevelopment": "None", "operatingExpenses": "14803000", "investmentIncomeNet": "None", "netInterestIncome": "None", "interestIncome": "None", "interestExpense": "None", "nonInterestIncome": "None", "otherNonOperatingIncome": "None", "depreciation": "None", "depreciationAndAmortization": "351000", "incomeBeforeTax": "13451000", "incomeTaxExpense": "2090000", "interestAndDebtExpense": "None", "netIncomeFromContinuingOperations": "11361000", "comprehensiveIncomeNetOfTax": "None", "ebit": "13451000", "ebitda": "13802000", "netIncome": "11361000"}, {"fiscalDateEnding": "2022-06-30", "reportedCurrency": "USD", "grossProfit": "22271000", "totalRevenue": "68050000", "costOfRevenue": "45779000", "costofGoodsAndServicesSold": "45779000", "operatingIncome": "7123000", "sellingGeneralAndAdministrative": "6776000", "researchAndDevelopment": "None", "operatingExpenses": "15148000", "investmentIncomeNet": "None", "netInterestIncome": "None", "interestIncome": "None", "interestExpense": "None", "nonInterestIncome": "None", "otherNonOperatingIncome": "None", "depreciation": "None", "depreciationAndAmortization": "308000", "incomeBeforeTax": "7123000", "incomeTaxExpense": "991000", "interestAndDebtExpense": "None", "netIncomeFromContinuingOperations": "6132000", "comprehensiveIncomeNetOfTax": "None", "ebit": "7123000", "ebitda": "7431000", "netIncome": "6132000"}, {"fiscalDateEnding": "2022-03-31", "reportedCurrency": "USD", "grossProfit": "32516000", "totalRevenue": "75465000", "costOfRevenue": "42949000", "costofGoodsAndServicesSold": "42949000", "operatingIncome": "21422000", "sellingGeneralAndAdministrative": "5915000", "researchAndDevelopment": "None", "operatingExpenses": "11094000", "investmentIncomeNet": "None", "netInterestIncome": "None", "interestIncome": "None", "interestExpense": "None", "nonInterestIncome": "None", "otherNonOperatingIncome": "None", "depreciation": "None", "depreciationAndAmortization": "294000", "incomeBeforeTax": "21422000", "incomeTaxExpense": "4091000", "interestAndDebtExpense": "None", "netIncomeFromContinuingOperations": "17331000", "comprehensiveIncomeNetOfTax": "None", "ebit": "21422000", "ebitda": "21716000", "netIncome": "17331000"}, {"fiscalDateEnding": "2021-12-31", "reportedCurrency": "USD", "grossProfit": "13854000", "totalRevenue": "78379000", "costOfRevenue": "64525000", "costofGoodsAndServicesSold": "64525000", "operatingIncome": "1932000", "sellingGeneralAndAdministrative": "6342000", "researchAndDevelopment": "None", "operatingExpenses": "11922000", "investmentIncomeNet": "None", "netInterestIncome": "None", "interestIncome": "None", "interestExpense": "None", "nonInterestIncome": "None", "otherNonOperatingIncome": "None", "depreciation": "None", "depreciationAndAmortization": "263000", "incomeBeforeTax": "1932000", "incomeTaxExpense": "-1609000", "interestAndDebtExpense": "None", "netIncomeFromContinuingOperations": "3541000", "comprehensiveIncomeNetOfTax": "None", "ebit": "1932000", "ebitda": "2195000", "netIncome": "3541000"}, {"fiscalDateEnding": "2021-09-30", "reportedCurrency": "USD", "grossProfit": "38196000", "totalRevenue": "73030000", "costOfRevenue": "34834000", "costofGoodsAndServicesSold": "34834000", "operatingIncome": "24721000", "sellingGeneralAndAdministrative": "6239000", "researchAndDevelopment": "None", "operatingExpenses": "13475000", "investmentIncomeNet": "None", "netInterestIncome": "None", "interestIncome": "None", "interestExpense": "None", "nonInterestIncome": "None", "otherNonOperatingIncome": "None", "depreciation": "None", "depreciationAndAmortization": "244000", "incomeBeforeTax": "24721000", "incomeTaxExpense": "5585000", "interestAndDebtExpense": "None", "netIncomeFromContinuingOperations": "19136000", "comprehensiveIncomeNetOfTax": "None", "ebit": "24721000", "ebitda": "24965000", "netIncome": "19136000"}, {"fiscalDateEnding": "2021-06-30", "reportedCurrency": "USD", "grossProfit": "43434000", "totalRevenue": "81166000", "costOfRevenue": "37732000", "costofGoodsAndServicesSold": "37732000", "operatingIncome": "29171000", "sellingGeneralAndAdministrative": "6807000", "researchAndDevelopment": "None", "operatingExpenses": "14263000", "investmentIncomeNet": "None", "netInterestIncome": "None", "interestIncome": "None", "interestExpense": "None", "nonInterestIncome": "None", "otherNonOperatingIncome": "None", "depreciation": "None", "depreciationAndAmortization": "240000", "incomeBeforeTax": "29171000", "incomeTaxExpense": "5404000", "interestAndDebtExpense": "None", "netIncomeFromContinuingOperations": "23767000", "comprehensiveIncomeNetOfTax": "None", "ebit": "29171000", "ebitda": "29411000", "netIncome": "23767000"}, {"fiscalDateEnding": "2021-03-31", "reportedCurrency": "USD", "grossProfit": "38468000", "totalRevenue": "83459000", "costOfRevenue": "44991000", "costofGoodsAndServicesSold": "44991000", "operatingIncome": "23625000", "sellingGeneralAndAdministrative": "6566000", "researchAndDevelopment": "None", "operatingExpenses": "14843000", "investmentIncomeNet": "None", "netInterestIncome": "None", "interestIncome": "None", "interestExpense": "None", "nonInterestIncome": "None", "otherNonOperatingIncome": "None", "depreciation": "None", "depreciationAndAmortization": "270000", "incomeBeforeTax": "23625000", "incomeTaxExpense": "4313000", "interestAndDebtExpense": "None", "netIncomeFromContinuingOperations": "19312000", "comprehensiveIncomeNetOfTax": "None", "ebit": "23625000", "ebitda": "23895000", "netIncome": "19312000"}, {"fiscalDateEnding": "2020-12-31", "reportedCurrency": "USD", "grossProfit": "46274000", "totalRevenue": "88206000", "costOfRevenue": "41932000", "costofGoodsAndServicesSold": "41932000", "operatingIncome": "35618000", "sellingGeneralAndAdministrative": "6420000", "researchAndDevelopment": "None", "operatingExpenses": "10656000", "investmentIncomeNet": "None", "netInterestIncome": "None", "interestIncome": "None", "interestExpense": "None", "nonInterestIncome": "None", "otherNonOperatingIncome": "None", "depreciation": "None", "depreciationAndAmortization": "274000", "incomeBeforeTax": "35618000", "incomeTaxExpense": "7117000", "interestAndDebtExpense": "None", "netIncomeFromContinuingOperations": "28501000", "comprehensiveIncomeNetOfTax": "None", "ebit": "35618000", "ebitda": "35892000", "netIncome": "28501000"}, {"fiscalDateEnding": "2020-09-30", "reportedCurrency": "USD", "grossProfit": "37677000", "totalRevenue": "83074000", "costOfRevenue": "45397000", "costofGoodsAndServicesSold": "45397000", "operatingIncome": "28669000", "sellingGeneralAndAdministrative": "6960000", "researchAndDevelopment": "None", "operatingExpenses": "9008000", "investmentIncomeNet": "None", "netInterestIncome": "None", "interestIncome": "None", "interestExpense": "None", "nonInterestIncome": "None", "otherNonOperatingIncome": "None", "depreciation": "None", "depreciationAndAmortization": "242000", "incomeBeforeTax": "28669000", "incomeTaxExpense": "5316000", "interestAndDebtExpense": "None", "netIncomeFromContinuingOperations": "23353000", "comprehensiveIncomeNetOfTax": "None", "ebit": "28669000", "ebitda": "28911000", "netIncome": "23353000"}, {"fiscalDateEnding": "2020-06-30", "reportedCurrency": "USD", "grossProfit": "45687000", "totalRevenue": "89029000", "costOfRevenue": "43342000", "costofGoodsAndServicesSold": "43342000", "operatingIncome": "29391000", "sellingGeneralAndAdministrative": "7533000", "researchAndDevelopment": "None", "operatingExpenses": "16296000", "investmentIncomeNet": "None", "netInterestIncome": "None", "interestIncome": "None", "interestExpense": "None", "nonInterestIncome": "None", "otherNonOperatingIncome": "None", "depreciation": "None", "depreciationAndAmortization": "249000", "incomeBeforeTax": "29391000", "incomeTaxExpense": "5443000", "interestAndDebtExpense": "None", "netIncomeFromContinuingOperations": "23948000", "comprehensiveIncomeNetOfTax": "None", "ebit": "29391000", "ebitda": "29640000", "netIncome": "23948000"}, {"fiscalDateEnding": "2020-03-31", "reportedCurrency": "USD", "grossProfit": "29493000", "totalRevenue": "79195000", "costOfRevenue": "49702000", "costofGoodsAndServicesSold": "49702000", "operatingIncome": "13241000", "sellingGeneralAndAdministrative": "7012000", "researchAndDevelopment": "None", "operatingExpenses": "16252000", "investmentIncomeNet": "None", "netInterestIncome": "None", "interestIncome": "None", "interestExpense": "None", "nonInterestIncome": "None", "otherNonOperatingIncome": "None", "depreciation": "None", "depreciationAndAmortization": "247000", "incomeBeforeTax": "13241000", "incomeTaxExpense": "2441000", "interestAndDebtExpense": "None", "netIncomeFromContinuingOperations": "10800000", "comprehensiveIncomeNetOfTax": "None", "ebit": "13241000", "ebitda": "13488000", "netIncome": "10800000"}, {"fiscalDateEnding": "2019-12-31", "reportedCurrency": "USD", "grossProfit": "52158000", "totalRevenue": "91939000", "costOfRevenue": "39781000", "costofGoodsAndServicesSold": "39781000", "operatingIncome": "42926000", "sellingGeneralAndAdministrative": "7918000", "researchAndDevelopment": "None", "operatingExpenses": "9232000", "investmentIncomeNet": "None", "netInterestIncome": "None", "interestIncome": "None", "interestExpense": "None", "nonInterestIncome": "None", "otherNonOperatingIncome": "None", "depreciation": "None", "depreciationAndAmortization": "258000", "incomeBeforeTax": "42926000", "incomeTaxExpense": "8912000", "interestAndDebtExpense": "None", "netIncomeFromContinuingOperations": "34014000", "comprehensiveIncomeNetOfTax": "None", "ebit": "42926000", "ebitda": "43184000", "netIncome": "34014000"}, {"fiscalDateEnding": "2019-09-30", "reportedCurrency": "USD", "grossProfit": "41012000", "totalRevenue": "91490000", "costOfRevenue": "50478000", "costofGoodsAndServicesSold": "50478000", "operatingIncome": "26613000", "sellingGeneralAndAdministrative": "6396000", "researchAndDevelopment": "None", "operatingExpenses": "14399000", "investmentIncomeNet": "None", "netInterestIncome": "None", "interestIncome": "None", "interestExpense": "None", "nonInterestIncome": "None", "otherNonOperatingIncome": "None", "depreciation": "None", "depreciationAndAmortization": "235000", "incomeBeforeTax": "26613000", "incomeTaxExpense": "5227000", "interestAndDebtExpense": "None", "netIncomeFromContinuingOperations": "21386000", "comprehensiveIncomeNetOfTax": "None", "ebit": "26613000", "ebitda": "26848000", "netIncome": "21386000"}, {"fiscalDateEnding": "2019-06-30", "reportedCurrency": "USD", "grossProfit": "36642000", "totalRevenue": "91753000", "costOfRevenue": "55111000", "costofGoodsAndServicesSold": "55111000", "operatingIncome": "22169000", "sellingGeneralAndAdministrative": "6059000", "researchAndDevelopment": "None", "operatingExpenses": "14473000", "investmentIncomeNet": "None", "netInterestIncome": "None", "interestIncome": "None", "interestExpense": "None", "nonInterestIncome": "None", "otherNonOperatingIncome": "None", "depreciation": "None", "depreciationAndAmortization": "208000", "incomeBeforeTax": "22169000", "incomeTaxExpense": "4279000", "interestAndDebtExpense": "None", "netIncomeFromContinuingOperations": "17890000", "comprehensiveIncomeNetOfTax": "None", "ebit": "22169000", "ebitda": "22377000", "netIncome": "17890000"}, {"fiscalDateEnding": "2019-03-31", "reportedCurrency": "USD", "grossProfit": "39208000", "totalRevenue": "95190000", "costOfRevenue": "55982000", "costofGoodsAndServicesSold": "55982000", "operatingIncome": "23809000", "sellingGeneralAndAdministrative": "6747000", "researchAndDevelopment": "None", "operatingExpenses": "15399000", "investmentIncomeNet": "None", "netInterestIncome": "None", "interestIncome": "None", "interestExpense": "None", "nonInterestIncome": "None", "otherNonOperatingIncome": "None", "depreciation": "None", "depreciationAndAmortization": "241000", "incomeBeforeTax": "23809000", "incomeTaxExpense": "4409000", "interestAndDebtExpense": "None", "netIncomeFromContinuingOperations": "19400000", "comprehensiveIncomeNetOfTax": "None", "ebit": "23809000", "ebitda": "24050000", "netIncome": "19400000"}, {"fiscalDateEnding": "2018-12-31", "reportedCurrency": "USD", "grossProfit": "35980000", "totalRevenue": "94669000", "costOfRevenue": "58689000", "costofGoodsAndServicesSold": "58689000", "operatingIncome": "22777000", "sellingGeneralAndAdministrative": "7206000", "researchAndDevelopment": "0", "operatingExpenses": "13203000", "investmentIncomeNet": "None", "netInterestIncome": "None", "interestIncome": "None", "interestExpense": "0", "nonInterestIncome": "None", "otherNonOperatingIncome": "None", "depreciation": "None", "depreciationAndAmortization": "248000", "incomeBeforeTax": "22777000", "incomeTaxExpense": "3971000", "interestAndDebtExpense": "None", "netIncomeFromContinuingOperations": "18806000", "comprehensiveIncomeNetOfTax": "None", "ebit": "22777000", "ebitda": "23025000", "netIncome": "18806000"}, {"fiscalDateEnding": "2018-09-30", "reportedCurrency": "USD", "grossProfit": "39515000", "totalRevenue": "93529000", "costOfRevenue": "54014000", "costofGoodsAndServicesSold": "54014000", "operatingIncome": "24460000", "sellingGeneralAndAdministrative": "6179000", "researchAndDevelopment": "0", "operatingExpenses": "15055000", "investmentIncomeNet": "None", "netInterestIncome": "None", "interestIncome": "None", "interestExpense": "0", "nonInterestIncome": "None", "otherNonOperatingIncome": "None", "depreciation": "None", "depreciationAndAmortization": "260000", "incomeBeforeTax": "24460000", "incomeTaxExpense": "4759000", "interestAndDebtExpense": "None", "netIncomeFromContinuingOperations": "19701000", "comprehensiveIncomeNetOfTax": "None", "ebit": "24460000", "ebitda": "24720000", "netIncome": "19701000"}, {"fiscalDateEnding": "2018-06-30", "reportedCurrency": "USD", "grossProfit": "36688000", "totalRevenue": "95380000", "costOfRevenue": "58692000", "costofGoodsAndServicesSold": "58692000", "operatingIncome": "20930000", "sellingGeneralAndAdministrative": "6681000", "researchAndDevelopment": "0", "operatingExpenses": "15758000", "investmentIncomeNet": "None", "netInterestIncome": "None", "interestIncome": "None", "interestExpense": "0", "nonInterestIncome": "None", "otherNonOperatingIncome": "None", "depreciation": "None", "depreciationAndAmortization": "266000", "incomeBeforeTax": "20930000", "incomeTaxExpense": "3974000", "interestAndDebtExpense": "None", "netIncomeFromContinuingOperations": "16956000", "comprehensiveIncomeNetOfTax": "None", "ebit": "20930000", "ebitda": "21196000", "netIncome": "16956000"}, {"fiscalDateEnding": "2018-03-31", "reportedCurrency": "USD", "grossProfit": "34519000", "totalRevenue": "94175000", "costOfRevenue": "59656000", "costofGoodsAndServicesSold": "59656000", "operatingIncome": "19414000", "sellingGeneralAndAdministrative": "5926000", "researchAndDevelopment": "0", "operatingExpenses": "15105000", "investmentIncomeNet": "None", "netInterestIncome": "None", "interestIncome": "None", "interestExpense": "0", "nonInterestIncome": "None", "otherNonOperatingIncome": "None", "depreciation": "None", "depreciationAndAmortization": "222000", "incomeBeforeTax": "19414000", "incomeTaxExpense": "3245000", "interestAndDebtExpense": "None", "netIncomeFromContinuingOperations": "16169000", "comprehensiveIncomeNetOfTax": "None", "ebit": "19414000", "ebitda": "19636000", "netIncome": "16169000"}, {"fiscalDateEnding": "2017-12-31", "reportedCurrency": "USD", "grossProfit": "30265000", "totalRevenue": "94939000", "costOfRevenue": "64674000", "costofGoodsAndServicesSold": "64674000", "operatingIncome": "17800000", "sellingGeneralAndAdministrative": "6732000", "researchAndDevelopment": "0", "operatingExpenses": "12465000", "investmentIncomeNet": "None", "netInterestIncome": "None", "interestIncome": "None", "interestExpense": "0", "nonInterestIncome": "None", "otherNonOperatingIncome": "None", "depreciation": "None", "depreciationAndAmortization": "224000", "incomeBeforeTax": "17800000", "incomeTaxExpense": "17151000", "interestAndDebtExpense": "None", "netIncomeFromContinuingOperations": "649000", "comprehensiveIncomeNetOfTax": "None", "ebit": "17800000", "ebitda": "18024000", "netIncome": "649000"}, {"fiscalDateEnding": "2017-09-30", "reportedCurrency": "USD", "grossProfit": "38380000", "totalRevenue": "92804000", "costOfRevenue": "54424000", "costofGoodsAndServicesSold": "54424000", "operatingIncome": "23556000", "sellingGeneralAndAdministrative": "6033000", "researchAndDevelopment": "0", "operatingExpenses": "14824000", "investmentIncomeNet": "None", "netInterestIncome": "None", "interestIncome": "None", "interestExpense": "0", "nonInterestIncome": "None", "otherNonOperatingIncome": "None", "depreciation": "None", "depreciationAndAmortization": "231000", "incomeBeforeTax": "23556000", "incomeTaxExpense": "6979000", "interestAndDebtExpense": "None", "netIncomeFromContinuingOperations": "16577000", "comprehensiveIncomeNetOfTax": "None", "ebit": "23556000", "ebitda": "23787000", "netIncome": "16577000"}, {"fiscalDateEnding": "2017-06-30", "reportedCurrency": "USD", "grossProfit": "37513000", "totalRevenue": "89925000", "costOfRevenue": "52412000", "costofGoodsAndServicesSold": "52412000", "operatingIncome": "22151000", "sellingGeneralAndAdministrative": "6554000", "researchAndDevelopment": "0", "operatingExpenses": "15362000", "investmentIncomeNet": "None", "netInterestIncome": "None", "interestIncome": "None", "interestExpense": "0", "nonInterestIncome": "None", "otherNonOperatingIncome": "None", "depreciation": "None", "depreciationAndAmortization": "263000", "incomeBeforeTax": "22151000", "incomeTaxExpense": "6670000", "interestAndDebtExpense": "None", "netIncomeFromContinuingOperations": "15481000", "comprehensiveIncomeNetOfTax": "None", "ebit": "22151000", "ebitda": "22414000", "netIncome": "15481000"}, {"fiscalDateEnding": "2017-03-31", "reportedCurrency": "USD", "grossProfit": "34916000", "totalRevenue": "97542000", "costOfRevenue": "62626000", "costofGoodsAndServicesSold": "62626000", "operatingIncome": "18733000", "sellingGeneralAndAdministrative": "6312000", "researchAndDevelopment": "0", "operatingExpenses": "16183000", "investmentIncomeNet": "None", "netInterestIncome": "None", "interestIncome": "None", "interestExpense": "0", "nonInterestIncome": "None", "otherNonOperatingIncome": "None", "depreciation": "None", "depreciationAndAmortization": "266000", "incomeBeforeTax": "18733000", "incomeTaxExpense": "5209000", "interestAndDebtExpense": "None", "netIncomeFromContinuingOperations": "13524000", "comprehensiveIncomeNetOfTax": "None", "ebit": "18733000", "ebitda": "18999000", "netIncome": "13524000"}, {"fiscalDateEnding": "2016-12-31", "reportedCurrency": "USD", "grossProfit": "39429000", "totalRevenue": "98559000", "costOfRevenue": "59130000", "costofGoodsAndServicesSold": "59130000", "operatingIncome": "27784000", "sellingGeneralAndAdministrative": "6478000", "researchAndDevelopment": "0", "operatingExpenses": "11645000", "investmentIncomeNet": "None", "netInterestIncome": "None", "interestIncome": "None", "interestExpense": "0", "nonInterestIncome": "None", "otherNonOperatingIncome": "None", "depreciation": "None", "depreciationAndAmortization": "297000", "incomeBeforeTax": "27784000", "incomeTaxExpense": "8711000", "interestAndDebtExpense": "None", "netIncomeFromContinuingOperations": "-17155000", "comprehensiveIncomeNetOfTax": "None", "ebit": "27784000", "ebitda": "28081000", "netIncome": "19073000"}, {"fiscalDateEnding": "2016-09-30", "reportedCurrency": "USD", "grossProfit": "41318000", "totalRevenue": "98206000", "costOfRevenue": "56888000", "costofGoodsAndServicesSold": "56888000", "operatingIncome": "26027000", "sellingGeneralAndAdministrative": "6298000", "researchAndDevelopment": "0", "operatingExpenses": "15291000", "investmentIncomeNet": "None", "netInterestIncome": "None", "interestIncome": "None", "interestExpense": "0", "nonInterestIncome": "None", "otherNonOperatingIncome": "None", "depreciation": "None", "depreciationAndAmortization": "290000", "incomeBeforeTax": "26027000", "incomeTaxExpense": "8131000", "interestAndDebtExpense": "None", "netIncomeFromContinuingOperations": "17896000", "comprehensiveIncomeNetOfTax": "None", "ebit": "26027000", "ebitda": "26317000", "netIncome": "17896000"}, {"fiscalDateEnding": "2016-06-30", "reportedCurrency": "USD", "grossProfit": "41901000", "totalRevenue": "97563000", "costOfRevenue": "55662000", "costofGoodsAndServicesSold": "55662000", "operatingIncome": "24615000", "sellingGeneralAndAdministrative": "6321000", "researchAndDevelopment": "0", "operatingExpenses": "17286000", "investmentIncomeNet": "None", "netInterestIncome": "None", "interestIncome": "None", "interestExpense": "0", "nonInterestIncome": "None", "otherNonOperatingIncome": "None", "depreciation": "None", "depreciationAndAmortization": "304000", "incomeBeforeTax": "24615000", "incomeTaxExpense": "7976000", "interestAndDebtExpense": "None", "netIncomeFromContinuingOperations": "32591000", "comprehensiveIncomeNetOfTax": "None", "ebit": "24615000", "ebitda": "24919000", "netIncome": "16639000"}, {"fiscalDateEnding": "2016-03-31", "reportedCurrency": "USD", "grossProfit": "48741000", "totalRevenue": "102335000", "costOfRevenue": "53594000", "costofGoodsAndServicesSold": "53594000", "operatingIncome": "34395000", "sellingGeneralAndAdministrative": "5784000", "researchAndDevelopment": "0", "operatingExpenses": "14346000", "investmentIncomeNet": "None", "netInterestIncome": "None", "interestIncome": "None", "interestExpense": "0", "nonInterestIncome": "None", "otherNonOperatingIncome": "None", "depreciation": "None", "depreciationAndAmortization": "290000", "incomeBeforeTax": "34395000", "incomeTaxExpense": "10138000", "interestAndDebtExpense": "None", "netIncomeFromContinuingOperations": "44533000", "comprehensiveIncomeNetOfTax": "None", "ebit": "34395000", "ebitda": "34685000", "netIncome": "24257000"}, {"fiscalDateEnding": "2015-12-31", "reportedCurrency": "USD", "grossProfit": "47200000", "totalRevenue": "102424000", "costOfRevenue": "55224000", "costofGoodsAndServicesSold": "55224000", "operatingIncome": "33768000", "sellingGeneralAndAdministrative": "6372000", "researchAndDevelopment": "0", "operatingExpenses": "13432000", "investmentIncomeNet": "None", "netInterestIncome": "None", "interestIncome": "None", "interestExpense": "0", "nonInterestIncome": "None", "otherNonOperatingIncome": "None", "depreciation": "None", "depreciationAndAmortization": "318000", "incomeBeforeTax": "33768000", "incomeTaxExpense": "10695000", "interestAndDebtExpense": "None", "netIncomeFromContinuingOperations": "68183000", "comprehensiveIncomeNetOfTax": "None", "ebit": "33768000", "ebitda": "34086000", "netIncome": "23073000"}, {"fiscalDateEnding": "2015-09-30", "reportedCurrency": "USD", "grossProfit": "41832000", "totalRevenue": "97470000", "costOfRevenue": "55638000", "costofGoodsAndServicesSold": "55638000", "operatingIncome": "25890000", "sellingGeneralAndAdministrative": "6278000", "researchAndDevelopment": "0", "operatingExpenses": "15942000", "investmentIncomeNet": "None", "netInterestIncome": "None", "interestIncome": "None", "interestExpense": "0", "nonInterestIncome": "None", "otherNonOperatingIncome": "None", "depreciation": "None", "depreciationAndAmortization": "343000", "incomeBeforeTax": "25890000", "incomeTaxExpense": "7950000", "interestAndDebtExpense": "None", "netIncomeFromContinuingOperations": "33840000", "comprehensiveIncomeNetOfTax": "None", "ebit": "25890000", "ebitda": "26233000", "netIncome": "17940000"}, {"fiscalDateEnding": "2015-06-30", "reportedCurrency": "USD", "grossProfit": "35727000", "totalRevenue": "99936000", "costOfRevenue": "64209000", "costofGoodsAndServicesSold": "64209000", "operatingIncome": "20112000", "sellingGeneralAndAdministrative": "5899000", "researchAndDevelopment": "0", "operatingExpenses": "15615000", "investmentIncomeNet": "None", "netInterestIncome": "None", "interestIncome": "None", "interestExpense": "0", "nonInterestIncome": "None", "otherNonOperatingIncome": "None", "depreciation": "None", "depreciationAndAmortization": "351000", "incomeBeforeTax": "20112000", "incomeTaxExpense": "5793000", "interestAndDebtExpense": "None", "netIncomeFromContinuingOperations": "14319000", "comprehensiveIncomeNetOfTax": "None", "ebit": "20112000", "ebitda": "20463000", "netIncome": "14319000"}, {"fiscalDateEnding": "2015-03-31", "reportedCurrency": "USD", "grossProfit": "34777000", "totalRevenue": "101788000", "costOfRevenue": "67011000", "costofGoodsAndServicesSold": "67011000", "operatingIncome": "21197000", "sellingGeneralAndAdministrative": "5893000", "researchAndDevelopment": "0", "operatingExpenses": "13580000", "investmentIncomeNet": "None", "netInterestIncome": "None", "interestIncome": "None", "interestExpense": "0", "nonInterestIncome": "None", "otherNonOperatingIncome": "None", "depreciation": "None", "depreciationAndAmortization": "336000", "incomeBeforeTax": "21197000", "incomeTaxExpense": "6067000", "interestAndDebtExpense": "None", "netIncomeFromContinuingOperations": "15130000", "comprehensiveIncomeNetOfTax": "None", "ebit": "21197000", "ebitda": "21533000", "netIncome": "15130000"}, {"fiscalDateEnding": "2014-12-31", "reportedCurrency": "USD", "grossProfit": "38364000", "totalRevenue": "104886000", "costOfRevenue": "66522000", "costofGoodsAndServicesSold": "66522000", "operatingIncome": "23936000", "sellingGeneralAndAdministrative": "6428000", "researchAndDevelopment": "0", "operatingExpenses": "14428000", "investmentIncomeNet": "None", "netInterestIncome": "None", "interestIncome": "None", "interestExpense": "0", "nonInterestIncome": "None", "otherNonOperatingIncome": "None", "depreciation": "None", "depreciationAndAmortization": "340000", "incomeBeforeTax": "23936000", "incomeTaxExpense": "7071000", "interestAndDebtExpense": "None", "netIncomeFromContinuingOperations": "16865000", "comprehensiveIncomeNetOfTax": "None", "ebit": "23936000", "ebitda": "24276000", "netIncome": "16865000"}, {"fiscalDateEnding": "2014-09-30", "reportedCurrency": "USD", "grossProfit": "33492000", "totalRevenue": "102336000", "costOfRevenue": "68844000", "costofGoodsAndServicesSold": "68844000", "operatingIncome": "19348000", "sellingGeneralAndAdministrative": "6183000", "researchAndDevelopment": "0", "operatingExpenses": "14144000", "investmentIncomeNet": "None", "netInterestIncome": "None", "interestIncome": "None", "interestExpense": "0", "nonInterestIncome": "None", "otherNonOperatingIncome": "None", "depreciation": "None", "depreciationAndAmortization": "331000", "incomeBeforeTax": "19348000", "incomeTaxExpense": "5869000", "interestAndDebtExpense": "None", "netIncomeFromContinuingOperations": "13479000", "comprehensiveIncomeNetOfTax": "None", "ebit": "19348000", "ebitda": "19679000", "netIncome": "13479000"}, {"fiscalDateEnding": "2014-06-30", "reportedCurrency": "USD", "grossProfit": "31174000", "totalRevenue": "100624000", "costOfRevenue": "69450000", "costofGoodsAndServicesSold": "69450000", "operatingIncome": "17061000", "sellingGeneralAndAdministrative": "5186000", "researchAndDevelopment": "0", "operatingExpenses": "14113000", "investmentIncomeNet": "None", "netInterestIncome": "None", "interestIncome": "None", "interestExpense": "0", "nonInterestIncome": "None", "otherNonOperatingIncome": "None", "depreciation": "None", "depreciationAndAmortization": "295000", "incomeBeforeTax": "17061000", "incomeTaxExpense": "4288000", "interestAndDebtExpense": "None", "netIncomeFromContinuingOperations": "12773000", "comprehensiveIncomeNetOfTax": "None", "ebit": "17061000", "ebitda": "17356000", "netIncome": "12773000"}, {"fiscalDateEnding": "2014-03-31", "reportedCurrency": "USD", "grossProfit": "28201000", "totalRevenue": "96173000", "costOfRevenue": "67972000", "costofGoodsAndServicesSold": "67972000", "operatingIncome": "13404000", "sellingGeneralAndAdministrative": "6721000", "researchAndDevelopment": "0", "operatingExpenses": "14797000", "investmentIncomeNet": "None", "netInterestIncome": "None", "interestIncome": "None", "interestExpense": "0", "nonInterestIncome": "None", "otherNonOperatingIncome": "None", "depreciation": "None", "depreciationAndAmortization": "332000", "incomeBeforeTax": "13404000", "incomeTaxExpense": "2855000", "interestAndDebtExpense": "None", "netIncomeFromContinuingOperations": "10549000", "comprehensiveIncomeNetOfTax": "None", "ebit": "13404000", "ebitda": "13736000", "netIncome": "10549000"}, {"fiscalDateEnding": "2013-12-31", "reportedCurrency": "USD", "grossProfit": "28462000", "totalRevenue": "94309000", "costOfRevenue": "65847000", "costofGoodsAndServicesSold": "65847000", "operatingIncome": "25030000", "sellingGeneralAndAdministrative": "5891000", "researchAndDevelopment": "0", "operatingExpenses": "3432000", "investmentIncomeNet": "None", "netInterestIncome": "None", "interestIncome": "None", "interestExpense": "0", "nonInterestIncome": "None", "otherNonOperatingIncome": "None", "depreciation": "None", "depreciationAndAmortization": "332000", "incomeBeforeTax": "25030000", "incomeTaxExpense": "7587000", "interestAndDebtExpense": "None", "netIncomeFromContinuingOperations": "17443000", "comprehensiveIncomeNetOfTax": "None", "ebit": "25030000", "ebitda": "25362000", "netIncome": "17443000"}, {"fiscalDateEnding": "2013-09-30", "reportedCurrency": "USD", "grossProfit": "24781000", "totalRevenue": "88003000", "costOfRevenue": "63222000", "costofGoodsAndServicesSold": "63222000", "operatingIncome": "12447000", "sellingGeneralAndAdministrative": "5662000", "researchAndDevelopment": "0", "operatingExpenses": "12334000", "investmentIncomeNet": "None", "netInterestIncome": "None", "interestIncome": "None", "interestExpense": "0", "nonInterestIncome": "None", "otherNonOperatingIncome": "None", "depreciation": "None", "depreciationAndAmortization": "324000", "incomeBeforeTax": "12447000", "incomeTaxExpense": "2748000", "interestAndDebtExpense": "None", "netIncomeFromContinuingOperations": "9699000", "comprehensiveIncomeNetOfTax": "None", "ebit": "12447000", "ebitda": "12771000", "netIncome": "9699000"}, {"fiscalDateEnding": "2013-06-30", "reportedCurrency": "USD", "grossProfit": "24469000", "totalRevenue": "87511000", "costOfRevenue": "63042000", "costofGoodsAndServicesSold": "63042000", "operatingIncome": "10647000", "sellingGeneralAndAdministrative": "5664000", "researchAndDevelopment": "0", "operatingExpenses": "13822000", "investmentIncomeNet": "None", "netInterestIncome": "None", "interestIncome": "None", "interestExpense": "0", "nonInterestIncome": "None", "otherNonOperatingIncome": "None", "depreciation": "None", "depreciationAndAmortization": "322000", "incomeBeforeTax": "10647000", "incomeTaxExpense": "3003000", "interestAndDebtExpense": "None", "netIncomeFromContinuingOperations": "7644000", "comprehensiveIncomeNetOfTax": "None", "ebit": "10647000", "ebitda": "10969000", "netIncome": "7644000"}, {"fiscalDateEnding": "2013-03-31", "reportedCurrency": "USD", "grossProfit": "24347000", "totalRevenue": "86512000", "costOfRevenue": "62165000", "costofGoodsAndServicesSold": "62165000", "operatingIncome": "11080000", "sellingGeneralAndAdministrative": "5645000", "researchAndDevelopment": "0", "operatingExpenses": "13267000", "investmentIncomeNet": "None", "netInterestIncome": "None", "interestIncome": "None", "interestExpense": "0", "nonInterestIncome": "None", "otherNonOperatingIncome": "None", "depreciation": "None", "depreciationAndAmortization": "322000", "incomeBeforeTax": "11080000", "incomeTaxExpense": "2229000", "interestAndDebtExpense": "None", "netIncomeFromContinuingOperations": "8851000", "comprehensiveIncomeNetOfTax": "None", "ebit": "11080000", "ebitda": "11402000", "netIncome": "8851000"}, {"fiscalDateEnding": "2012-12-31", "reportedCurrency": "USD", "grossProfit": "28094000", "totalRevenue": "85583000", "costOfRevenue": "57489000", "costofGoodsAndServicesSold": "57489000", "operatingIncome": "12674000", "sellingGeneralAndAdministrative": "5719000", "researchAndDevelopment": "0", "operatingExpenses": "15420000", "investmentIncomeNet": "None", "netInterestIncome": "None", "interestIncome": "None", "interestExpense": "486000", "nonInterestIncome": "None", "otherNonOperatingIncome": "None", "depreciation": "None", "depreciationAndAmortization": "313000", "incomeBeforeTax": "12674000", "incomeTaxExpense": "3448000", "interestAndDebtExpense": "None", "netIncomeFromContinuingOperations": "9226000", "comprehensiveIncomeNetOfTax": "None", "ebit": "12674000", "ebitda": "12987000", "netIncome": "9226000"}, {"fiscalDateEnding": "2012-09-30", "reportedCurrency": "USD", "grossProfit": "21118000", "totalRevenue": "80374000", "costOfRevenue": "59256000", "costofGoodsAndServicesSold": "59256000", "operatingIncome": "9003000", "sellingGeneralAndAdministrative": "4962000", "researchAndDevelopment": "0", "operatingExpenses": "12115000", "investmentIncomeNet": "None", "netInterestIncome": "None", "interestIncome": "None", "interestExpense": "80000", "nonInterestIncome": "None", "otherNonOperatingIncome": "None", "depreciation": "None", "depreciationAndAmortization": "277000", "incomeBeforeTax": "9003000", "incomeTaxExpense": "1882000", "interestAndDebtExpense": "None", "netIncomeFromContinuingOperations": "7121000", "comprehensiveIncomeNetOfTax": "None", "ebit": "9083000", "ebitda": "9360000", "netIncome": "7121000"}, {"fiscalDateEnding": "2012-06-30", "reportedCurrency": "USD", "grossProfit": "14518000", "totalRevenue": "76637000", "costOfRevenue": "62119000", "costofGoodsAndServicesSold": "62119000", "operatingIncome": "4033000", "sellingGeneralAndAdministrative": "5025000", "researchAndDevelopment": "0", "operatingExpenses": "10485000", "investmentIncomeNet": "None", "netInterestIncome": "None", "interestIncome": "None", "interestExpense": "207000", "nonInterestIncome": "None", "otherNonOperatingIncome": "None", "depreciation": "None", "depreciationAndAmortization": "260000", "incomeBeforeTax": "4033000", "incomeTaxExpense": "588000", "interestAndDebtExpense": "None", "netIncomeFromContinuingOperations": "3445000", "comprehensiveIncomeNetOfTax": "None", "ebit": "4240000", "ebitda": "4500000", "netIncome": "3445000"}, {"fiscalDateEnding": "2012-03-31", "reportedCurrency": "USD", "grossProfit": "21516000", "totalRevenue": "78654000", "costOfRevenue": "57138000", "costofGoodsAndServicesSold": "57138000", "operatingIncome": "11433000", "sellingGeneralAndAdministrative": "5133000", "researchAndDevelopment": "0", "operatingExpenses": "10083000", "investmentIncomeNet": "None", "netInterestIncome": "None", "interestIncome": "None", "interestExpense": "279000", "nonInterestIncome": "None", "otherNonOperatingIncome": "None", "depreciation": "None", "depreciationAndAmortization": "262000", "incomeBeforeTax": "11433000", "incomeTaxExpense": "1872000", "interestAndDebtExpense": "None", "netIncomeFromContinuingOperations": "9561000", "comprehensiveIncomeNetOfTax": "None", "ebit": "11712000", "ebitda": "11974000", "netIncome": "9561000"}, {"fiscalDateEnding": "2011-12-31", "reportedCurrency": "USD", "grossProfit": "74910000", "totalRevenue": "74910000", "costOfRevenue": "-163349000", "costofGoodsAndServicesSold": "-163349000", "operatingIncome": "6692000", "sellingGeneralAndAdministrative": "5146000", "researchAndDevelopment": "0", "operatingExpenses": "68218000", "investmentIncomeNet": "None", "netInterestIncome": "None", "interestIncome": "None", "interestExpense": "275000", "nonInterestIncome": "None", "otherNonOperatingIncome": "None", "depreciation": "None", "depreciationAndAmortization": "237000", "incomeBeforeTax": "6692000", "incomeTaxExpense": "455000", "interestAndDebtExpense": "None", "netIncomeFromContinuingOperations": "0", "comprehensiveIncomeNetOfTax": "None", "ebit": "6967000", "ebitda": "7204000", "netIncome": "6237000"}, {"fiscalDateEnding": "2011-09-30", "reportedCurrency": "USD", "grossProfit": "22416000", "totalRevenue": "71743000", "costOfRevenue": "49327000", "costofGoodsAndServicesSold": "49327000", "operatingIncome": "5518000", "sellingGeneralAndAdministrative": "4821000", "researchAndDevelopment": "0", "operatingExpenses": "16898000", "investmentIncomeNet": "None", "netInterestIncome": "None", "interestIncome": "None", "interestExpense": "277000", "nonInterestIncome": "None", "otherNonOperatingIncome": "None", "depreciation": "None", "depreciationAndAmortization": "249000", "incomeBeforeTax": "5518000", "incomeTaxExpense": "634000", "interestAndDebtExpense": "None", "netIncomeFromContinuingOperations": "6692000", "comprehensiveIncomeNetOfTax": "None", "ebit": "5795000", "ebitda": "6044000", "netIncome": "4884000"}, {"fiscalDateEnding": "2011-06-30", "reportedCurrency": "USD", "grossProfit": "20475000", "totalRevenue": "67051000", "costOfRevenue": "46576000", "costofGoodsAndServicesSold": "46576000", "operatingIncome": "4832000", "sellingGeneralAndAdministrative": "4841000", "researchAndDevelopment": "0", "operatingExpenses": "15643000", "investmentIncomeNet": "None", "netInterestIncome": "None", "interestIncome": "None", "interestExpense": "380000", "nonInterestIncome": "None", "otherNonOperatingIncome": "None", "depreciation": "None", "depreciationAndAmortization": "263000", "incomeBeforeTax": "4832000", "incomeTaxExpense": "238000", "interestAndDebtExpense": "None", "netIncomeFromContinuingOperations": "4569000", "comprehensiveIncomeNetOfTax": "None", "ebit": "5212000", "ebitda": "5475000", "netIncome": "4594000"}, {"fiscalDateEnding": "2011-03-31", "reportedCurrency": "USD", "grossProfit": "22783000", "totalRevenue": "66959000", "costOfRevenue": "44176000", "costofGoodsAndServicesSold": "44176000", "operatingIncome": "7490000", "sellingGeneralAndAdministrative": "5106000", "researchAndDevelopment": "0", "operatingExpenses": "15293000", "investmentIncomeNet": "None", "netInterestIncome": "None", "interestIncome": "None", "interestExpense": "379000", "nonInterestIncome": "None", "otherNonOperatingIncome": "None", "depreciation": "None", "depreciationAndAmortization": "266000", "incomeBeforeTax": "7490000", "incomeTaxExpense": "860000", "interestAndDebtExpense": "None", "netIncomeFromContinuingOperations": "0", "comprehensiveIncomeNetOfTax": "None", "ebit": "7869000", "ebitda": "8135000", "netIncome": "6630000"}, {"fiscalDateEnding": "2010-12-31", "reportedCurrency": "USD", "grossProfit": "63141000", "totalRevenue": "63141000", "costOfRevenue": "-155406000", "costofGoodsAndServicesSold": "-155406000", "operatingIncome": "10497000", "sellingGeneralAndAdministrative": "15270000", "researchAndDevelopment": "0", "operatingExpenses": "52644000", "investmentIncomeNet": "None", "netInterestIncome": "None", "interestIncome": "None", "interestExpense": "388000", "nonInterestIncome": "None", "otherNonOperatingIncome": "None", "depreciation": "None", "depreciationAndAmortization": "256000", "incomeBeforeTax": "10497000", "incomeTaxExpense": "3203000", "interestAndDebtExpense": "None", "netIncomeFromContinuingOperations": "0", "comprehensiveIncomeNetOfTax": "None", "ebit": "10885000", "ebitda": "11141000", "netIncome": "7294000"}, {"fiscalDateEnding": "2010-09-30", "reportedCurrency": "USD", "grossProfit": "13878000", "totalRevenue": "60538000", "costOfRevenue": "46660000", "costofGoodsAndServicesSold": "46660000", "operatingIncome": "4869000", "sellingGeneralAndAdministrative": "5104000", "researchAndDevelopment": "0", "operatingExpenses": "9009000", "investmentIncomeNet": "None", "netInterestIncome": "None", "interestIncome": "None", "interestExpense": "400000", "nonInterestIncome": "None", "otherNonOperatingIncome": "None", "depreciation": "None", "depreciationAndAmortization": "256000", "incomeBeforeTax": "4869000", "incomeTaxExpense": "511000", "interestAndDebtExpense": "None", "netIncomeFromContinuingOperations": "0", "comprehensiveIncomeNetOfTax": "None", "ebit": "5269000", "ebitda": "5525000", "netIncome": "4358000"}, {"fiscalDateEnding": "2010-06-30", "reportedCurrency": "USD", "grossProfit": "26384000", "totalRevenue": "60095000", "costOfRevenue": "33711000", "costofGoodsAndServicesSold": "33711000", "operatingIncome": "13442000", "sellingGeneralAndAdministrative": "4951000", "researchAndDevelopment": "0", "operatingExpenses": "12942000", "investmentIncomeNet": "None", "netInterestIncome": "None", "interestIncome": "None", "interestExpense": "385000", "nonInterestIncome": "None", "otherNonOperatingIncome": "None", "depreciation": "None", "depreciationAndAmortization": "259000", "incomeBeforeTax": "13442000", "incomeTaxExpense": "3018000", "interestAndDebtExpense": "None", "netIncomeFromContinuingOperations": "0", "comprehensiveIncomeNetOfTax": "None", "ebit": "13827000", "ebitda": "14086000", "netIncome": "10424000"}, {"fiscalDateEnding": "2010-03-31", "reportedCurrency": "USD", "grossProfit": "26755000", "totalRevenue": "64382000", "costOfRevenue": "37627000", "costofGoodsAndServicesSold": "37627000", "operatingIncome": "13619000", "sellingGeneralAndAdministrative": "5215000", "researchAndDevelopment": "0", "operatingExpenses": "13136000", "investmentIncomeNet": "None", "netInterestIncome": "None", "interestIncome": "None", "interestExpense": "375000", "nonInterestIncome": "None", "otherNonOperatingIncome": "None", "depreciation": "None", "depreciationAndAmortization": "257000", "incomeBeforeTax": "13619000", "incomeTaxExpense": "2342000", "interestAndDebtExpense": "None", "netIncomeFromContinuingOperations": "0", "comprehensiveIncomeNetOfTax": "None", "ebit": "13994000", "ebitda": "14251000", "netIncome": "11277000"}, {"fiscalDateEnding": "2009-12-31", "reportedCurrency": "USD", "grossProfit": "63972000", "totalRevenue": "63972000", "costOfRevenue": "-182700000", "costofGoodsAndServicesSold": "-182700000", "operatingIncome": "8478000", "sellingGeneralAndAdministrative": "5436000", "researchAndDevelopment": "0", "operatingExpenses": "55494000", "investmentIncomeNet": "None", "netInterestIncome": "None", "interestIncome": "None", "interestExpense": "399000", "nonInterestIncome": "None", "otherNonOperatingIncome": "None", "depreciation": "None", "depreciationAndAmortization": "262000", "incomeBeforeTax": "8478000", "incomeTaxExpense": "1881000", "interestAndDebtExpense": "None", "netIncomeFromContinuingOperations": "0", "comprehensiveIncomeNetOfTax": "None", "ebit": "8877000", "ebitda": "9139000", "netIncome": "6597000"}, {"fiscalDateEnding": "2009-09-30", "reportedCurrency": "USD", "grossProfit": "33850000", "totalRevenue": "67208000", "costOfRevenue": "33358000", "costofGoodsAndServicesSold": "33358000", "operatingIncome": "20697000", "sellingGeneralAndAdministrative": "5331000", "researchAndDevelopment": "0", "operatingExpenses": "13153000", "investmentIncomeNet": "None", "netInterestIncome": "None", "interestIncome": "None", "interestExpense": "417000", "nonInterestIncome": "None", "otherNonOperatingIncome": "None", "depreciation": "None", "depreciationAndAmortization": "276000", "incomeBeforeTax": "20697000", "incomeTaxExpense": "5626000", "interestAndDebtExpense": "None", "netIncomeFromContinuingOperations": "0", "comprehensiveIncomeNetOfTax": "None", "ebit": "21114000", "ebitda": "21390000", "netIncome": "15071000"}, {"fiscalDateEnding": "2009-06-30", "reportedCurrency": "USD", "grossProfit": "33277000", "totalRevenue": "73496000", "costOfRevenue": "40219000", "costofGoodsAndServicesSold": "40219000", "operatingIncome": "18278000", "sellingGeneralAndAdministrative": "5668000", "researchAndDevelopment": "0", "operatingExpenses": "14999000", "investmentIncomeNet": "None", "netInterestIncome": "None", "interestIncome": "None", "interestExpense": "383000", "nonInterestIncome": "None", "otherNonOperatingIncome": "None", "depreciation": "None", "depreciationAndAmortization": "315000", "incomeBeforeTax": "18278000", "incomeTaxExpense": "4577000", "interestAndDebtExpense": "None", "netIncomeFromContinuingOperations": "0", "comprehensiveIncomeNetOfTax": "None", "ebit": "18661000", "ebitda": "18976000", "netIncome": "13701000"}, {"fiscalDateEnding": "2009-03-31", "reportedCurrency": "USD", "grossProfit": "30465000", "totalRevenue": "77535000", "costOfRevenue": "47070000", "costofGoodsAndServicesSold": "47070000", "operatingIncome": "14905000", "sellingGeneralAndAdministrative": "5012000", "researchAndDevelopment": "0", "operatingExpenses": "15560000", "investmentIncomeNet": "None", "netInterestIncome": "None", "interestIncome": "None", "interestExpense": "611000", "nonInterestIncome": "None", "otherNonOperatingIncome": "None", "depreciation": "None", "depreciationAndAmortization": "311000", "incomeBeforeTax": "14905000", "incomeTaxExpense": "3843000", "interestAndDebtExpense": "None", "netIncomeFromContinuingOperations": "0", "comprehensiveIncomeNetOfTax": "None", "ebit": "15516000", "ebitda": "15827000", "netIncome": "11062000"}, {"fiscalDateEnding": "2008-12-31", "reportedCurrency": "USD", "grossProfit": "64006000", "totalRevenue": "64006000", "costOfRevenue": "-203027000", "costofGoodsAndServicesSold": "-203027000", "operatingIncome": "10714000", "sellingGeneralAndAdministrative": "5214000", "researchAndDevelopment": "0", "operatingExpenses": "53292000", "investmentIncomeNet": "None", "netInterestIncome": "None", "interestIncome": "None", "interestExpense": "380000", "nonInterestIncome": "None", "otherNonOperatingIncome": "None", "depreciation": "None", "depreciationAndAmortization": "319000", "incomeBeforeTax": "10714000", "incomeTaxExpense": "4977000", "interestAndDebtExpense": "None", "netIncomeFromContinuingOperations": "0", "comprehensiveIncomeNetOfTax": "None", "ebit": "11094000", "ebitda": "11413000", "netIncome": "5737000"}, {"fiscalDateEnding": "2008-09-30", "reportedCurrency": "USD", "grossProfit": "34303000", "totalRevenue": "76275000", "costOfRevenue": "41972000", "costofGoodsAndServicesSold": "41972000", "operatingIncome": "19050000", "sellingGeneralAndAdministrative": "5040000", "researchAndDevelopment": "0", "operatingExpenses": "15253000", "investmentIncomeNet": "None", "netInterestIncome": "None", "interestIncome": "None", "interestExpense": "654000", "nonInterestIncome": "None", "otherNonOperatingIncome": "None", "depreciation": "None", "depreciationAndAmortization": "316000", "incomeBeforeTax": "19050000", "incomeTaxExpense": "5691000", "interestAndDebtExpense": "None", "netIncomeFromContinuingOperations": "0", "comprehensiveIncomeNetOfTax": "None", "ebit": "19704000", "ebitda": "20020000", "netIncome": "13359000"}, {"fiscalDateEnding": "2008-06-30", "reportedCurrency": "USD", "grossProfit": "32513000", "totalRevenue": "79830000", "costOfRevenue": "47317000", "costofGoodsAndServicesSold": "47317000", "operatingIncome": "17585000", "sellingGeneralAndAdministrative": "5152000", "researchAndDevelopment": "0", "operatingExpenses": "14928000", "investmentIncomeNet": "None", "netInterestIncome": "None", "interestIncome": "None", "interestExpense": "657000", "nonInterestIncome": "None", "otherNonOperatingIncome": "None", "depreciation": "None", "depreciationAndAmortization": "293000", "incomeBeforeTax": "17585000", "incomeTaxExpense": "4758000", "interestAndDebtExpense": "None", "netIncomeFromContinuingOperations": "0", "comprehensiveIncomeNetOfTax": "None", "ebit": "18242000", "ebitda": "18535000", "netIncome": "12827000"}, {"fiscalDateEnding": "2008-03-31", "reportedCurrency": "USD", "grossProfit": "27662000", "totalRevenue": "82266000", "costOfRevenue": "54604000", "costofGoodsAndServicesSold": "54604000", "operatingIncome": "16739000", "sellingGeneralAndAdministrative": "5005000", "researchAndDevelopment": "0", "operatingExpenses": "10923000", "investmentIncomeNet": "None", "netInterestIncome": "None", "interestIncome": "None", "interestExpense": "769000", "nonInterestIncome": "None", "otherNonOperatingIncome": "None", "depreciation": "None", "depreciationAndAmortization": "260000", "incomeBeforeTax": "16739000", "incomeTaxExpense": "4816000", "interestAndDebtExpense": "None", "netIncomeFromContinuingOperations": "0", "comprehensiveIncomeNetOfTax": "None", "ebit": "17508000", "ebitda": "17768000", "netIncome": "11923000"}, {"fiscalDateEnding": "2007-12-31", "reportedCurrency": "USD", "grossProfit": "82368000", "totalRevenue": "82368000", "costOfRevenue": "-210788000", "costofGoodsAndServicesSold": "-210788000", "operatingIncome": "27234000", "sellingGeneralAndAdministrative": "4921000", "researchAndDevelopment": "0", "operatingExpenses": "55134000", "investmentIncomeNet": "None", "netInterestIncome": "None", "interestIncome": "None", "interestExpense": "881000", "nonInterestIncome": "None", "otherNonOperatingIncome": "None", "depreciation": "None", "depreciationAndAmortization": "1042000", "incomeBeforeTax": "27234000", "incomeTaxExpense": "8614000", "interestAndDebtExpense": "None", "netIncomeFromContinuingOperations": "0", "comprehensiveIncomeNetOfTax": "None", "ebit": "28115000", "ebitda": "29157000", "netIncome": "18620000"}, {"fiscalDateEnding": "2007-09-30", "reportedCurrency": "USD", "grossProfit": "27429000", "totalRevenue": "88293000", "costOfRevenue": "60864000", "costofGoodsAndServicesSold": "60864000", "operatingIncome": "16347000", "sellingGeneralAndAdministrative": "4664000", "researchAndDevelopment": "0", "operatingExpenses": "11082000", "investmentIncomeNet": "None", "netInterestIncome": "None", "interestIncome": "None", "interestExpense": "900000", "nonInterestIncome": "None", "otherNonOperatingIncome": "None", "depreciation": "None", "depreciationAndAmortization": "383000", "incomeBeforeTax": "16347000", "incomeTaxExpense": "4528000", "interestAndDebtExpense": "None", "netIncomeFromContinuingOperations": "0", "comprehensiveIncomeNetOfTax": "None", "ebit": "17247000", "ebitda": "17630000", "netIncome": "11819000"}, {"fiscalDateEnding": "2007-06-30", "reportedCurrency": "USD", "grossProfit": "26366000", "totalRevenue": "84713000", "costOfRevenue": "58347000", "costofGoodsAndServicesSold": "58347000", "operatingIncome": "15629000", "sellingGeneralAndAdministrative": "4606000", "researchAndDevelopment": "0", "operatingExpenses": "10737000", "investmentIncomeNet": "None", "netInterestIncome": "None", "interestIncome": "None", "interestExpense": "886000", "nonInterestIncome": "None", "otherNonOperatingIncome": "None", "depreciation": "None", "depreciationAndAmortization": "457000", "incomeBeforeTax": "15629000", "incomeTaxExpense": "4267000", "interestAndDebtExpense": "None", "netIncomeFromContinuingOperations": "0", "comprehensiveIncomeNetOfTax": "None", "ebit": "16515000", "ebitda": "16972000", "netIncome": "11362000"}, {"fiscalDateEnding": "2007-03-31", "reportedCurrency": "USD", "grossProfit": "22919000", "totalRevenue": "82945000", "costOfRevenue": "60026000", "costofGoodsAndServicesSold": "60026000", "operatingIncome": "11885000", "sellingGeneralAndAdministrative": "4705000", "researchAndDevelopment": "0", "operatingExpenses": "11034000", "investmentIncomeNet": "None", "netInterestIncome": "None", "interestIncome": "None", "interestExpense": "878000", "nonInterestIncome": "None", "otherNonOperatingIncome": "None", "depreciation": "None", "depreciationAndAmortization": "502000", "incomeBeforeTax": "11885000", "incomeTaxExpense": "3467000", "interestAndDebtExpense": "None", "netIncomeFromContinuingOperations": "0", "comprehensiveIncomeNetOfTax": "None", "ebit": "12763000", "ebitda": "13265000", "netIncome": "8418000"}, {"fiscalDateEnding": "2006-12-31", "reportedCurrency": "USD", "grossProfit": "96485000", "totalRevenue": "96485000", "costOfRevenue": "-183977000", "costofGoodsAndServicesSold": "-183977000", "operatingIncome": "22081000", "sellingGeneralAndAdministrative": "4830000", "researchAndDevelopment": "0", "operatingExpenses": "74404000", "investmentIncomeNet": "None", "netInterestIncome": "None", "interestIncome": "None", "interestExpense": "917000", "nonInterestIncome": "None", "otherNonOperatingIncome": "None", "depreciation": "None", "depreciationAndAmortization": "-1115000", "incomeBeforeTax": "22081000", "incomeTaxExpense": "8042000", "interestAndDebtExpense": "None", "netIncomeFromContinuingOperations": "0", "comprehensiveIncomeNetOfTax": "None", "ebit": "24992000", "ebitda": "23877000", "netIncome": "14039000"}, {"fiscalDateEnding": "2006-09-30", "reportedCurrency": "USD", "grossProfit": "21016000", "totalRevenue": "81848000", "costOfRevenue": "60832000", "costofGoodsAndServicesSold": "60832000", "operatingIncome": "10757000", "sellingGeneralAndAdministrative": "4195000", "researchAndDevelopment": "0", "operatingExpenses": "10259000", "investmentIncomeNet": "None", "netInterestIncome": "None", "interestIncome": "None", "interestExpense": "923000", "nonInterestIncome": "None", "otherNonOperatingIncome": "None", "depreciation": "None", "depreciationAndAmortization": "515000", "incomeBeforeTax": "10757000", "incomeTaxExpense": "2492000", "interestAndDebtExpense": "None", "netIncomeFromContinuingOperations": "0", "comprehensiveIncomeNetOfTax": "None", "ebit": "11680000", "ebitda": "12195000", "netIncome": "8265000"}, {"fiscalDateEnding": "2006-06-30", "reportedCurrency": "USD", "grossProfit": "19524000", "totalRevenue": "79229000", "costOfRevenue": "59705000", "costofGoodsAndServicesSold": "59705000", "operatingIncome": "9735000", "sellingGeneralAndAdministrative": "4207000", "researchAndDevelopment": "0", "operatingExpenses": "9789000", "investmentIncomeNet": "None", "netInterestIncome": "None", "interestIncome": "None", "interestExpense": "843000", "nonInterestIncome": "None", "otherNonOperatingIncome": "None", "depreciation": "None", "depreciationAndAmortization": "478000", "incomeBeforeTax": "9735000", "incomeTaxExpense": "1917000", "interestAndDebtExpense": "None", "netIncomeFromContinuingOperations": "0", "comprehensiveIncomeNetOfTax": "None", "ebit": "10578000", "ebitda": "11056000", "netIncome": "7818000"}, {"fiscalDateEnding": "2006-03-31", "reportedCurrency": "USD", "grossProfit": "14833000", "totalRevenue": "75158000", "costOfRevenue": "60325000", "costofGoodsAndServicesSold": "60325000", "operatingIncome": "9873000", "sellingGeneralAndAdministrative": "4082000", "researchAndDevelopment": "0", "operatingExpenses": "4960000", "investmentIncomeNet": "None", "netInterestIncome": "None", "interestIncome": "None", "interestExpense": "813000", "nonInterestIncome": "None", "otherNonOperatingIncome": "None", "depreciation": "None", "depreciationAndAmortization": "450000", "incomeBeforeTax": "9873000", "incomeTaxExpense": "2637000", "interestAndDebtExpense": "None", "netIncomeFromContinuingOperations": "0", "comprehensiveIncomeNetOfTax": "None", "ebit": "10686000", "ebitda": "11136000", "netIncome": "7236000"}, {"fiscalDateEnding": "2005-12-31", "reportedCurrency": "USD", "grossProfit": "60278000", "totalRevenue": "73165000", "costOfRevenue": "12887000", "costofGoodsAndServicesSold": "12887000", "operatingIncome": "55413000", "sellingGeneralAndAdministrative": "4082000", "researchAndDevelopment": "0", "operatingExpenses": "4865000", "investmentIncomeNet": "None", "netInterestIncome": "None", "interestIncome": "None", "interestExpense": "783000", "nonInterestIncome": "None", "otherNonOperatingIncome": "None", "depreciation": "None", "depreciationAndAmortization": "-81112000", "incomeBeforeTax": "7429000", "incomeTaxExpense": "2025000", "interestAndDebtExpense": "None", "netIncomeFromContinuingOperations": "0", "comprehensiveIncomeNetOfTax": "None", "ebit": "89324000", "ebitda": "783000", "netIncome": "5404000"}, {"fiscalDateEnding": "2005-09-30", "reportedCurrency": "USD", "grossProfit": "12051000", "totalRevenue": "69356000", "costOfRevenue": "57305000", "costofGoodsAndServicesSold": "57305000", "operatingIncome": "6519000", "sellingGeneralAndAdministrative": "3356000", "researchAndDevelopment": "0", "operatingExpenses": "5532000", "investmentIncomeNet": "None", "netInterestIncome": "None", "interestIncome": "None", "interestExpense": "735000", "nonInterestIncome": "None", "otherNonOperatingIncome": "None", "depreciation": "None", "depreciationAndAmortization": "551000", "incomeBeforeTax": "6519000", "incomeTaxExpense": "1709000", "interestAndDebtExpense": "None", "netIncomeFromContinuingOperations": "0", "comprehensiveIncomeNetOfTax": "None", "ebit": "7254000", "ebitda": "7805000", "netIncome": "4810000"}]}