{"symbol": "AIHS", "annualReports": [{"fiscalDateEnding": "2025-03-31", "reportedCurrency": "USD", "grossProfit": "849803", "totalRevenue": "3389072", "costOfRevenue": "2539269", "costofGoodsAndServicesSold": "2539269", "operatingIncome": "-3867516", "sellingGeneralAndAdministrative": "2624120", "researchAndDevelopment": "None", "operatingExpenses": "4717319", "investmentIncomeNet": "None", "netInterestIncome": "-15145", "interestIncome": "None", "interestExpense": "15145", "nonInterestIncome": "None", "otherNonOperatingIncome": "None", "depreciation": "None", "depreciationAndAmortization": "1278797", "incomeBeforeTax": "-3467165", "incomeTaxExpense": "None", "interestAndDebtExpense": "None", "netIncomeFromContinuingOperations": "-3467165", "comprehensiveIncomeNetOfTax": "None", "ebit": "-3452020", "ebitda": "-2173223", "netIncome": "-3725305"}, {"fiscalDateEnding": "2024-03-31", "reportedCurrency": "USD", "grossProfit": "924731", "totalRevenue": "4320031", "costOfRevenue": "3395300", "costofGoodsAndServicesSold": "3395300", "operatingIncome": "-4375528", "sellingGeneralAndAdministrative": "3574513", "researchAndDevelopment": "0.62", "operatingExpenses": "5300259", "investmentIncomeNet": "None", "netInterestIncome": "-46718", "interestIncome": "None", "interestExpense": "29613", "nonInterestIncome": "None", "otherNonOperatingIncome": "None", "depreciation": "None", "depreciationAndAmortization": "1403215", "incomeBeforeTax": "-3834000", "incomeTaxExpense": "20206", "interestAndDebtExpense": "None", "netIncomeFromContinuingOperations": "-4234214", "comprehensiveIncomeNetOfTax": "None", "ebit": "-3804387", "ebitda": "-2401172", "netIncome": "-3668974"}, {"fiscalDateEnding": "2023-03-31", "reportedCurrency": "USD", "grossProfit": "1492513", "totalRevenue": "8082514", "costOfRevenue": "6590001", "costofGoodsAndServicesSold": "6590001", "operatingIncome": "-6140908", "sellingGeneralAndAdministrative": "6142447", "researchAndDevelopment": "0.47", "operatingExpenses": "7633421", "investmentIncomeNet": "None", "netInterestIncome": "-25675", "interestIncome": "None", "interestExpense": "25675", "nonInterestIncome": "None", "otherNonOperatingIncome": "None", "depreciation": "None", "depreciationAndAmortization": "1991363", "incomeBeforeTax": "-3790693", "incomeTaxExpense": "-676944", "interestAndDebtExpense": "None", "netIncomeFromContinuingOperations": "-3790693", "comprehensiveIncomeNetOfTax": "None", "ebit": "-3765018", "ebitda": "-1773655", "netIncome": "-3113749"}, {"fiscalDateEnding": "2022-03-31", "reportedCurrency": "USD", "grossProfit": "-2088195", "totalRevenue": "4913102", "costOfRevenue": "7001297", "costofGoodsAndServicesSold": "7001297", "operatingIncome": "-11561988", "sellingGeneralAndAdministrative": "9035142", "researchAndDevelopment": "1.14", "operatingExpenses": "9473793", "investmentIncomeNet": "None", "netInterestIncome": "-883629", "interestIncome": "None", "interestExpense": "61737", "nonInterestIncome": "None", "otherNonOperatingIncome": "None", "depreciation": "None", "depreciationAndAmortization": "2072674", "incomeBeforeTax": "-5601579", "incomeTaxExpense": "4566", "interestAndDebtExpense": "None", "netIncomeFromContinuingOperations": "-5606145", "comprehensiveIncomeNetOfTax": "None", "ebit": "-5539842", "ebitda": "-3467168", "netIncome": "-536624"}, {"fiscalDateEnding": "2021-03-31", "reportedCurrency": "USD", "grossProfit": "204761", "totalRevenue": "2188840", "costOfRevenue": "1984079", "costofGoodsAndServicesSold": "1984079", "operatingIncome": "-6011429", "sellingGeneralAndAdministrative": "5905579", "researchAndDevelopment": "3.41", "operatingExpenses": "6216190", "investmentIncomeNet": "None", "netInterestIncome": "-778966", "interestIncome": "None", "interestExpense": "46518", "nonInterestIncome": "None", "otherNonOperatingIncome": "-2355729", "depreciation": "None", "depreciationAndAmortization": "591587", "incomeBeforeTax": "-7467093", "incomeTaxExpense": "8332", "interestAndDebtExpense": "None", "netIncomeFromContinuingOperations": "-12600000", "comprehensiveIncomeNetOfTax": "None", "ebit": "-7420575", "ebitda": "-6828988", "netIncome": "-10360058"}, {"fiscalDateEnding": "2020-03-31", "reportedCurrency": "USD", "grossProfit": "3375337", "totalRevenue": "15655575", "costOfRevenue": "12280238", "costofGoodsAndServicesSold": "12280238", "operatingIncome": "-5596938", "sellingGeneralAndAdministrative": "5496955", "researchAndDevelopment": "0.28", "operatingExpenses": "8972275", "investmentIncomeNet": "None", "netInterestIncome": "-96624", "interestIncome": "1326690", "interestExpense": "470031", "nonInterestIncome": "None", "otherNonOperatingIncome": "1377970", "depreciation": "None", "depreciationAndAmortization": "1656815", "incomeBeforeTax": "-4315592", "incomeTaxExpense": "33184", "interestAndDebtExpense": "None", "netIncomeFromContinuingOperations": "-4348776", "comprehensiveIncomeNetOfTax": "None", "ebit": "-3845561", "ebitda": "-2188746", "netIncome": "-8673325"}, {"fiscalDateEnding": "2019-03-31", "reportedCurrency": "USD", "grossProfit": "738920", "totalRevenue": "2551107", "costOfRevenue": "1812187", "costofGoodsAndServicesSold": "1812187", "operatingIncome": "-1042847", "sellingGeneralAndAdministrative": "1776690", "researchAndDevelopment": "0.44", "operatingExpenses": "1781767", "investmentIncomeNet": "None", "netInterestIncome": "-33878", "interestIncome": "33880", "interestExpense": "33878", "nonInterestIncome": "None", "otherNonOperatingIncome": "-37830", "depreciation": "None", "depreciationAndAmortization": "12247", "incomeBeforeTax": "-1133870", "incomeTaxExpense": "21905", "interestAndDebtExpense": "None", "netIncomeFromContinuingOperations": "-4542525", "comprehensiveIncomeNetOfTax": "None", "ebit": "-1099992", "ebitda": "-1087745", "netIncome": "-4549869"}, {"fiscalDateEnding": "2018-03-31", "reportedCurrency": "USD", "grossProfit": "494897", "totalRevenue": "494897", "costOfRevenue": "659558", "costofGoodsAndServicesSold": "659558", "operatingIncome": "-9861846", "sellingGeneralAndAdministrative": "1517804", "researchAndDevelopment": "19.92", "operatingExpenses": "10356743", "investmentIncomeNet": "None", "netInterestIncome": "None", "interestIncome": "None", "interestExpense": "8176507", "nonInterestIncome": "None", "otherNonOperatingIncome": "0", "depreciation": "None", "depreciationAndAmortization": "663138", "incomeBeforeTax": "-9858972", "incomeTaxExpense": "16355888", "interestAndDebtExpense": "None", "netIncomeFromContinuingOperations": "-9858972", "comprehensiveIncomeNetOfTax": "None", "ebit": "-9858972", "ebitda": "-9195834", "netIncome": "-9858972"}, {"fiscalDateEnding": "2017-03-31", "reportedCurrency": "USD", "grossProfit": "73237", "totalRevenue": "73237", "costOfRevenue": "324710", "costofGoodsAndServicesSold": "324710", "operatingIncome": "-510245", "sellingGeneralAndAdministrative": "258772", "researchAndDevelopment": "6.96", "operatingExpenses": "583482", "investmentIncomeNet": "None", "netInterestIncome": "30", "interestIncome": "30", "interestExpense": "30", "nonInterestIncome": "None", "otherNonOperatingIncome": "0", "depreciation": "None", "depreciationAndAmortization": "325671", "incomeBeforeTax": "-509769", "incomeTaxExpense": "78113", "interestAndDebtExpense": "None", "netIncomeFromContinuingOperations": "-509769", "comprehensiveIncomeNetOfTax": "None", "ebit": "-510245", "ebitda": "-184574", "netIncome": "-587882"}, {"fiscalDateEnding": "2016-03-31", "reportedCurrency": "USD", "grossProfit": "0", "totalRevenue": "0", "costOfRevenue": "0", "costofGoodsAndServicesSold": "0", "operatingIncome": "-18724", "sellingGeneralAndAdministrative": "18720", "researchAndDevelopment": "0", "operatingExpenses": "18724", "investmentIncomeNet": "None", "netInterestIncome": "None", "interestIncome": "None", "interestExpense": "1", "nonInterestIncome": "None", "otherNonOperatingIncome": "0", "depreciation": "None", "depreciationAndAmortization": "2670", "incomeBeforeTax": "-18723", "incomeTaxExpense": "-2669", "interestAndDebtExpense": "None", "netIncomeFromContinuingOperations": "-18723", "comprehensiveIncomeNetOfTax": "None", "ebit": "-18724", "ebitda": "-16054", "netIncome": "-16054"}], "quarterlyReports": [{"fiscalDateEnding": "2025-12-31", "reportedCurrency": "None", "grossProfit": "49480", "totalRevenue": "358684", "costOfRevenue": "309204", "costofGoodsAndServicesSold": "309204", "operatingIncome": "-1096585", "sellingGeneralAndAdministrative": "None", "researchAndDevelopment": "None", "operatingExpenses": "651157", "investmentIncomeNet": "None", "netInterestIncome": "None", "interestIncome": "None", "interestExpense": "None", "nonInterestIncome": "None", "otherNonOperatingIncome": "None", "depreciation": "None", "depreciationAndAmortization": "None", "incomeBeforeTax": "-853133", "incomeTaxExpense": "184096", "interestAndDebtExpense": "None", "netIncomeFromContinuingOperations": "None", "comprehensiveIncomeNetOfTax": "None", "ebit": "None", "ebitda": "-1096585", "netIncome": "-1037229"}, {"fiscalDateEnding": "2025-09-30", "reportedCurrency": "USD", "grossProfit": "274088", "totalRevenue": "936344", "costOfRevenue": "662256", "costofGoodsAndServicesSold": "662256", "operatingIncome": "-758213", "sellingGeneralAndAdministrative": "907255", "researchAndDevelopment": "None", "operatingExpenses": "1032301", "investmentIncomeNet": "None", "netInterestIncome": "0", "interestIncome": "None", "interestExpense": "0", "nonInterestIncome": "None", "otherNonOperatingIncome": "None", "depreciation": "None", "depreciationAndAmortization": "248151", "incomeBeforeTax": "-723730", "incomeTaxExpense": "-74987", "interestAndDebtExpense": "None", "netIncomeFromContinuingOperations": "-723730", "comprehensiveIncomeNetOfTax": "None", "ebit": "-1006364", "ebitda": "-758213", "netIncome": "-648743"}, {"fiscalDateEnding": "2025-06-30", "reportedCurrency": "USD", "grossProfit": "196955", "totalRevenue": "860099", "costOfRevenue": "663144", "costofGoodsAndServicesSold": "663144", "operatingIncome": "-611290", "sellingGeneralAndAdministrative": "808245", "researchAndDevelopment": "None", "operatingExpenses": "808245", "investmentIncomeNet": "None", "netInterestIncome": "-615", "interestIncome": "None", "interestExpense": "615", "nonInterestIncome": "None", "otherNonOperatingIncome": "None", "depreciation": "None", "depreciationAndAmortization": "268932", "incomeBeforeTax": "-276438", "incomeTaxExpense": "None", "interestAndDebtExpense": "None", "netIncomeFromContinuingOperations": "-276438", "comprehensiveIncomeNetOfTax": "None", "ebit": "-275823", "ebitda": "-6891", "netIncome": "-164397"}, {"fiscalDateEnding": "2025-03-31", "reportedCurrency": "USD", "grossProfit": "323547", "totalRevenue": "844347", "costOfRevenue": "520800", "costofGoodsAndServicesSold": "520800", "operatingIncome": "-1771576", "sellingGeneralAndAdministrative": "724605", "researchAndDevelopment": "None", "operatingExpenses": "2615923", "investmentIncomeNet": "None", "netInterestIncome": "-2422", "interestIncome": "None", "interestExpense": "2422", "nonInterestIncome": "None", "otherNonOperatingIncome": "None", "depreciation": "None", "depreciationAndAmortization": "None", "incomeBeforeTax": "-1909163", "incomeTaxExpense": "None", "interestAndDebtExpense": "None", "netIncomeFromContinuingOperations": "-1909163", "comprehensiveIncomeNetOfTax": "None", "ebit": "None", "ebitda": "None", "netIncome": "-1775121"}, {"fiscalDateEnding": "2024-12-31", "reportedCurrency": "USD", "grossProfit": "176387", "totalRevenue": "919836", "costOfRevenue": "743449", "costofGoodsAndServicesSold": "743449", "operatingIncome": "-706224", "sellingGeneralAndAdministrative": "515366", "researchAndDevelopment": "None", "operatingExpenses": "882611", "investmentIncomeNet": "None", "netInterestIncome": "-3365", "interestIncome": "None", "interestExpense": "3365", "nonInterestIncome": "None", "otherNonOperatingIncome": "None", "depreciation": "None", "depreciationAndAmortization": "314754", "incomeBeforeTax": "-583378", "incomeTaxExpense": "-18063", "interestAndDebtExpense": "None", "netIncomeFromContinuingOperations": "-583378", "comprehensiveIncomeNetOfTax": "None", "ebit": "-580013", "ebitda": "-265259", "netIncome": "-565315"}, {"fiscalDateEnding": "2024-09-30", "reportedCurrency": "USD", "grossProfit": "96899", "totalRevenue": "745880", "costOfRevenue": "648981", "costofGoodsAndServicesSold": "648981", "operatingIncome": "-615747", "sellingGeneralAndAdministrative": "530651", "researchAndDevelopment": "None", "operatingExpenses": "712646", "investmentIncomeNet": "None", "netInterestIncome": "-4270", "interestIncome": "None", "interestExpense": "4270", "nonInterestIncome": "None", "otherNonOperatingIncome": "None", "depreciation": "None", "depreciationAndAmortization": "300897", "incomeBeforeTax": "-238739", "incomeTaxExpense": "472710", "interestAndDebtExpense": "None", "netIncomeFromContinuingOperations": "-238739", "comprehensiveIncomeNetOfTax": "None", "ebit": "-234469", "ebitda": "66428", "netIncome": "-711449"}, {"fiscalDateEnding": "2024-06-30", "reportedCurrency": "USD", "grossProfit": "320535", "totalRevenue": "1122400", "costOfRevenue": "801865", "costofGoodsAndServicesSold": "801865", "operatingIncome": "-793174", "sellingGeneralAndAdministrative": "940268", "researchAndDevelopment": "None", "operatingExpenses": "1113709", "investmentIncomeNet": "None", "netInterestIncome": "-10948", "interestIncome": "None", "interestExpense": "10948", "nonInterestIncome": "None", "otherNonOperatingIncome": "None", "depreciation": "None", "depreciationAndAmortization": "352300", "incomeBeforeTax": "-764753", "incomeTaxExpense": "-1935", "interestAndDebtExpense": "None", "netIncomeFromContinuingOperations": "-762818", "comprehensiveIncomeNetOfTax": "None", "ebit": "-753805", "ebitda": "-401505", "netIncome": "-673420"}, {"fiscalDateEnding": "2024-03-31", "reportedCurrency": "USD", "grossProfit": "186952", "totalRevenue": "1274353", "costOfRevenue": "1087401", "costofGoodsAndServicesSold": "1087401", "operatingIncome": "-1574837", "sellingGeneralAndAdministrative": "716439", "researchAndDevelopment": "None", "operatingExpenses": "1761789", "investmentIncomeNet": "None", "netInterestIncome": "-13001", "interestIncome": "None", "interestExpense": "13001", "nonInterestIncome": "None", "otherNonOperatingIncome": "None", "depreciation": "None", "depreciationAndAmortization": "348567", "incomeBeforeTax": "-1720503", "incomeTaxExpense": "-9016", "interestAndDebtExpense": "None", "netIncomeFromContinuingOperations": "-1711487", "comprehensiveIncomeNetOfTax": "None", "ebit": "-1707502", "ebitda": "-1358935", "netIncome": "-1381191"}, {"fiscalDateEnding": "2023-12-31", "reportedCurrency": "USD", "grossProfit": "288450", "totalRevenue": "1108207", "costOfRevenue": "819757", "costofGoodsAndServicesSold": "819757", "operatingIncome": "-902364", "sellingGeneralAndAdministrative": "1190814", "researchAndDevelopment": "None", "operatingExpenses": "1190814", "investmentIncomeNet": "None", "netInterestIncome": "-14643", "interestIncome": "None", "interestExpense": "6791", "nonInterestIncome": "None", "otherNonOperatingIncome": "None", "depreciation": "None", "depreciationAndAmortization": "396942", "incomeBeforeTax": "-703034", "incomeTaxExpense": "40070", "interestAndDebtExpense": "None", "netIncomeFromContinuingOperations": "-893928", "comprehensiveIncomeNetOfTax": "None", "ebit": "-696243", "ebitda": "-299301", "netIncome": "-933998"}, {"fiscalDateEnding": "2023-09-30", "reportedCurrency": "USD", "grossProfit": "180256", "totalRevenue": "1183138", "costOfRevenue": "1002882", "costofGoodsAndServicesSold": "1002882", "operatingIncome": "-1172255", "sellingGeneralAndAdministrative": "799188", "researchAndDevelopment": "None", "operatingExpenses": "1352511", "investmentIncomeNet": "None", "netInterestIncome": "-9827", "interestIncome": "None", "interestExpense": "7594", "nonInterestIncome": "None", "otherNonOperatingIncome": "None", "depreciation": "None", "depreciationAndAmortization": "330219", "incomeBeforeTax": "-1082401", "incomeTaxExpense": "-247014", "interestAndDebtExpense": "None", "netIncomeFromContinuingOperations": "-1207452", "comprehensiveIncomeNetOfTax": "None", "ebit": "-1074807", "ebitda": "-744588", "netIncome": "-925957"}, {"fiscalDateEnding": "2023-06-30", "reportedCurrency": "USD", "grossProfit": "581940", "totalRevenue": "2094714", "costOfRevenue": "1512774", "costofGoodsAndServicesSold": "1512774", "operatingIncome": "-788422", "sellingGeneralAndAdministrative": "1243289", "researchAndDevelopment": "None", "operatingExpenses": "1370362", "investmentIncomeNet": "None", "netInterestIncome": "-9247", "interestIncome": "None", "interestExpense": "9247", "nonInterestIncome": "None", "otherNonOperatingIncome": "None", "depreciation": "None", "depreciationAndAmortization": "379429", "incomeBeforeTax": "-421347", "incomeTaxExpense": "-547008", "interestAndDebtExpense": "None", "netIncomeFromContinuingOperations": "-421347", "comprehensiveIncomeNetOfTax": "None", "ebit": "-412100", "ebitda": "-32671", "netIncome": "-427828"}, {"fiscalDateEnding": "2023-03-31", "reportedCurrency": "USD", "grossProfit": "540965", "totalRevenue": "1758596", "costOfRevenue": "1217631", "costofGoodsAndServicesSold": "1217631", "operatingIncome": "-1785731", "sellingGeneralAndAdministrative": "1309789", "researchAndDevelopment": "None", "operatingExpenses": "3544327", "investmentIncomeNet": "None", "netInterestIncome": "-9773", "interestIncome": "None", "interestExpense": "9773", "nonInterestIncome": "None", "otherNonOperatingIncome": "None", "depreciation": "None", "depreciationAndAmortization": "None", "incomeBeforeTax": "-1868540", "incomeTaxExpense": "None", "interestAndDebtExpense": "None", "netIncomeFromContinuingOperations": "-1868540", "comprehensiveIncomeNetOfTax": "None", "ebit": "None", "ebitda": "-1448631", "netIncome": "-1391771"}, {"fiscalDateEnding": "2022-12-31", "reportedCurrency": "USD", "grossProfit": "182750", "totalRevenue": "1740920", "costOfRevenue": "1558170", "costofGoodsAndServicesSold": "1558170", "operatingIncome": "-1329376", "sellingGeneralAndAdministrative": "1385580", "researchAndDevelopment": "None", "operatingExpenses": "1512126", "investmentIncomeNet": "None", "netInterestIncome": "-7601", "interestIncome": "None", "interestExpense": "7601", "nonInterestIncome": "None", "otherNonOperatingIncome": "None", "depreciation": "None", "depreciationAndAmortization": "463185", "incomeBeforeTax": "-986269", "incomeTaxExpense": "-14928", "interestAndDebtExpense": "None", "netIncomeFromContinuingOperations": "-986269", "comprehensiveIncomeNetOfTax": "None", "ebit": "-978668", "ebitda": "-515483", "netIncome": "-971341"}, {"fiscalDateEnding": "2022-09-30", "reportedCurrency": "USD", "grossProfit": "308818", "totalRevenue": "2241202", "costOfRevenue": "1932384", "costofGoodsAndServicesSold": "1932384", "operatingIncome": "-1585206", "sellingGeneralAndAdministrative": "1527731", "researchAndDevelopment": "None", "operatingExpenses": "1894024", "investmentIncomeNet": "None", "netInterestIncome": "-1153", "interestIncome": "None", "interestExpense": "1153", "nonInterestIncome": "None", "otherNonOperatingIncome": "None", "depreciation": "None", "depreciationAndAmortization": "565333", "incomeBeforeTax": "-1179804", "incomeTaxExpense": "-96314", "interestAndDebtExpense": "None", "netIncomeFromContinuingOperations": "-1179804", "comprehensiveIncomeNetOfTax": "None", "ebit": "-1178651", "ebitda": "-613318", "netIncome": "-1083490"}, {"fiscalDateEnding": "2022-06-30", "reportedCurrency": "USD", "grossProfit": "459980", "totalRevenue": "2341796", "costOfRevenue": "1881816", "costofGoodsAndServicesSold": "1881816", "operatingIncome": "-1440595", "sellingGeneralAndAdministrative": "1919347", "researchAndDevelopment": "None", "operatingExpenses": "1900575", "investmentIncomeNet": "None", "netInterestIncome": "-7148", "interestIncome": "None", "interestExpense": "7148", "nonInterestIncome": "None", "otherNonOperatingIncome": "None", "depreciation": "None", "depreciationAndAmortization": "552709", "incomeBeforeTax": "243920", "incomeTaxExpense": "16", "interestAndDebtExpense": "None", "netIncomeFromContinuingOperations": "243920", "comprehensiveIncomeNetOfTax": "None", "ebit": "251068", "ebitda": "803777", "netIncome": "332853"}, {"fiscalDateEnding": "2022-03-31", "reportedCurrency": "USD", "grossProfit": "-507130", "totalRevenue": "-3335931", "costOfRevenue": "-2828801", "costofGoodsAndServicesSold": "-2828801", "operatingIncome": "241812", "sellingGeneralAndAdministrative": "903811", "researchAndDevelopment": "None", "operatingExpenses": "-3577743", "investmentIncomeNet": "None", "netInterestIncome": "296152", "interestIncome": "None", "interestExpense": "296152", "nonInterestIncome": "None", "otherNonOperatingIncome": "None", "depreciation": "None", "depreciationAndAmortization": "None", "incomeBeforeTax": "2018553", "incomeTaxExpense": "None", "interestAndDebtExpense": "None", "netIncomeFromContinuingOperations": "2018537", "comprehensiveIncomeNetOfTax": "None", "ebit": "None", "ebitda": "1722401", "netIncome": "5136606"}, {"fiscalDateEnding": "2021-12-31", "reportedCurrency": "USD", "grossProfit": "202530", "totalRevenue": "1660119", "costOfRevenue": "1457589", "costofGoodsAndServicesSold": "1457589", "operatingIncome": "-2508292", "sellingGeneralAndAdministrative": "2701921", "researchAndDevelopment": "None", "operatingExpenses": "2710822", "investmentIncomeNet": "None", "netInterestIncome": "-936286", "interestIncome": "None", "interestExpense": "13612", "nonInterestIncome": "None", "otherNonOperatingIncome": "None", "depreciation": "None", "depreciationAndAmortization": "550027", "incomeBeforeTax": "290773", "incomeTaxExpense": "4539", "interestAndDebtExpense": "None", "netIncomeFromContinuingOperations": "-132121", "comprehensiveIncomeNetOfTax": "None", "ebit": "304385", "ebitda": "854412", "netIncome": "155459"}, {"fiscalDateEnding": "2021-09-30", "reportedCurrency": "USD", "grossProfit": "-435138", "totalRevenue": "1113719", "costOfRevenue": "1548857", "costofGoodsAndServicesSold": "1548857", "operatingIncome": "-2312032", "sellingGeneralAndAdministrative": "1828438", "researchAndDevelopment": "None", "operatingExpenses": "1876894", "investmentIncomeNet": "None", "netInterestIncome": "-121160", "interestIncome": "None", "interestExpense": "15571", "nonInterestIncome": "None", "otherNonOperatingIncome": "None", "depreciation": "None", "depreciationAndAmortization": "510191", "incomeBeforeTax": "711271", "incomeTaxExpense": "11", "interestAndDebtExpense": "None", "netIncomeFromContinuingOperations": "-121925", "comprehensiveIncomeNetOfTax": "None", "ebit": "726842", "ebitda": "1237033", "netIncome": "419926"}, {"fiscalDateEnding": "2021-06-30", "reportedCurrency": "USD", "grossProfit": "-1917690", "totalRevenue": "378754", "costOfRevenue": "2296444", "costofGoodsAndServicesSold": "2296444", "operatingIncome": "-4775827", "sellingGeneralAndAdministrative": "2647269", "researchAndDevelopment": "None", "operatingExpenses": "2858137", "investmentIncomeNet": "None", "netInterestIncome": "-122335", "interestIncome": "None", "interestExpense": "21698", "nonInterestIncome": "None", "otherNonOperatingIncome": "-381283", "depreciation": "None", "depreciationAndAmortization": "384388", "incomeBeforeTax": "-6203419", "incomeTaxExpense": "163", "interestAndDebtExpense": "None", "netIncomeFromContinuingOperations": "-4034413", "comprehensiveIncomeNetOfTax": "None", "ebit": "-6181721", "ebitda": "-5797333", "netIncome": "-6248615"}, {"fiscalDateEnding": "2021-03-31", "reportedCurrency": "USD", "grossProfit": "-396234", "totalRevenue": "1984672", "costOfRevenue": "2380906", "costofGoodsAndServicesSold": "2380906", "operatingIncome": "-3558454", "sellingGeneralAndAdministrative": "3162220", "researchAndDevelopment": "None", "operatingExpenses": "5543126", "investmentIncomeNet": "None", "netInterestIncome": "-153811", "interestIncome": "None", "interestExpense": "153811", "nonInterestIncome": "None", "otherNonOperatingIncome": "None", "depreciation": "None", "depreciationAndAmortization": "None", "incomeBeforeTax": "-4034913", "incomeTaxExpense": "163", "interestAndDebtExpense": "None", "netIncomeFromContinuingOperations": "-4035076", "comprehensiveIncomeNetOfTax": "None", "ebit": "-3636931", "ebitda": "-2550950", "netIncome": "-3117817"}, {"fiscalDateEnding": "2020-12-31", "reportedCurrency": "USD", "grossProfit": "-155265", "totalRevenue": "1638550", "costOfRevenue": "1793815", "costofGoodsAndServicesSold": "1793815", "operatingIncome": "-2410591", "sellingGeneralAndAdministrative": "2401250", "researchAndDevelopment": "None", "operatingExpenses": "2255326", "investmentIncomeNet": "None", "netInterestIncome": "-152385", "interestIncome": "None", "interestExpense": "152385", "nonInterestIncome": "None", "otherNonOperatingIncome": "-1253656", "depreciation": "None", "depreciationAndAmortization": "1082188", "incomeBeforeTax": "-3666405", "incomeTaxExpense": "7487", "interestAndDebtExpense": "None", "netIncomeFromContinuingOperations": "-3673892", "comprehensiveIncomeNetOfTax": "None", "ebit": "-3514020", "ebitda": "-2431832", "netIncome": "-3081012"}, {"fiscalDateEnding": "2020-09-30", "reportedCurrency": "USD", "grossProfit": "395881", "totalRevenue": "1390396", "costOfRevenue": "994515", "costofGoodsAndServicesSold": "994515", "operatingIncome": "-2386011", "sellingGeneralAndAdministrative": "2749209", "researchAndDevelopment": "None", "operatingExpenses": "2781892", "investmentIncomeNet": "None", "netInterestIncome": "-225945", "interestIncome": "None", "interestExpense": "225945", "nonInterestIncome": "None", "otherNonOperatingIncome": "-205557", "depreciation": "None", "depreciationAndAmortization": "1312495", "incomeBeforeTax": "-2606460", "incomeTaxExpense": "705", "interestAndDebtExpense": "None", "netIncomeFromContinuingOperations": "-2607165", "comprehensiveIncomeNetOfTax": "None", "ebit": "-2380515", "ebitda": "-1068020", "netIncome": "-2180744"}, {"fiscalDateEnding": "2020-06-30", "reportedCurrency": "USD", "grossProfit": "346660", "totalRevenue": "1146916", "costOfRevenue": "800256", "costofGoodsAndServicesSold": "800256", "operatingIncome": "-1742377", "sellingGeneralAndAdministrative": "1960425", "researchAndDevelopment": "None", "operatingExpenses": "2089037", "investmentIncomeNet": "None", "netInterestIncome": "-246825", "interestIncome": "None", "interestExpense": "246825", "nonInterestIncome": "None", "otherNonOperatingIncome": "-515233", "depreciation": "None", "depreciationAndAmortization": "959684", "incomeBeforeTax": "-2278258", "incomeTaxExpense": "6272", "interestAndDebtExpense": "None", "netIncomeFromContinuingOperations": "-2284530", "comprehensiveIncomeNetOfTax": "None", "ebit": "-2031433", "ebitda": "-1071749", "netIncome": "-1980485"}, {"fiscalDateEnding": "2020-03-31", "reportedCurrency": "USD", "grossProfit": "364810", "totalRevenue": "2012150", "costOfRevenue": "1647340", "costofGoodsAndServicesSold": "1647340", "operatingIncome": "-5121050", "sellingGeneralAndAdministrative": "5485870", "researchAndDevelopment": "None", "operatingExpenses": "5485860", "investmentIncomeNet": "None", "netInterestIncome": "-17031", "interestIncome": "103120", "interestExpense": "17031", "nonInterestIncome": "None", "otherNonOperatingIncome": "None", "depreciation": "None", "depreciationAndAmortization": "20420", "incomeBeforeTax": "-5216160", "incomeTaxExpense": "230", "interestAndDebtExpense": "None", "netIncomeFromContinuingOperations": "-5216393", "comprehensiveIncomeNetOfTax": "None", "ebit": "-5121050", "ebitda": "-5100630", "netIncome": "-3858050"}, {"fiscalDateEnding": "2019-12-31", "reportedCurrency": "USD", "grossProfit": "844174", "totalRevenue": "2745579", "costOfRevenue": "1901405", "costofGoodsAndServicesSold": "1901405", "operatingIncome": "-495064", "sellingGeneralAndAdministrative": "1240213", "researchAndDevelopment": "None", "operatingExpenses": "1339238", "investmentIncomeNet": "None", "netInterestIncome": "-17248", "interestIncome": "502650", "interestExpense": "17248", "nonInterestIncome": "None", "otherNonOperatingIncome": "-523036", "depreciation": "None", "depreciationAndAmortization": "80740", "incomeBeforeTax": "-1035348", "incomeTaxExpense": "-72648", "interestAndDebtExpense": "None", "netIncomeFromContinuingOperations": "-962700", "comprehensiveIncomeNetOfTax": "None", "ebit": "-1018100", "ebitda": "-937360", "netIncome": "-5327167"}, {"fiscalDateEnding": "2019-09-30", "reportedCurrency": "USD", "grossProfit": "1176103", "totalRevenue": "5885287", "costOfRevenue": "4709184", "costofGoodsAndServicesSold": "4709184", "operatingIncome": "-77174", "sellingGeneralAndAdministrative": "1137801", "researchAndDevelopment": "None", "operatingExpenses": "1253277", "investmentIncomeNet": "None", "netInterestIncome": "-25306", "interestIncome": "1932460", "interestExpense": "25306", "nonInterestIncome": "None", "otherNonOperatingIncome": "1975423", "depreciation": "None", "depreciationAndAmortization": "52417", "incomeBeforeTax": "1866822", "incomeTaxExpense": "4457", "interestAndDebtExpense": "None", "netIncomeFromContinuingOperations": "1141359", "comprehensiveIncomeNetOfTax": "None", "ebit": "1892128", "ebitda": "1944545", "netIncome": "1090253"}, {"fiscalDateEnding": "2019-06-30", "reportedCurrency": "USD", "grossProfit": "990251", "totalRevenue": "5012563", "costOfRevenue": "4022312", "costofGoodsAndServicesSold": "4022312", "operatingIncome": "102080", "sellingGeneralAndAdministrative": "875433", "researchAndDevelopment": "0", "operatingExpenses": "888171", "investmentIncomeNet": "None", "netInterestIncome": "-37039", "interestIncome": "40440", "interestExpense": "37039", "nonInterestIncome": "None", "otherNonOperatingIncome": "-8193", "depreciation": "None", "depreciationAndAmortization": "38807", "incomeBeforeTax": "74812", "incomeTaxExpense": "101141", "interestAndDebtExpense": "None", "netIncomeFromContinuingOperations": "-505432", "comprehensiveIncomeNetOfTax": "None", "ebit": "111851", "ebitda": "150658", "netIncome": "-578360"}, {"fiscalDateEnding": "2019-03-31", "reportedCurrency": "USD", "grossProfit": "620180", "totalRevenue": "2432370", "costOfRevenue": "1812190", "costofGoodsAndServicesSold": "1812190", "operatingIncome": "-133270", "sellingGeneralAndAdministrative": "753450", "researchAndDevelopment": "0", "operatingExpenses": "753450", "investmentIncomeNet": "None", "netInterestIncome": "-27639", "interestIncome": "27640", "interestExpense": "27639", "nonInterestIncome": "None", "otherNonOperatingIncome": "0", "depreciation": "None", "depreciationAndAmortization": "329930", "incomeBeforeTax": "-228840", "incomeTaxExpense": "21910", "interestAndDebtExpense": "None", "netIncomeFromContinuingOperations": "-2053864", "comprehensiveIncomeNetOfTax": "None", "ebit": "-133270", "ebitda": "196660", "netIncome": "-2058170"}, {"fiscalDateEnding": "2018-12-31", "reportedCurrency": "USD", "grossProfit": "209857", "totalRevenue": "209857", "costOfRevenue": "1812190", "costofGoodsAndServicesSold": "1812190", "operatingIncome": "-776989", "sellingGeneralAndAdministrative": "529913", "researchAndDevelopment": "0", "operatingExpenses": "986846", "investmentIncomeNet": "None", "netInterestIncome": "None", "interestIncome": "None", "interestExpense": "6239", "nonInterestIncome": "None", "otherNonOperatingIncome": "14936", "depreciation": "None", "depreciationAndAmortization": "64258", "incomeBeforeTax": "-768292", "incomeTaxExpense": "3041", "interestAndDebtExpense": "None", "netIncomeFromContinuingOperations": "-765251", "comprehensiveIncomeNetOfTax": "None", "ebit": "-776989", "ebitda": "-712731", "netIncome": "-771333"}, {"fiscalDateEnding": "2018-09-30", "reportedCurrency": "USD", "grossProfit": "71508", "totalRevenue": "71508", "costOfRevenue": "2129240.18", "costofGoodsAndServicesSold": "2129240.18", "operatingIncome": "-797734", "sellingGeneralAndAdministrative": "782451", "researchAndDevelopment": "0", "operatingExpenses": "869242", "investmentIncomeNet": "None", "netInterestIncome": "None", "interestIncome": "None", "interestExpense": "7729", "nonInterestIncome": "None", "otherNonOperatingIncome": "0", "depreciation": "None", "depreciationAndAmortization": "89806", "incomeBeforeTax": "-790005", "incomeTaxExpense": "-7729", "interestAndDebtExpense": "None", "netIncomeFromContinuingOperations": "-797734", "comprehensiveIncomeNetOfTax": "None", "ebit": "-790005", "ebitda": "-700199", "netIncome": "-790005"}, {"fiscalDateEnding": "2018-06-30", "reportedCurrency": "USD", "grossProfit": "125026", "totalRevenue": "125026", "costOfRevenue": "104581.31", "costofGoodsAndServicesSold": "104581.31", "operatingIncome": "-933540", "sellingGeneralAndAdministrative": "972269", "researchAndDevelopment": "0", "operatingExpenses": "1058566", "investmentIncomeNet": "None", "netInterestIncome": "None", "interestIncome": "None", "interestExpense": "3176", "nonInterestIncome": "None", "otherNonOperatingIncome": "0", "depreciation": "None", "depreciationAndAmortization": "88179", "incomeBeforeTax": "-930364", "incomeTaxExpense": "-3176", "interestAndDebtExpense": "None", "netIncomeFromContinuingOperations": "-930364", "comprehensiveIncomeNetOfTax": "None", "ebit": "-930364", "ebitda": "-842185", "netIncome": "-930364"}, {"fiscalDateEnding": "2018-03-31", "reportedCurrency": "USD", "grossProfit": "159399", "totalRevenue": "159399", "costOfRevenue": "1812190", "costofGoodsAndServicesSold": "1812190", "operatingIncome": "-8748785", "sellingGeneralAndAdministrative": "557455", "researchAndDevelopment": "0", "operatingExpenses": "8908184", "investmentIncomeNet": "None", "netInterestIncome": "None", "interestIncome": "None", "interestExpense": "8178428", "nonInterestIncome": "None", "otherNonOperatingIncome": "None", "depreciation": "None", "depreciationAndAmortization": "172313", "incomeBeforeTax": "-8747832", "incomeTaxExpense": "8178428", "interestAndDebtExpense": "None", "netIncomeFromContinuingOperations": "-10761264.61", "comprehensiveIncomeNetOfTax": "None", "ebit": "-569404", "ebitda": "-397091", "netIncome": "-8747832"}, {"fiscalDateEnding": "2017-12-31", "reportedCurrency": "USD", "grossProfit": "152538", "totalRevenue": "152538", "costOfRevenue": "288000", "costofGoodsAndServicesSold": "288000", "operatingIncome": "-301288", "sellingGeneralAndAdministrative": "288620", "researchAndDevelopment": "0", "operatingExpenses": "453826", "investmentIncomeNet": "None", "netInterestIncome": "None", "interestIncome": "None", "interestExpense": "58", "nonInterestIncome": "None", "otherNonOperatingIncome": "None", "depreciation": "None", "depreciationAndAmortization": "166196", "incomeBeforeTax": "-301217", "incomeTaxExpense": "-58", "interestAndDebtExpense": "None", "netIncomeFromContinuingOperations": "-645424", "comprehensiveIncomeNetOfTax": "None", "ebit": "-301217", "ebitda": "-135021", "netIncome": "-301217"}, {"fiscalDateEnding": "2017-09-30", "reportedCurrency": "USD", "grossProfit": "117168", "totalRevenue": "117168", "costOfRevenue": "377000", "costofGoodsAndServicesSold": "377000", "operatingIncome": "-425991", "sellingGeneralAndAdministrative": "379410", "researchAndDevelopment": "0", "operatingExpenses": "543159", "investmentIncomeNet": "None", "netInterestIncome": "None", "interestIncome": "None", "interestExpense": "64", "nonInterestIncome": "None", "otherNonOperatingIncome": "None", "depreciation": "None", "depreciationAndAmortization": "164685", "incomeBeforeTax": "-425213", "incomeTaxExpense": "-64", "interestAndDebtExpense": "None", "netIncomeFromContinuingOperations": "728917", "comprehensiveIncomeNetOfTax": "None", "ebit": "-425991", "ebitda": "-261306", "netIncome": "-425213"}, {"fiscalDateEnding": "2017-06-30", "reportedCurrency": "USD", "grossProfit": "65792", "totalRevenue": "65792", "costOfRevenue": "292000", "costofGoodsAndServicesSold": "292000", "operatingIncome": "-385782", "sellingGeneralAndAdministrative": "292319", "researchAndDevelopment": "0", "operatingExpenses": "451574", "investmentIncomeNet": "None", "netInterestIncome": "None", "interestIncome": "None", "interestExpense": "88", "nonInterestIncome": "None", "otherNonOperatingIncome": "None", "depreciation": "None", "depreciationAndAmortization": "159944", "incomeBeforeTax": "-384710", "incomeTaxExpense": "-88", "interestAndDebtExpense": "None", "netIncomeFromContinuingOperations": "-384710", "comprehensiveIncomeNetOfTax": "None", "ebit": "-385782", "ebitda": "-225838", "netIncome": "-384710"}, {"fiscalDateEnding": "2017-03-31", "reportedCurrency": "USD", "grossProfit": "43458", "totalRevenue": "43458", "costOfRevenue": "197000", "costofGoodsAndServicesSold": "197000", "operatingIncome": "-324681", "sellingGeneralAndAdministrative": "205075", "researchAndDevelopment": "0", "operatingExpenses": "368139", "investmentIncomeNet": "None", "netInterestIncome": "None", "interestIncome": "None", "interestExpense": "27", "nonInterestIncome": "None", "otherNonOperatingIncome": "None", "depreciation": "None", "depreciationAndAmortization": "163559", "incomeBeforeTax": "-324208", "incomeTaxExpense": "-27", "interestAndDebtExpense": "None", "netIncomeFromContinuingOperations": "-335917", "comprehensiveIncomeNetOfTax": "None", "ebit": "-324681", "ebitda": "-161122", "netIncome": "-324208"}, {"fiscalDateEnding": "2016-12-31", "reportedCurrency": "USD", "grossProfit": "29779", "totalRevenue": "29779", "costOfRevenue": "42000", "costofGoodsAndServicesSold": "42000", "operatingIncome": "-173854", "sellingGeneralAndAdministrative": "41987", "researchAndDevelopment": "0", "operatingExpenses": "203633", "investmentIncomeNet": "None", "netInterestIncome": "None", "interestIncome": "None", "interestExpense": "2", "nonInterestIncome": "None", "otherNonOperatingIncome": "None", "depreciation": "None", "depreciationAndAmortization": "161646", "incomeBeforeTax": "-173852", "incomeTaxExpense": "-2", "interestAndDebtExpense": "None", "netIncomeFromContinuingOperations": "-173852", "comprehensiveIncomeNetOfTax": "None", "ebit": "-173854", "ebitda": "-12208", "netIncome": "-173852"}, {"fiscalDateEnding": "2016-09-30", "reportedCurrency": "USD", "grossProfit": "0", "totalRevenue": "0", "costOfRevenue": "12000", "costofGoodsAndServicesSold": "12000", "operatingIncome": "-3620", "sellingGeneralAndAdministrative": "3620", "researchAndDevelopment": "0", "operatingExpenses": "3620", "investmentIncomeNet": "None", "netInterestIncome": "None", "interestIncome": "None", "interestExpense": "0", "nonInterestIncome": "None", "otherNonOperatingIncome": "None", "depreciation": "None", "depreciationAndAmortization": "-67496", "incomeBeforeTax": "-3620", "incomeTaxExpense": "67496", "interestAndDebtExpense": "None", "netIncomeFromContinuingOperations": "0", "comprehensiveIncomeNetOfTax": "None", "ebit": "63876", "ebitda": "-3620", "netIncome": "-71116"}, {"fiscalDateEnding": "2016-06-30", "reportedCurrency": "USD", "grossProfit": "None", "totalRevenue": "None", "costOfRevenue": "None", "costofGoodsAndServicesSold": "None", "operatingIncome": "-8090", "sellingGeneralAndAdministrative": "8090", "researchAndDevelopment": "None", "operatingExpenses": "8090", "investmentIncomeNet": "None", "netInterestIncome": "None", "interestIncome": "None", "interestExpense": "1", "nonInterestIncome": "None", "otherNonOperatingIncome": "None", "depreciation": "None", "depreciationAndAmortization": "-10616", "incomeBeforeTax": "-8089", "incomeTaxExpense": "10617", "interestAndDebtExpense": "None", "netIncomeFromContinuingOperations": "None", "comprehensiveIncomeNetOfTax": "None", "ebit": "2526", "ebitda": "-8090", "netIncome": "-18706"}]}