{"symbol": "SCHW", "annualReports": [{"fiscalDateEnding": "2025-12-31", "reportedCurrency": "None", "grossProfit": "23921000000", "totalRevenue": "26843000000", "costOfRevenue": "2922000000", "costofGoodsAndServicesSold": "2922000000", "operatingIncome": "11459000000", "sellingGeneralAndAdministrative": "7902000000", "researchAndDevelopment": "None", "operatingExpenses": "12462000000", "investmentIncomeNet": "None", "netInterestIncome": "None", "interestIncome": "None", "interestExpense": "3754000000", "nonInterestIncome": "None", "otherNonOperatingIncome": "None", "depreciation": "None", "depreciationAndAmortization": "1362000000", "incomeBeforeTax": "11459000000", "incomeTaxExpense": "2607000000", "interestAndDebtExpense": "None", "netIncomeFromContinuingOperations": "None", "comprehensiveIncomeNetOfTax": "None", "ebit": "11459000000", "ebitda": "12821000000", "netIncome": "8852000000"}, {"fiscalDateEnding": "2024-12-31", "reportedCurrency": "USD", "grossProfit": "19606000000", "totalRevenue": "25999000000", "costOfRevenue": "6393000000", "costofGoodsAndServicesSold": "6393000000", "operatingIncome": "7692000000", "sellingGeneralAndAdministrative": "6043000000", "researchAndDevelopment": "None", "operatingExpenses": "11914000000", "investmentIncomeNet": "None", "netInterestIncome": "9144000000", "interestIncome": "15537000000", "interestExpense": "6393000000", "nonInterestIncome": "None", "otherNonOperatingIncome": "None", "depreciation": "None", "depreciationAndAmortization": "1435000000", "incomeBeforeTax": "7692000000", "incomeTaxExpense": "1750000000", "interestAndDebtExpense": "None", "netIncomeFromContinuingOperations": "5942000000", "comprehensiveIncomeNetOfTax": "None", "ebit": "7692000000", "ebitda": "9127000000", "netIncome": "5942000000"}, {"fiscalDateEnding": "2023-12-31", "reportedCurrency": "USD", "grossProfit": "18837000000", "totalRevenue": "25521000000", "costOfRevenue": "6684000000", "costofGoodsAndServicesSold": "6684000000", "operatingIncome": "6378000000", "sellingGeneralAndAdministrative": "6315000000", "researchAndDevelopment": "0.25", "operatingExpenses": "12459000000", "investmentIncomeNet": "None", "netInterestIncome": "10326000000", "interestIncome": "15985000000", "interestExpense": "6684000000", "nonInterestIncome": "None", "otherNonOperatingIncome": "None", "depreciation": "None", "depreciationAndAmortization": "1338000000", "incomeBeforeTax": "6378000000", "incomeTaxExpense": "1311000000", "interestAndDebtExpense": "None", "netIncomeFromContinuingOperations": "5990000000", "comprehensiveIncomeNetOfTax": "None", "ebit": "6378000000", "ebitda": "7716000000", "netIncome": "5067000000"}, {"fiscalDateEnding": "2022-12-31", "reportedCurrency": "USD", "grossProfit": "20762000000", "totalRevenue": "22307000000", "costOfRevenue": "1545000000", "costofGoodsAndServicesSold": "1545000000", "operatingIncome": "9388000000", "sellingGeneralAndAdministrative": "5936000000", "researchAndDevelopment": "0.42", "operatingExpenses": "11374000000", "investmentIncomeNet": "None", "netInterestIncome": "10682000000", "interestIncome": "12227000000", "interestExpense": "1545000000", "nonInterestIncome": "None", "otherNonOperatingIncome": "None", "depreciation": "None", "depreciationAndAmortization": "1248000000", "incomeBeforeTax": "9388000000", "incomeTaxExpense": "2205000000", "interestAndDebtExpense": "None", "netIncomeFromContinuingOperations": "7183000000", "comprehensiveIncomeNetOfTax": "None", "ebit": "9388000000", "ebitda": "10636000000", "netIncome": "7183000000"}, {"fiscalDateEnding": "2021-12-31", "reportedCurrency": "USD", "grossProfit": "18520000000", "totalRevenue": "18996000000", "costOfRevenue": "476000000", "costofGoodsAndServicesSold": "476000000", "operatingIncome": "7713000000", "sellingGeneralAndAdministrative": "5450000000", "researchAndDevelopment": "0.41", "operatingExpenses": "10807000000", "investmentIncomeNet": "None", "netInterestIncome": "8030000000", "interestIncome": "8506000000", "interestExpense": "476000000", "nonInterestIncome": "None", "otherNonOperatingIncome": "None", "depreciation": "None", "depreciationAndAmortization": "1164000000", "incomeBeforeTax": "7713000000", "incomeTaxExpense": "1858000000", "interestAndDebtExpense": "None", "netIncomeFromContinuingOperations": "5855000000", "comprehensiveIncomeNetOfTax": "None", "ebit": "7713000000", "ebitda": "8877000000", "netIncome": "5855000000"}, {"fiscalDateEnding": "2020-12-31", "reportedCurrency": "USD", "grossProfit": "11691000000", "totalRevenue": "12109000000", "costOfRevenue": "418000000", "costofGoodsAndServicesSold": "418000000", "operatingIncome": "4300000000", "sellingGeneralAndAdministrative": "3954000000", "researchAndDevelopment": "0.36", "operatingExpenses": "7391000000", "investmentIncomeNet": "None", "netInterestIncome": "6113000000", "interestIncome": "6531000000", "interestExpense": "418000000", "nonInterestIncome": "None", "otherNonOperatingIncome": "None", "depreciation": "None", "depreciationAndAmortization": "604000000", "incomeBeforeTax": "4300000000", "incomeTaxExpense": "1001000000", "interestAndDebtExpense": "None", "netIncomeFromContinuingOperations": "3299000000", "comprehensiveIncomeNetOfTax": "None", "ebit": "4300000000", "ebitda": "4904000000", "netIncome": "3299000000"}, {"fiscalDateEnding": "2019-12-31", "reportedCurrency": "USD", "grossProfit": "10721000000", "totalRevenue": "11785000000", "costOfRevenue": "1064000000", "costofGoodsAndServicesSold": "1064000000", "operatingIncome": "4848000000", "sellingGeneralAndAdministrative": "3695000000", "researchAndDevelopment": "None", "operatingExpenses": "5873000000", "investmentIncomeNet": "None", "netInterestIncome": "6516000000", "interestIncome": "7580000000", "interestExpense": "1064000000", "nonInterestIncome": "None", "otherNonOperatingIncome": "None", "depreciation": "None", "depreciationAndAmortization": "349000000", "incomeBeforeTax": "4848000000", "incomeTaxExpense": "1144000000", "interestAndDebtExpense": "None", "netIncomeFromContinuingOperations": "3704000000", "comprehensiveIncomeNetOfTax": "None", "ebit": "4848000000", "ebitda": "5197000000", "netIncome": "3704000000"}, {"fiscalDateEnding": "2018-12-31", "reportedCurrency": "USD", "grossProfit": "10132000000", "totalRevenue": "10989000000", "costOfRevenue": "857000000", "costofGoodsAndServicesSold": "857000000", "operatingIncome": "4562000000", "sellingGeneralAndAdministrative": "3488000000", "researchAndDevelopment": "0", "operatingExpenses": "5570000000", "investmentIncomeNet": "None", "netInterestIncome": "5823000000", "interestIncome": "6680000000", "interestExpense": "857000000", "nonInterestIncome": "None", "otherNonOperatingIncome": "None", "depreciation": "None", "depreciationAndAmortization": "306000000", "incomeBeforeTax": "4562000000", "incomeTaxExpense": "1055000000", "interestAndDebtExpense": "None", "netIncomeFromContinuingOperations": "3507000000", "comprehensiveIncomeNetOfTax": "None", "ebit": "4562000000", "ebitda": "4868000000", "netIncome": "3507000000"}, {"fiscalDateEnding": "2017-12-31", "reportedCurrency": "USD", "grossProfit": "8618000000", "totalRevenue": "8960000000", "costOfRevenue": "342000000", "costofGoodsAndServicesSold": "342000000", "operatingIncome": "3650000000", "sellingGeneralAndAdministrative": "3147000000", "researchAndDevelopment": "0", "operatingExpenses": "4968000000", "investmentIncomeNet": "None", "netInterestIncome": "4282000000", "interestIncome": "4624000000", "interestExpense": "342000000", "nonInterestIncome": "None", "otherNonOperatingIncome": "None", "depreciation": "None", "depreciationAndAmortization": "269000000", "incomeBeforeTax": "3650000000", "incomeTaxExpense": "1296000000", "interestAndDebtExpense": "None", "netIncomeFromContinuingOperations": "2354000000", "comprehensiveIncomeNetOfTax": "None", "ebit": "3650000000", "ebitda": "3919000000", "netIncome": "2354000000"}, {"fiscalDateEnding": "2016-12-31", "reportedCurrency": "USD", "grossProfit": "7478000000", "totalRevenue": "7649000000", "costOfRevenue": "166000000", "costofGoodsAndServicesSold": "166000000", "operatingIncome": "2993000000", "sellingGeneralAndAdministrative": "2847000000", "researchAndDevelopment": "0", "operatingExpenses": "4490000000", "investmentIncomeNet": "None", "netInterestIncome": "3322000000", "interestIncome": "3493000000", "interestExpense": "171000000", "nonInterestIncome": "None", "otherNonOperatingIncome": "None", "depreciation": "None", "depreciationAndAmortization": "234000000", "incomeBeforeTax": "2993000000", "incomeTaxExpense": "1104000000", "interestAndDebtExpense": "None", "netIncomeFromContinuingOperations": "1889000000", "comprehensiveIncomeNetOfTax": "None", "ebit": "2993000000", "ebitda": "3227000000", "netIncome": "1889000000"}, {"fiscalDateEnding": "2015-12-31", "reportedCurrency": "USD", "grossProfit": "6369000000", "totalRevenue": "6501000000", "costOfRevenue": "121000000", "costofGoodsAndServicesSold": "121000000", "operatingIncome": "2279000000", "sellingGeneralAndAdministrative": "2581000000", "researchAndDevelopment": "0", "operatingExpenses": "4101000000", "investmentIncomeNet": "None", "netInterestIncome": "None", "interestIncome": "None", "interestExpense": "132000000", "nonInterestIncome": "None", "otherNonOperatingIncome": "None", "depreciation": "None", "depreciationAndAmortization": "224000000", "incomeBeforeTax": "2279000000", "incomeTaxExpense": "832000000", "interestAndDebtExpense": "None", "netIncomeFromContinuingOperations": "1447000000", "comprehensiveIncomeNetOfTax": "None", "ebit": "2279000000", "ebitda": "2503000000", "netIncome": "1447000000"}, {"fiscalDateEnding": "2014-12-31", "reportedCurrency": "USD", "grossProfit": "6054000000", "totalRevenue": "6156000000", "costOfRevenue": "98000000", "costofGoodsAndServicesSold": "98000000", "operatingIncome": "2115000000", "sellingGeneralAndAdministrative": "2407000000", "researchAndDevelopment": "0", "operatingExpenses": "3943000000", "investmentIncomeNet": "None", "netInterestIncome": "None", "interestIncome": "None", "interestExpense": "102000000", "nonInterestIncome": "None", "otherNonOperatingIncome": "None", "depreciation": "None", "depreciationAndAmortization": "199000000", "incomeBeforeTax": "2115000000", "incomeTaxExpense": "794000000", "interestAndDebtExpense": "None", "netIncomeFromContinuingOperations": "1321000000", "comprehensiveIncomeNetOfTax": "None", "ebit": "2115000000", "ebitda": "2314000000", "netIncome": "1321000000"}, {"fiscalDateEnding": "2013-12-31", "reportedCurrency": "USD", "grossProfit": "5434000000", "totalRevenue": "5539000000", "costOfRevenue": "104000000", "costofGoodsAndServicesSold": "104000000", "operatingIncome": "1705000000", "sellingGeneralAndAdministrative": "2247000000", "researchAndDevelopment": "0", "operatingExpenses": "3730000000", "investmentIncomeNet": "None", "netInterestIncome": "None", "interestIncome": "None", "interestExpense": "105000000", "nonInterestIncome": "None", "otherNonOperatingIncome": "None", "depreciation": "None", "depreciationAndAmortization": "202000000", "incomeBeforeTax": "1705000000", "incomeTaxExpense": "634000000", "interestAndDebtExpense": "None", "netIncomeFromContinuingOperations": "1071000000", "comprehensiveIncomeNetOfTax": "None", "ebit": "1705000000", "ebitda": "1907000000", "netIncome": "1071000000"}, {"fiscalDateEnding": "2012-12-31", "reportedCurrency": "USD", "grossProfit": "4899000000", "totalRevenue": "5049000000", "costOfRevenue": "166000000", "costofGoodsAndServicesSold": "166000000", "operatingIncome": "1450000000", "sellingGeneralAndAdministrative": "2023000000", "researchAndDevelopment": "0", "operatingExpenses": "3433000000", "investmentIncomeNet": "None", "netInterestIncome": "None", "interestIncome": "None", "interestExpense": "150000000", "nonInterestIncome": "None", "otherNonOperatingIncome": "None", "depreciation": "None", "depreciationAndAmortization": "196000000", "incomeBeforeTax": "1450000000", "incomeTaxExpense": "522000000", "interestAndDebtExpense": "None", "netIncomeFromContinuingOperations": "928000000", "comprehensiveIncomeNetOfTax": "None", "ebit": "1450000000", "ebitda": "1646000000", "netIncome": "928000000"}, {"fiscalDateEnding": "2011-12-31", "reportedCurrency": "USD", "grossProfit": "4709000000", "totalRevenue": "4884000000", "costOfRevenue": "193000000", "costofGoodsAndServicesSold": "193000000", "operatingIncome": "1392000000", "sellingGeneralAndAdministrative": "1952000000", "researchAndDevelopment": "0", "operatingExpenses": "3299000000", "investmentIncomeNet": "None", "netInterestIncome": "None", "interestIncome": "None", "interestExpense": "175000000", "nonInterestIncome": "None", "otherNonOperatingIncome": "None", "depreciation": "None", "depreciationAndAmortization": "155000000", "incomeBeforeTax": "1392000000", "incomeTaxExpense": "528000000", "interestAndDebtExpense": "None", "netIncomeFromContinuingOperations": "864000000", "comprehensiveIncomeNetOfTax": "None", "ebit": "1392000000", "ebitda": "1547000000", "netIncome": "864000000"}, {"fiscalDateEnding": "2010-12-31", "reportedCurrency": "USD", "grossProfit": "4275000000", "totalRevenue": "4474000000", "costOfRevenue": "226000000", "costofGoodsAndServicesSold": "226000000", "operatingIncome": "779000000", "sellingGeneralAndAdministrative": "1780000000", "researchAndDevelopment": "0", "operatingExpenses": "3469000000", "investmentIncomeNet": "None", "netInterestIncome": "None", "interestIncome": "None", "interestExpense": "199000000", "nonInterestIncome": "None", "otherNonOperatingIncome": "None", "depreciation": "None", "depreciationAndAmortization": "146000000", "incomeBeforeTax": "779000000", "incomeTaxExpense": "325000000", "interestAndDebtExpense": "None", "netIncomeFromContinuingOperations": "454000000", "comprehensiveIncomeNetOfTax": "None", "ebit": "779000000", "ebitda": "925000000", "netIncome": "454000000"}, {"fiscalDateEnding": "2009-12-31", "reportedCurrency": "USD", "grossProfit": "4108000000", "totalRevenue": "4474000000", "costOfRevenue": "404000000", "costofGoodsAndServicesSold": "404000000", "operatingIncome": "1276000000", "sellingGeneralAndAdministrative": "1750000000", "researchAndDevelopment": "0", "operatingExpenses": "2794000000", "investmentIncomeNet": "None", "netInterestIncome": "None", "interestIncome": "None", "interestExpense": "366000000", "nonInterestIncome": "None", "otherNonOperatingIncome": "None", "depreciation": "None", "depreciationAndAmortization": "159000000", "incomeBeforeTax": "1276000000", "incomeTaxExpense": "489000000", "interestAndDebtExpense": "None", "netIncomeFromContinuingOperations": "787000000", "comprehensiveIncomeNetOfTax": "None", "ebit": "1276000000", "ebitda": "1435000000", "netIncome": "787000000"}, {"fiscalDateEnding": "2008-12-31", "reportedCurrency": "USD", "grossProfit": "5211000000", "totalRevenue": "5437000000", "costOfRevenue": "243000000", "costofGoodsAndServicesSold": "243000000", "operatingIncome": "2028000000", "sellingGeneralAndAdministrative": "1878000000", "researchAndDevelopment": "None", "operatingExpenses": "3166000000", "investmentIncomeNet": "None", "netInterestIncome": "None", "interestIncome": "None", "interestExpense": "226000000", "nonInterestIncome": "None", "otherNonOperatingIncome": "None", "depreciation": "None", "depreciationAndAmortization": "152000000", "incomeBeforeTax": "2028000000", "incomeTaxExpense": "798000000", "interestAndDebtExpense": "None", "netIncomeFromContinuingOperations": "None", "comprehensiveIncomeNetOfTax": "None", "ebit": "2028000000", "ebitda": "2180000000", "netIncome": "1212000000"}, {"fiscalDateEnding": "2007-12-31", "reportedCurrency": "USD", "grossProfit": "4994000000", "totalRevenue": "5617000000", "costOfRevenue": "623000000", "costofGoodsAndServicesSold": "623000000", "operatingIncome": "1853000000", "sellingGeneralAndAdministrative": "1781000000", "researchAndDevelopment": "None", "operatingExpenses": "3141000000", "investmentIncomeNet": "None", "netInterestIncome": "None", "interestIncome": "None", "interestExpense": "623000000", "nonInterestIncome": "None", "otherNonOperatingIncome": "None", "depreciation": "None", "depreciationAndAmortization": "156000000", "incomeBeforeTax": "1853000000", "incomeTaxExpense": "733000000", "interestAndDebtExpense": "None", "netIncomeFromContinuingOperations": "None", "comprehensiveIncomeNetOfTax": "None", "ebit": "1853000000", "ebitda": "2009000000", "netIncome": "2407000000"}, {"fiscalDateEnding": "2006-12-31", "reportedCurrency": "USD", "grossProfit": "4309000000", "totalRevenue": "4988000000", "costOfRevenue": "679000000", "costofGoodsAndServicesSold": "679000000", "operatingIncome": "1476000000", "sellingGeneralAndAdministrative": "1619000000", "researchAndDevelopment": "None", "operatingExpenses": "2833000000", "investmentIncomeNet": "None", "netInterestIncome": "None", "interestIncome": "None", "interestExpense": "679000000", "nonInterestIncome": "None", "otherNonOperatingIncome": "None", "depreciation": "None", "depreciationAndAmortization": "157000000", "incomeBeforeTax": "1476000000", "incomeTaxExpense": "585000000", "interestAndDebtExpense": "None", "netIncomeFromContinuingOperations": "None", "comprehensiveIncomeNetOfTax": "None", "ebit": "1476000000", "ebitda": "1633000000", "netIncome": "1227000000"}], "quarterlyReports": [{"fiscalDateEnding": "2025-12-31", "reportedCurrency": "None", "grossProfit": "6336000000", "totalRevenue": "6336000000", "costOfRevenue": "None", "costofGoodsAndServicesSold": "None", "operatingIncome": "3180000000", "sellingGeneralAndAdministrative": "3041000000", "researchAndDevelopment": "None", "operatingExpenses": "3156000000", "investmentIncomeNet": "None", "netInterestIncome": "None", "interestIncome": "None", "interestExpense": "832000000", "nonInterestIncome": "None", "otherNonOperatingIncome": "None", "depreciation": "None", "depreciationAndAmortization": "333000000", "incomeBeforeTax": "3180000000", "incomeTaxExpense": "721000000", "interestAndDebtExpense": "None", "netIncomeFromContinuingOperations": "None", "comprehensiveIncomeNetOfTax": "None", "ebit": "3180000000", "ebitda": "3513000000", "netIncome": "2459000000"}, {"fiscalDateEnding": "2025-09-30", "reportedCurrency": "USD", "grossProfit": "6135000000", "totalRevenue": "7041000000", "costOfRevenue": "906000000", "costofGoodsAndServicesSold": "906000000", "operatingIncome": "3021000000", "sellingGeneralAndAdministrative": "1653000000", "researchAndDevelopment": "None", "operatingExpenses": "3114000000", "investmentIncomeNet": "None", "netInterestIncome": "3050000000", "interestIncome": "3956000000", "interestExpense": "906000000", "nonInterestIncome": "None", "otherNonOperatingIncome": "None", "depreciation": "None", "depreciationAndAmortization": "339000000", "incomeBeforeTax": "3021000000", "incomeTaxExpense": "663000000", "interestAndDebtExpense": "None", "netIncomeFromContinuingOperations": "2358000000", "comprehensiveIncomeNetOfTax": "None", "ebit": "3021000000", "ebitda": "3360000000", "netIncome": "2358000000"}, {"fiscalDateEnding": "2025-06-30", "reportedCurrency": "USD", "grossProfit": "5851000000", "totalRevenue": "6816000000", "costOfRevenue": "965000000", "costofGoodsAndServicesSold": "965000000", "operatingIncome": "2803000000", "sellingGeneralAndAdministrative": "1536000000", "researchAndDevelopment": "None", "operatingExpenses": "3048000000", "investmentIncomeNet": "None", "netInterestIncome": "2822000000", "interestIncome": "3787000000", "interestExpense": "965000000", "nonInterestIncome": "None", "otherNonOperatingIncome": "None", "depreciation": "None", "depreciationAndAmortization": "343000000", "incomeBeforeTax": "2803000000", "incomeTaxExpense": "677000000", "interestAndDebtExpense": "None", "netIncomeFromContinuingOperations": "2126000000", "comprehensiveIncomeNetOfTax": "None", "ebit": "2803000000", "ebitda": "3146000000", "netIncome": "2126000000"}, {"fiscalDateEnding": "2025-03-31", "reportedCurrency": "USD", "grossProfit": "5599000000", "totalRevenue": "6650000000", "costOfRevenue": "1051000000", "costofGoodsAndServicesSold": "1051000000", "operatingIncome": "2455000000", "sellingGeneralAndAdministrative": "1672000000", "researchAndDevelopment": "None", "operatingExpenses": "3144000000", "investmentIncomeNet": "None", "netInterestIncome": "2706000000", "interestIncome": "3757000000", "interestExpense": "1051000000", "nonInterestIncome": "None", "otherNonOperatingIncome": "None", "depreciation": "None", "depreciationAndAmortization": "347000000", "incomeBeforeTax": "2455000000", "incomeTaxExpense": "546000000", "interestAndDebtExpense": "None", "netIncomeFromContinuingOperations": "1909000000", "comprehensiveIncomeNetOfTax": "None", "ebit": "2455000000", "ebitda": "2802000000", "netIncome": "1909000000"}, {"fiscalDateEnding": "2024-12-31", "reportedCurrency": "USD", "grossProfit": "5329000000", "totalRevenue": "6651000000", "costOfRevenue": "1322000000", "costofGoodsAndServicesSold": "1322000000", "operatingIncome": "2305000000", "sellingGeneralAndAdministrative": "1533000000", "researchAndDevelopment": "None", "operatingExpenses": "3024000000", "investmentIncomeNet": "None", "netInterestIncome": "2531000000", "interestIncome": "3853000000", "interestExpense": "1322000000", "nonInterestIncome": "None", "otherNonOperatingIncome": "None", "depreciation": "None", "depreciationAndAmortization": "354000000", "incomeBeforeTax": "2305000000", "incomeTaxExpense": "465000000", "interestAndDebtExpense": "None", "netIncomeFromContinuingOperations": "1840000000", "comprehensiveIncomeNetOfTax": "None", "ebit": "2305000000", "ebitda": "2659000000", "netIncome": "1840000000"}, {"fiscalDateEnding": "2024-09-30", "reportedCurrency": "USD", "grossProfit": "4847000000", "totalRevenue": "6553000000", "costOfRevenue": "1706000000", "costofGoodsAndServicesSold": "1706000000", "operatingIncome": "1842000000", "sellingGeneralAndAdministrative": "1522000000", "researchAndDevelopment": "None", "operatingExpenses": "3005000000", "investmentIncomeNet": "None", "netInterestIncome": "2222000000", "interestIncome": "3928000000", "interestExpense": "1706000000", "nonInterestIncome": "None", "otherNonOperatingIncome": "None", "depreciation": "None", "depreciationAndAmortization": "361000000", "incomeBeforeTax": "1842000000", "incomeTaxExpense": "434000000", "interestAndDebtExpense": "None", "netIncomeFromContinuingOperations": "1408000000", "comprehensiveIncomeNetOfTax": "None", "ebit": "1842000000", "ebitda": "2203000000", "netIncome": "1408000000"}, {"fiscalDateEnding": "2024-06-30", "reportedCurrency": "USD", "grossProfit": "4690000000", "totalRevenue": "6349000000", "costOfRevenue": "1659000000", "costofGoodsAndServicesSold": "1659000000", "operatingIncome": "1747000000", "sellingGeneralAndAdministrative": "1450000000", "researchAndDevelopment": "None", "operatingExpenses": "2943000000", "investmentIncomeNet": "None", "netInterestIncome": "2158000000", "interestIncome": "3817000000", "interestExpense": "1659000000", "nonInterestIncome": "None", "otherNonOperatingIncome": "None", "depreciation": "None", "depreciationAndAmortization": "362000000", "incomeBeforeTax": "1747000000", "incomeTaxExpense": "415000000", "interestAndDebtExpense": "None", "netIncomeFromContinuingOperations": "1332000000", "comprehensiveIncomeNetOfTax": "None", "ebit": "1747000000", "ebitda": "2109000000", "netIncome": "1332000000"}, {"fiscalDateEnding": "2024-03-31", "reportedCurrency": "USD", "grossProfit": "4744000000", "totalRevenue": "6448000000", "costOfRevenue": "1704000000", "costofGoodsAndServicesSold": "1704000000", "operatingIncome": "1798000000", "sellingGeneralAndAdministrative": "1538000000", "researchAndDevelopment": "None", "operatingExpenses": "2946000000", "investmentIncomeNet": "None", "netInterestIncome": "2233000000", "interestIncome": "3941000000", "interestExpense": "1704000000", "nonInterestIncome": "None", "otherNonOperatingIncome": "None", "depreciation": "None", "depreciationAndAmortization": "358000000", "incomeBeforeTax": "1798000000", "incomeTaxExpense": "436000000", "interestAndDebtExpense": "None", "netIncomeFromContinuingOperations": "1362000000", "comprehensiveIncomeNetOfTax": "None", "ebit": "1798000000", "ebitda": "2156000000", "netIncome": "1362000000"}, {"fiscalDateEnding": "2023-12-31", "reportedCurrency": "USD", "grossProfit": "2466000000", "totalRevenue": "4459000000", "costOfRevenue": "1993000000", "costofGoodsAndServicesSold": "1993000000", "operatingIncome": "-1104000000", "sellingGeneralAndAdministrative": "1241000000", "researchAndDevelopment": "None", "operatingExpenses": "1241000000", "investmentIncomeNet": "None", "netInterestIncome": "2130000000", "interestIncome": "3965000000", "interestExpense": "1833000000", "nonInterestIncome": "None", "otherNonOperatingIncome": "None", "depreciation": "None", "depreciationAndAmortization": "238000000", "incomeBeforeTax": "1194000000", "incomeTaxExpense": "149000000", "interestAndDebtExpense": "None", "netIncomeFromContinuingOperations": "1045000000", "comprehensiveIncomeNetOfTax": "None", "ebit": "-639000000", "ebitda": "-401000000", "netIncome": "1045000000"}, {"fiscalDateEnding": "2023-09-30", "reportedCurrency": "USD", "grossProfit": "4606000000", "totalRevenue": "6396000000", "costOfRevenue": "1790000000", "costofGoodsAndServicesSold": "1790000000", "operatingIncome": "1383000000", "sellingGeneralAndAdministrative": "1770000000", "researchAndDevelopment": "None", "operatingExpenses": "3223000000", "investmentIncomeNet": "None", "netInterestIncome": "2237000000", "interestIncome": "4027000000", "interestExpense": "1790000000", "nonInterestIncome": "None", "otherNonOperatingIncome": "None", "depreciation": "None", "depreciationAndAmortization": "333000000", "incomeBeforeTax": "1383000000", "incomeTaxExpense": "258000000", "interestAndDebtExpense": "None", "netIncomeFromContinuingOperations": "1125000000", "comprehensiveIncomeNetOfTax": "None", "ebit": "1383000000", "ebitda": "1716000000", "netIncome": "1125000000"}, {"fiscalDateEnding": "2023-06-30", "reportedCurrency": "USD", "grossProfit": "4656000000", "totalRevenue": "6471000000", "costOfRevenue": "1815000000", "costofGoodsAndServicesSold": "1815000000", "operatingIncome": "1691000000", "sellingGeneralAndAdministrative": "1498000000", "researchAndDevelopment": "None", "operatingExpenses": "2965000000", "investmentIncomeNet": "None", "netInterestIncome": "2290000000", "interestIncome": "4105000000", "interestExpense": "1815000000", "nonInterestIncome": "None", "otherNonOperatingIncome": "None", "depreciation": "None", "depreciationAndAmortization": "325000000", "incomeBeforeTax": "1691000000", "incomeTaxExpense": "397000000", "interestAndDebtExpense": "None", "netIncomeFromContinuingOperations": "1294000000", "comprehensiveIncomeNetOfTax": "None", "ebit": "1691000000", "ebitda": "2016000000", "netIncome": "1294000000"}, {"fiscalDateEnding": "2023-03-31", "reportedCurrency": "USD", "grossProfit": "5116000000", "totalRevenue": "6362000000", "costOfRevenue": "1246000000", "costofGoodsAndServicesSold": "1246000000", "operatingIncome": "2110000000", "sellingGeneralAndAdministrative": "1638000000", "researchAndDevelopment": "None", "operatingExpenses": "3006000000", "investmentIncomeNet": "None", "netInterestIncome": "2770000000", "interestIncome": "4016000000", "interestExpense": "1246000000", "nonInterestIncome": "None", "otherNonOperatingIncome": "None", "depreciation": "None", "depreciationAndAmortization": "312000000", "incomeBeforeTax": "2110000000", "incomeTaxExpense": "507000000", "interestAndDebtExpense": "None", "netIncomeFromContinuingOperations": "1603000000", "comprehensiveIncomeNetOfTax": "None", "ebit": "2110000000", "ebitda": "2422000000", "netIncome": "1603000000"}, {"fiscalDateEnding": "2022-12-31", "reportedCurrency": "USD", "grossProfit": "5497000000", "totalRevenue": "6307000000", "costOfRevenue": "810000000", "costofGoodsAndServicesSold": "810000000", "operatingIncome": "2598000000", "sellingGeneralAndAdministrative": "844000000", "researchAndDevelopment": "None", "operatingExpenses": "2899000000", "investmentIncomeNet": "None", "netInterestIncome": "3029000000", "interestIncome": "3841000000", "interestExpense": "810000000", "nonInterestIncome": "None", "otherNonOperatingIncome": "None", "depreciation": "None", "depreciationAndAmortization": "312000000", "incomeBeforeTax": "2598000000", "incomeTaxExpense": "630000000", "interestAndDebtExpense": "None", "netIncomeFromContinuingOperations": "1968000000", "comprehensiveIncomeNetOfTax": "None", "ebit": "2598000000", "ebitda": "2910000000", "netIncome": "1968000000"}, {"fiscalDateEnding": "2022-09-30", "reportedCurrency": "USD", "grossProfit": "5500000000", "totalRevenue": "5930000000", "costOfRevenue": "430000000", "costofGoodsAndServicesSold": "430000000", "operatingIncome": "2677000000", "sellingGeneralAndAdministrative": "1476000000", "researchAndDevelopment": "None", "operatingExpenses": "2823000000", "investmentIncomeNet": "None", "netInterestIncome": "2926000000", "interestIncome": "3356000000", "interestExpense": "430000000", "nonInterestIncome": "None", "otherNonOperatingIncome": "None", "depreciation": "None", "depreciationAndAmortization": "319000000", "incomeBeforeTax": "2677000000", "incomeTaxExpense": "657000000", "interestAndDebtExpense": "None", "netIncomeFromContinuingOperations": "2020000000", "comprehensiveIncomeNetOfTax": "None", "ebit": "2677000000", "ebitda": "2996000000", "netIncome": "2020000000"}, {"fiscalDateEnding": "2022-06-30", "reportedCurrency": "USD", "grossProfit": "5093000000", "totalRevenue": "5261000000", "costOfRevenue": "168000000", "costofGoodsAndServicesSold": "168000000", "operatingIncome": "2274000000", "sellingGeneralAndAdministrative": "1426000000", "researchAndDevelopment": "None", "operatingExpenses": "2819000000", "investmentIncomeNet": "None", "netInterestIncome": "2544000000", "interestIncome": "2710000000", "interestExpense": "168000000", "nonInterestIncome": "None", "otherNonOperatingIncome": "None", "depreciation": "None", "depreciationAndAmortization": "313000000", "incomeBeforeTax": "2274000000", "incomeTaxExpense": "481000000", "interestAndDebtExpense": "None", "netIncomeFromContinuingOperations": "1793000000", "comprehensiveIncomeNetOfTax": "None", "ebit": "2274000000", "ebitda": "2587000000", "netIncome": "1793000000"}, {"fiscalDateEnding": "2022-03-31", "reportedCurrency": "USD", "grossProfit": "4672000000", "totalRevenue": "4808000000", "costOfRevenue": "136000000", "costofGoodsAndServicesSold": "136000000", "operatingIncome": "1839000000", "sellingGeneralAndAdministrative": "1758000000", "researchAndDevelopment": "None", "operatingExpenses": "2833000000", "investmentIncomeNet": "None", "netInterestIncome": "2183000000", "interestIncome": "2319000000", "interestExpense": "136000000", "nonInterestIncome": "None", "otherNonOperatingIncome": "None", "depreciation": "None", "depreciationAndAmortization": "304000000", "incomeBeforeTax": "1839000000", "incomeTaxExpense": "437000000", "interestAndDebtExpense": "None", "netIncomeFromContinuingOperations": "1402000000", "comprehensiveIncomeNetOfTax": "None", "ebit": "1839000000", "ebitda": "2143000000", "netIncome": "1402000000"}, {"fiscalDateEnding": "2021-12-31", "reportedCurrency": "USD", "grossProfit": "4708000000", "totalRevenue": "4834000000", "costOfRevenue": "126000000", "costofGoodsAndServicesSold": "126000000", "operatingIncome": "2023000000", "sellingGeneralAndAdministrative": "1596000000", "researchAndDevelopment": "None", "operatingExpenses": "2685000000", "investmentIncomeNet": "None", "netInterestIncome": "2142000000", "interestIncome": "2270000000", "interestExpense": "126000000", "nonInterestIncome": "None", "otherNonOperatingIncome": "None", "depreciation": "None", "depreciationAndAmortization": "299000000", "incomeBeforeTax": "2023000000", "incomeTaxExpense": "443000000", "interestAndDebtExpense": "None", "netIncomeFromContinuingOperations": "1580000000", "comprehensiveIncomeNetOfTax": "None", "ebit": "2023000000", "ebitda": "2322000000", "netIncome": "1580000000"}, {"fiscalDateEnding": "2021-09-30", "reportedCurrency": "USD", "grossProfit": "4570000000", "totalRevenue": "4693000000", "costOfRevenue": "123000000", "costofGoodsAndServicesSold": "123000000", "operatingIncome": "2011000000", "sellingGeneralAndAdministrative": "1511000000", "researchAndDevelopment": "None", "operatingExpenses": "2559000000", "investmentIncomeNet": "None", "netInterestIncome": "2030000000", "interestIncome": "2153000000", "interestExpense": "123000000", "nonInterestIncome": "None", "otherNonOperatingIncome": "None", "depreciation": "None", "depreciationAndAmortization": "293000000", "incomeBeforeTax": "2011000000", "incomeTaxExpense": "485000000", "interestAndDebtExpense": "None", "netIncomeFromContinuingOperations": "1526000000", "comprehensiveIncomeNetOfTax": "None", "ebit": "2011000000", "ebitda": "2304000000", "netIncome": "1526000000"}, {"fiscalDateEnding": "2021-06-30", "reportedCurrency": "USD", "grossProfit": "4527000000", "totalRevenue": "4649000000", "costOfRevenue": "122000000", "costofGoodsAndServicesSold": "122000000", "operatingIncome": "1719000000", "sellingGeneralAndAdministrative": "1550000000", "researchAndDevelopment": "None", "operatingExpenses": "2808000000", "investmentIncomeNet": "None", "netInterestIncome": "1947000000", "interestIncome": "2068000000", "interestExpense": "122000000", "nonInterestIncome": "None", "otherNonOperatingIncome": "None", "depreciation": "None", "depreciationAndAmortization": "289000000", "incomeBeforeTax": "1719000000", "incomeTaxExpense": "454000000", "interestAndDebtExpense": "None", "netIncomeFromContinuingOperations": "1265000000", "comprehensiveIncomeNetOfTax": "None", "ebit": "1719000000", "ebitda": "2008000000", "netIncome": "1265000000"}, {"fiscalDateEnding": "2021-03-31", "reportedCurrency": "USD", "grossProfit": "4715000000", "totalRevenue": "4819000000", "costOfRevenue": "104000000", "costofGoodsAndServicesSold": "104000000", "operatingIncome": "1960000000", "sellingGeneralAndAdministrative": "1655000000", "researchAndDevelopment": "None", "operatingExpenses": "2755000000", "investmentIncomeNet": "None", "netInterestIncome": "1911000000", "interestIncome": "2015000000", "interestExpense": "104000000", "nonInterestIncome": "None", "otherNonOperatingIncome": "None", "depreciation": "None", "depreciationAndAmortization": "283000000", "incomeBeforeTax": "1960000000", "incomeTaxExpense": "476000000", "interestAndDebtExpense": "None", "netIncomeFromContinuingOperations": "1484000000", "comprehensiveIncomeNetOfTax": "None", "ebit": "1960000000", "ebitda": "2243000000", "netIncome": "1484000000"}, {"fiscalDateEnding": "2020-12-31", "reportedCurrency": "USD", "grossProfit": "4176000000", "totalRevenue": "4272000000", "costOfRevenue": "96000000", "costofGoodsAndServicesSold": "96000000", "operatingIncome": "1476000000", "sellingGeneralAndAdministrative": "1582000000", "researchAndDevelopment": "None", "operatingExpenses": "2700000000", "investmentIncomeNet": "None", "netInterestIncome": "1809000000", "interestIncome": "1905000000", "interestExpense": "96000000", "nonInterestIncome": "None", "otherNonOperatingIncome": "None", "depreciation": "None", "depreciationAndAmortization": "277000000", "incomeBeforeTax": "1476000000", "incomeTaxExpense": "341000000", "interestAndDebtExpense": "None", "netIncomeFromContinuingOperations": "1135000000", "comprehensiveIncomeNetOfTax": "None", "ebit": "1476000000", "ebitda": "1753000000", "netIncome": "1135000000"}, {"fiscalDateEnding": "2020-09-30", "reportedCurrency": "USD", "grossProfit": "2448000000", "totalRevenue": "2540000000", "costOfRevenue": "92000000", "costofGoodsAndServicesSold": "92000000", "operatingIncome": "889000000", "sellingGeneralAndAdministrative": "949000000", "researchAndDevelopment": "None", "operatingExpenses": "1559000000", "investmentIncomeNet": "None", "netInterestIncome": "1343000000", "interestIncome": "1432000000", "interestExpense": "92000000", "nonInterestIncome": "None", "otherNonOperatingIncome": "None", "depreciation": "None", "depreciationAndAmortization": "122000000", "incomeBeforeTax": "889000000", "incomeTaxExpense": "191000000", "interestAndDebtExpense": "None", "netIncomeFromContinuingOperations": "698000000", "comprehensiveIncomeNetOfTax": "None", "ebit": "889000000", "ebitda": "1011000000", "netIncome": "698000000"}, {"fiscalDateEnding": "2020-06-30", "reportedCurrency": "USD", "grossProfit": "2450000000", "totalRevenue": "2547000000", "costOfRevenue": "97000000", "costofGoodsAndServicesSold": "97000000", "operatingIncome": "888000000", "sellingGeneralAndAdministrative": "933000000", "researchAndDevelopment": "None", "operatingExpenses": "1562000000", "investmentIncomeNet": "None", "netInterestIncome": "1389000000", "interestIncome": "1486000000", "interestExpense": "97000000", "nonInterestIncome": "None", "otherNonOperatingIncome": "None", "depreciation": "None", "depreciationAndAmortization": "109000000", "incomeBeforeTax": "888000000", "incomeTaxExpense": "217000000", "interestAndDebtExpense": "None", "netIncomeFromContinuingOperations": "671000000", "comprehensiveIncomeNetOfTax": "None", "ebit": "888000000", "ebitda": "997000000", "netIncome": "671000000"}, {"fiscalDateEnding": "2020-03-31", "reportedCurrency": "USD", "grossProfit": "2617000000", "totalRevenue": "2753000000", "costOfRevenue": "136000000", "costofGoodsAndServicesSold": "136000000", "operatingIncome": "1047000000", "sellingGeneralAndAdministrative": "1006000000", "researchAndDevelopment": "None", "operatingExpenses": "1570000000", "investmentIncomeNet": "None", "netInterestIncome": "1572000000", "interestIncome": "1708000000", "interestExpense": "136000000", "nonInterestIncome": "None", "otherNonOperatingIncome": "None", "depreciation": "None", "depreciationAndAmortization": "96000000", "incomeBeforeTax": "1047000000", "incomeTaxExpense": "252000000", "interestAndDebtExpense": "None", "netIncomeFromContinuingOperations": "795000000", "comprehensiveIncomeNetOfTax": "None", "ebit": "1047000000", "ebitda": "1143000000", "netIncome": "795000000"}, {"fiscalDateEnding": "2019-12-31", "reportedCurrency": "USD", "grossProfit": "2606000000", "totalRevenue": "2774000000", "costOfRevenue": "168000000", "costofGoodsAndServicesSold": "168000000", "operatingIncome": "1112000000", "sellingGeneralAndAdministrative": "902000000", "researchAndDevelopment": "None", "operatingExpenses": "1494000000", "investmentIncomeNet": "None", "netInterestIncome": "1595000000", "interestIncome": "1763000000", "interestExpense": "168000000", "nonInterestIncome": "None", "otherNonOperatingIncome": "None", "depreciation": "None", "depreciationAndAmortization": "94000000", "incomeBeforeTax": "1112000000", "incomeTaxExpense": "260000000", "interestAndDebtExpense": "None", "netIncomeFromContinuingOperations": "852000000", "comprehensiveIncomeNetOfTax": "None", "ebit": "1112000000", "ebitda": "1206000000", "netIncome": "852000000"}, {"fiscalDateEnding": "2019-09-30", "reportedCurrency": "USD", "grossProfit": "2711000000", "totalRevenue": "2972000000", "costOfRevenue": "261000000", "costofGoodsAndServicesSold": "261000000", "operatingIncome": "1236000000", "sellingGeneralAndAdministrative": "950000000", "researchAndDevelopment": "None", "operatingExpenses": "1475000000", "investmentIncomeNet": "None", "netInterestIncome": "1631000000", "interestIncome": "1892000000", "interestExpense": "261000000", "nonInterestIncome": "None", "otherNonOperatingIncome": "None", "depreciation": "None", "depreciationAndAmortization": "88000000", "incomeBeforeTax": "1236000000", "incomeTaxExpense": "285000000", "interestAndDebtExpense": "None", "netIncomeFromContinuingOperations": "951000000", "comprehensiveIncomeNetOfTax": "None", "ebit": "1236000000", "ebitda": "1324000000", "netIncome": "951000000"}, {"fiscalDateEnding": "2019-06-30", "reportedCurrency": "USD", "grossProfit": "2681000000", "totalRevenue": "2999000000", "costOfRevenue": "318000000", "costofGoodsAndServicesSold": "318000000", "operatingIncome": "1236000000", "sellingGeneralAndAdministrative": "899000000", "researchAndDevelopment": "None", "operatingExpenses": "1445000000", "investmentIncomeNet": "None", "netInterestIncome": "1609000000", "interestIncome": "1927000000", "interestExpense": "318000000", "nonInterestIncome": "None", "otherNonOperatingIncome": "None", "depreciation": "None", "depreciationAndAmortization": "84000000", "incomeBeforeTax": "1236000000", "incomeTaxExpense": "299000000", "interestAndDebtExpense": "None", "netIncomeFromContinuingOperations": "937000000", "comprehensiveIncomeNetOfTax": "None", "ebit": "1236000000", "ebitda": "1320000000", "netIncome": "937000000"}, {"fiscalDateEnding": "2019-03-31", "reportedCurrency": "USD", "grossProfit": "2723000000", "totalRevenue": "3040000000", "costOfRevenue": "317000000", "costofGoodsAndServicesSold": "317000000", "operatingIncome": "1264000000", "sellingGeneralAndAdministrative": "944000000", "researchAndDevelopment": "None", "operatingExpenses": "1459000000", "investmentIncomeNet": "None", "netInterestIncome": "1681000000", "interestIncome": "1998000000", "interestExpense": "317000000", "nonInterestIncome": "None", "otherNonOperatingIncome": "None", "depreciation": "None", "depreciationAndAmortization": "83000000", "incomeBeforeTax": "1264000000", "incomeTaxExpense": "300000000", "interestAndDebtExpense": "None", "netIncomeFromContinuingOperations": "964000000", "comprehensiveIncomeNetOfTax": "None", "ebit": "1264000000", "ebitda": "1347000000", "netIncome": "964000000"}, {"fiscalDateEnding": "2018-12-31", "reportedCurrency": "USD", "grossProfit": "2669000000", "totalRevenue": "2957000000", "costOfRevenue": "288000000", "costofGoodsAndServicesSold": "288000000", "operatingIncome": "1210000000", "sellingGeneralAndAdministrative": "899000000", "researchAndDevelopment": "0", "operatingExpenses": "1459000000", "investmentIncomeNet": "None", "netInterestIncome": "None", "interestIncome": "None", "interestExpense": "288000000", "nonInterestIncome": "None", "otherNonOperatingIncome": "None", "depreciation": "None", "depreciationAndAmortization": "80000000", "incomeBeforeTax": "1210000000", "incomeTaxExpense": "275000000", "interestAndDebtExpense": "None", "netIncomeFromContinuingOperations": "935000000", "comprehensiveIncomeNetOfTax": "None", "ebit": "1210000000", "ebitda": "1290000000", "netIncome": "935000000"}, {"fiscalDateEnding": "2018-09-30", "reportedCurrency": "USD", "grossProfit": "2579000000", "totalRevenue": "2807000000", "costOfRevenue": "228000000", "costofGoodsAndServicesSold": "228000000", "operatingIncome": "1219000000", "sellingGeneralAndAdministrative": "853000000", "researchAndDevelopment": "0", "operatingExpenses": "1360000000", "investmentIncomeNet": "None", "netInterestIncome": "None", "interestIncome": "None", "interestExpense": "228000000", "nonInterestIncome": "None", "otherNonOperatingIncome": "None", "depreciation": "None", "depreciationAndAmortization": "78000000", "incomeBeforeTax": "1219000000", "incomeTaxExpense": "296000000", "interestAndDebtExpense": "None", "netIncomeFromContinuingOperations": "923000000", "comprehensiveIncomeNetOfTax": "None", "ebit": "1219000000", "ebitda": "1297000000", "netIncome": "923000000"}, {"fiscalDateEnding": "2018-06-30", "reportedCurrency": "USD", "grossProfit": "2486000000", "totalRevenue": "2669000000", "costOfRevenue": "183000000", "costofGoodsAndServicesSold": "183000000", "operatingIncome": "1131000000", "sellingGeneralAndAdministrative": "853000000", "researchAndDevelopment": "0", "operatingExpenses": "1355000000", "investmentIncomeNet": "None", "netInterestIncome": "None", "interestIncome": "None", "interestExpense": "183000000", "nonInterestIncome": "None", "otherNonOperatingIncome": "None", "depreciation": "None", "depreciationAndAmortization": "75000000", "incomeBeforeTax": "1131000000", "incomeTaxExpense": "265000000", "interestAndDebtExpense": "None", "netIncomeFromContinuingOperations": "866000000", "comprehensiveIncomeNetOfTax": "None", "ebit": "1131000000", "ebitda": "1206000000", "netIncome": "866000000"}, {"fiscalDateEnding": "2018-03-31", "reportedCurrency": "USD", "grossProfit": "2398000000", "totalRevenue": "2556000000", "costOfRevenue": "158000000", "costofGoodsAndServicesSold": "158000000", "operatingIncome": "1002000000", "sellingGeneralAndAdministrative": "883000000", "researchAndDevelopment": "0", "operatingExpenses": "1396000000", "investmentIncomeNet": "None", "netInterestIncome": "None", "interestIncome": "None", "interestExpense": "158000000", "nonInterestIncome": "None", "otherNonOperatingIncome": "None", "depreciation": "None", "depreciationAndAmortization": "73000000", "incomeBeforeTax": "1002000000", "incomeTaxExpense": "219000000", "interestAndDebtExpense": "None", "netIncomeFromContinuingOperations": "783000000", "comprehensiveIncomeNetOfTax": "None", "ebit": "1002000000", "ebitda": "1075000000", "netIncome": "783000000"}, {"fiscalDateEnding": "2017-12-31", "reportedCurrency": "USD", "grossProfit": "2242000000", "totalRevenue": "2361000000", "costOfRevenue": "119000000", "costofGoodsAndServicesSold": "119000000", "operatingIncome": "953000000", "sellingGeneralAndAdministrative": "950000000", "researchAndDevelopment": "0", "operatingExpenses": "1289000000", "investmentIncomeNet": "None", "netInterestIncome": "None", "interestIncome": "None", "interestExpense": "119000000", "nonInterestIncome": "None", "otherNonOperatingIncome": "None", "depreciation": "None", "depreciationAndAmortization": "69000000", "incomeBeforeTax": "953000000", "incomeTaxExpense": "356000000", "interestAndDebtExpense": "None", "netIncomeFromContinuingOperations": "597000000", "comprehensiveIncomeNetOfTax": "None", "ebit": "953000000", "ebitda": "1022000000", "netIncome": "597000000"}, {"fiscalDateEnding": "2017-09-30", "reportedCurrency": "USD", "grossProfit": "2165000000", "totalRevenue": "2259000000", "costOfRevenue": "94000000", "costofGoodsAndServicesSold": "94000000", "operatingIncome": "945000000", "sellingGeneralAndAdministrative": "761000000", "researchAndDevelopment": "0", "operatingExpenses": "1220000000", "investmentIncomeNet": "None", "netInterestIncome": "None", "interestIncome": "None", "interestExpense": "94000000", "nonInterestIncome": "None", "otherNonOperatingIncome": "None", "depreciation": "None", "depreciationAndAmortization": "69000000", "incomeBeforeTax": "945000000", "incomeTaxExpense": "327000000", "interestAndDebtExpense": "None", "netIncomeFromContinuingOperations": "618000000", "comprehensiveIncomeNetOfTax": "None", "ebit": "945000000", "ebitda": "1014000000", "netIncome": "618000000"}, {"fiscalDateEnding": "2017-06-30", "reportedCurrency": "USD", "grossProfit": "2130000000", "totalRevenue": "2204000000", "costOfRevenue": "74000000", "costofGoodsAndServicesSold": "74000000", "operatingIncome": "909000000", "sellingGeneralAndAdministrative": "767000000", "researchAndDevelopment": "0", "operatingExpenses": "1221000000", "investmentIncomeNet": "None", "netInterestIncome": "None", "interestIncome": "None", "interestExpense": "74000000", "nonInterestIncome": "None", "otherNonOperatingIncome": "None", "depreciation": "None", "depreciationAndAmortization": "66000000", "incomeBeforeTax": "909000000", "incomeTaxExpense": "334000000", "interestAndDebtExpense": "None", "netIncomeFromContinuingOperations": "575000000", "comprehensiveIncomeNetOfTax": "None", "ebit": "909000000", "ebitda": "975000000", "netIncome": "575000000"}, {"fiscalDateEnding": "2017-03-31", "reportedCurrency": "USD", "grossProfit": "2081000000", "totalRevenue": "2136000000", "costOfRevenue": "55000000", "costofGoodsAndServicesSold": "55000000", "operatingIncome": "843000000", "sellingGeneralAndAdministrative": "802000000", "researchAndDevelopment": "0", "operatingExpenses": "1238000000", "investmentIncomeNet": "None", "netInterestIncome": "None", "interestIncome": "None", "interestExpense": "55000000", "nonInterestIncome": "None", "otherNonOperatingIncome": "None", "depreciation": "None", "depreciationAndAmortization": "65000000", "incomeBeforeTax": "843000000", "incomeTaxExpense": "279000000", "interestAndDebtExpense": "None", "netIncomeFromContinuingOperations": "564000000", "comprehensiveIncomeNetOfTax": "None", "ebit": "843000000", "ebitda": "908000000", "netIncome": "564000000"}, {"fiscalDateEnding": "2016-12-31", "reportedCurrency": "USD", "grossProfit": "1972000000", "totalRevenue": "2017000000", "costOfRevenue": "45000000", "costofGoodsAndServicesSold": "45000000", "operatingIncome": "824000000", "sellingGeneralAndAdministrative": "687000000", "researchAndDevelopment": "0", "operatingExpenses": "1148000000", "investmentIncomeNet": "None", "netInterestIncome": "None", "interestIncome": "None", "interestExpense": "45000000", "nonInterestIncome": "None", "otherNonOperatingIncome": "None", "depreciation": "None", "depreciationAndAmortization": "61000000", "incomeBeforeTax": "824000000", "incomeTaxExpense": "302000000", "interestAndDebtExpense": "None", "netIncomeFromContinuingOperations": "522000000", "comprehensiveIncomeNetOfTax": "None", "ebit": "824000000", "ebitda": "885000000", "netIncome": "522000000"}, {"fiscalDateEnding": "2016-09-30", "reportedCurrency": "USD", "grossProfit": "1909000000", "totalRevenue": "1955000000", "costOfRevenue": "41000000", "costofGoodsAndServicesSold": "41000000", "operatingIncome": "794000000", "sellingGeneralAndAdministrative": "666000000", "researchAndDevelopment": "0", "operatingExpenses": "1120000000", "investmentIncomeNet": "None", "netInterestIncome": "None", "interestIncome": "None", "interestExpense": "46000000", "nonInterestIncome": "None", "otherNonOperatingIncome": "None", "depreciation": "None", "depreciationAndAmortization": "60000000", "incomeBeforeTax": "794000000", "incomeTaxExpense": "291000000", "interestAndDebtExpense": "None", "netIncomeFromContinuingOperations": "503000000", "comprehensiveIncomeNetOfTax": "None", "ebit": "794000000", "ebitda": "854000000", "netIncome": "503000000"}, {"fiscalDateEnding": "2016-06-30", "reportedCurrency": "USD", "grossProfit": "1826000000", "totalRevenue": "1868000000", "costOfRevenue": "40000000", "costofGoodsAndServicesSold": "40000000", "operatingIncome": "720000000", "sellingGeneralAndAdministrative": "664000000", "researchAndDevelopment": "0", "operatingExpenses": "1108000000", "investmentIncomeNet": "None", "netInterestIncome": "None", "interestIncome": "None", "interestExpense": "42000000", "nonInterestIncome": "None", "otherNonOperatingIncome": "None", "depreciation": "None", "depreciationAndAmortization": "57000000", "incomeBeforeTax": "720000000", "incomeTaxExpense": "268000000", "interestAndDebtExpense": "None", "netIncomeFromContinuingOperations": "452000000", "comprehensiveIncomeNetOfTax": "None", "ebit": "720000000", "ebitda": "777000000", "netIncome": "452000000"}, {"fiscalDateEnding": "2016-03-31", "reportedCurrency": "USD", "grossProfit": "1766000000", "totalRevenue": "1804000000", "costOfRevenue": "40000000", "costofGoodsAndServicesSold": "40000000", "operatingIncome": "655000000", "sellingGeneralAndAdministrative": "686000000", "researchAndDevelopment": "0", "operatingExpenses": "1109000000", "investmentIncomeNet": "None", "netInterestIncome": "None", "interestIncome": "None", "interestExpense": "38000000", "nonInterestIncome": "None", "otherNonOperatingIncome": "None", "depreciation": "None", "depreciationAndAmortization": "56000000", "incomeBeforeTax": "655000000", "incomeTaxExpense": "243000000", "interestAndDebtExpense": "None", "netIncomeFromContinuingOperations": "412000000", "comprehensiveIncomeNetOfTax": "None", "ebit": "655000000", "ebitda": "711000000", "netIncome": "412000000"}, {"fiscalDateEnding": "2015-12-31", "reportedCurrency": "USD", "grossProfit": "1691000000", "totalRevenue": "1727000000", "costOfRevenue": "36000000", "costofGoodsAndServicesSold": "36000000", "operatingIncome": "645000000", "sellingGeneralAndAdministrative": "630000000", "researchAndDevelopment": "0", "operatingExpenses": "1046000000", "investmentIncomeNet": "None", "netInterestIncome": "None", "interestIncome": "None", "interestExpense": "36000000", "nonInterestIncome": "None", "otherNonOperatingIncome": "None", "depreciation": "None", "depreciationAndAmortization": "58000000", "incomeBeforeTax": "645000000", "incomeTaxExpense": "229000000", "interestAndDebtExpense": "None", "netIncomeFromContinuingOperations": "416000000", "comprehensiveIncomeNetOfTax": "None", "ebit": "645000000", "ebitda": "703000000", "netIncome": "416000000"}, {"fiscalDateEnding": "2015-09-30", "reportedCurrency": "USD", "grossProfit": "1592000000", "totalRevenue": "1626000000", "costOfRevenue": "29000000", "costofGoodsAndServicesSold": "29000000", "operatingIncome": "583000000", "sellingGeneralAndAdministrative": "606000000", "researchAndDevelopment": "0", "operatingExpenses": "1014000000", "investmentIncomeNet": "None", "netInterestIncome": "None", "interestIncome": "None", "interestExpense": "34000000", "nonInterestIncome": "None", "otherNonOperatingIncome": "None", "depreciation": "None", "depreciationAndAmortization": "57000000", "incomeBeforeTax": "583000000", "incomeTaxExpense": "207000000", "interestAndDebtExpense": "None", "netIncomeFromContinuingOperations": "376000000", "comprehensiveIncomeNetOfTax": "None", "ebit": "583000000", "ebitda": "640000000", "netIncome": "376000000"}, {"fiscalDateEnding": "2015-06-30", "reportedCurrency": "USD", "grossProfit": "1564000000", "totalRevenue": "1597000000", "costOfRevenue": "31000000", "costofGoodsAndServicesSold": "31000000", "operatingIncome": "567000000", "sellingGeneralAndAdministrative": "599000000", "researchAndDevelopment": "0", "operatingExpenses": "999000000", "investmentIncomeNet": "None", "netInterestIncome": "None", "interestIncome": "None", "interestExpense": "33000000", "nonInterestIncome": "None", "otherNonOperatingIncome": "None", "depreciation": "None", "depreciationAndAmortization": "55000000", "incomeBeforeTax": "567000000", "incomeTaxExpense": "214000000", "interestAndDebtExpense": "None", "netIncomeFromContinuingOperations": "353000000", "comprehensiveIncomeNetOfTax": "None", "ebit": "567000000", "ebitda": "622000000", "netIncome": "353000000"}, {"fiscalDateEnding": "2015-03-31", "reportedCurrency": "USD", "grossProfit": "1522000000", "totalRevenue": "1551000000", "costOfRevenue": "25000000", "costofGoodsAndServicesSold": "25000000", "operatingIncome": "484000000", "sellingGeneralAndAdministrative": "639000000", "researchAndDevelopment": "0", "operatingExpenses": "1042000000", "investmentIncomeNet": "None", "netInterestIncome": "None", "interestIncome": "None", "interestExpense": "29000000", "nonInterestIncome": "None", "otherNonOperatingIncome": "None", "depreciation": "None", "depreciationAndAmortization": "54000000", "incomeBeforeTax": "484000000", "incomeTaxExpense": "182000000", "interestAndDebtExpense": "None", "netIncomeFromContinuingOperations": "302000000", "comprehensiveIncomeNetOfTax": "None", "ebit": "484000000", "ebitda": "538000000", "netIncome": "302000000"}, {"fiscalDateEnding": "2014-12-31", "reportedCurrency": "USD", "grossProfit": "1554000000", "totalRevenue": "1577000000", "costOfRevenue": "26000000", "costofGoodsAndServicesSold": "26000000", "operatingIncome": "554000000", "sellingGeneralAndAdministrative": "598000000", "researchAndDevelopment": "0", "operatingExpenses": "997000000", "investmentIncomeNet": "None", "netInterestIncome": "None", "interestIncome": "None", "interestExpense": "23000000", "nonInterestIncome": "None", "otherNonOperatingIncome": "None", "depreciation": "None", "depreciationAndAmortization": "54000000", "incomeBeforeTax": "554000000", "incomeTaxExpense": "204000000", "interestAndDebtExpense": "None", "netIncomeFromContinuingOperations": "350000000", "comprehensiveIncomeNetOfTax": "None", "ebit": "554000000", "ebitda": "608000000", "netIncome": "350000000"}, {"fiscalDateEnding": "2014-09-30", "reportedCurrency": "USD", "grossProfit": "1550000000", "totalRevenue": "1577000000", "costOfRevenue": "26000000", "costofGoodsAndServicesSold": "26000000", "operatingIncome": "518000000", "sellingGeneralAndAdministrative": "648000000", "researchAndDevelopment": "0", "operatingExpenses": "1033000000", "investmentIncomeNet": "None", "netInterestIncome": "None", "interestIncome": "None", "interestExpense": "27000000", "nonInterestIncome": "None", "otherNonOperatingIncome": "None", "depreciation": "None", "depreciationAndAmortization": "49000000", "incomeBeforeTax": "518000000", "incomeTaxExpense": "197000000", "interestAndDebtExpense": "None", "netIncomeFromContinuingOperations": "321000000", "comprehensiveIncomeNetOfTax": "None", "ebit": "518000000", "ebitda": "567000000", "netIncome": "321000000"}, {"fiscalDateEnding": "2014-06-30", "reportedCurrency": "USD", "grossProfit": "1471000000", "totalRevenue": "1497000000", "costOfRevenue": "19000000", "costofGoodsAndServicesSold": "19000000", "operatingIncome": "521000000", "sellingGeneralAndAdministrative": "577000000", "researchAndDevelopment": "0", "operatingExpenses": "957000000", "investmentIncomeNet": "None", "netInterestIncome": "None", "interestIncome": "None", "interestExpense": "26000000", "nonInterestIncome": "None", "otherNonOperatingIncome": "None", "depreciation": "None", "depreciationAndAmortization": "48000000", "incomeBeforeTax": "521000000", "incomeTaxExpense": "197000000", "interestAndDebtExpense": "None", "netIncomeFromContinuingOperations": "324000000", "comprehensiveIncomeNetOfTax": "None", "ebit": "521000000", "ebitda": "569000000", "netIncome": "324000000"}, {"fiscalDateEnding": "2014-03-31", "reportedCurrency": "USD", "grossProfit": "1479000000", "totalRevenue": "1505000000", "costOfRevenue": "27000000", "costofGoodsAndServicesSold": "27000000", "operatingIncome": "522000000", "sellingGeneralAndAdministrative": "584000000", "researchAndDevelopment": "0", "operatingExpenses": "956000000", "investmentIncomeNet": "None", "netInterestIncome": "None", "interestIncome": "None", "interestExpense": "26000000", "nonInterestIncome": "None", "otherNonOperatingIncome": "None", "depreciation": "None", "depreciationAndAmortization": "48000000", "incomeBeforeTax": "522000000", "incomeTaxExpense": "196000000", "interestAndDebtExpense": "None", "netIncomeFromContinuingOperations": "326000000", "comprehensiveIncomeNetOfTax": "None", "ebit": "522000000", "ebitda": "570000000", "netIncome": "326000000"}, {"fiscalDateEnding": "2013-12-31", "reportedCurrency": "USD", "grossProfit": "1433000000", "totalRevenue": "1459000000", "costOfRevenue": "24000000", "costofGoodsAndServicesSold": "24000000", "operatingIncome": "498000000", "sellingGeneralAndAdministrative": "570000000", "researchAndDevelopment": "0", "operatingExpenses": "937000000", "investmentIncomeNet": "None", "netInterestIncome": "None", "interestIncome": "None", "interestExpense": "26000000", "nonInterestIncome": "None", "otherNonOperatingIncome": "None", "depreciation": "None", "depreciationAndAmortization": "49000000", "incomeBeforeTax": "498000000", "incomeTaxExpense": "179000000", "interestAndDebtExpense": "None", "netIncomeFromContinuingOperations": "319000000", "comprehensiveIncomeNetOfTax": "None", "ebit": "498000000", "ebitda": "547000000", "netIncome": "319000000"}, {"fiscalDateEnding": "2013-09-30", "reportedCurrency": "USD", "grossProfit": "1369000000", "totalRevenue": "1394000000", "costOfRevenue": "21000000", "costofGoodsAndServicesSold": "21000000", "operatingIncome": "464000000", "sellingGeneralAndAdministrative": "537000000", "researchAndDevelopment": "0", "operatingExpenses": "909000000", "investmentIncomeNet": "None", "netInterestIncome": "None", "interestIncome": "None", "interestExpense": "25000000", "nonInterestIncome": "None", "otherNonOperatingIncome": "None", "depreciation": "None", "depreciationAndAmortization": "51000000", "incomeBeforeTax": "464000000", "incomeTaxExpense": "174000000", "interestAndDebtExpense": "None", "netIncomeFromContinuingOperations": "290000000", "comprehensiveIncomeNetOfTax": "None", "ebit": "464000000", "ebitda": "515000000", "netIncome": "290000000"}, {"fiscalDateEnding": "2013-06-30", "reportedCurrency": "USD", "grossProfit": "1336000000", "totalRevenue": "1362000000", "costOfRevenue": "25000000", "costofGoodsAndServicesSold": "25000000", "operatingIncome": "412000000", "sellingGeneralAndAdministrative": "550000000", "researchAndDevelopment": "0", "operatingExpenses": "925000000", "investmentIncomeNet": "None", "netInterestIncome": "None", "interestIncome": "None", "interestExpense": "26000000", "nonInterestIncome": "None", "otherNonOperatingIncome": "None", "depreciation": "None", "depreciationAndAmortization": "51000000", "incomeBeforeTax": "412000000", "incomeTaxExpense": "156000000", "interestAndDebtExpense": "None", "netIncomeFromContinuingOperations": "256000000", "comprehensiveIncomeNetOfTax": "None", "ebit": "412000000", "ebitda": "463000000", "netIncome": "256000000"}, {"fiscalDateEnding": "2013-03-31", "reportedCurrency": "USD", "grossProfit": "1296000000", "totalRevenue": "1324000000", "costOfRevenue": "34000000", "costofGoodsAndServicesSold": "34000000", "operatingIncome": "331000000", "sellingGeneralAndAdministrative": "590000000", "researchAndDevelopment": "0", "operatingExpenses": "959000000", "investmentIncomeNet": "None", "netInterestIncome": "None", "interestIncome": "None", "interestExpense": "28000000", "nonInterestIncome": "None", "otherNonOperatingIncome": "None", "depreciation": "None", "depreciationAndAmortization": "51000000", "incomeBeforeTax": "331000000", "incomeTaxExpense": "125000000", "interestAndDebtExpense": "None", "netIncomeFromContinuingOperations": "206000000", "comprehensiveIncomeNetOfTax": "None", "ebit": "331000000", "ebitda": "382000000", "netIncome": "206000000"}, {"fiscalDateEnding": "2012-12-31", "reportedCurrency": "USD", "grossProfit": "1189000000", "totalRevenue": "1223000000", "costOfRevenue": "36000000", "costofGoodsAndServicesSold": "36000000", "operatingIncome": "344000000", "sellingGeneralAndAdministrative": "504000000", "researchAndDevelopment": "0", "operatingExpenses": "843000000", "investmentIncomeNet": "None", "netInterestIncome": "None", "interestIncome": "None", "interestExpense": "34000000", "nonInterestIncome": "None", "otherNonOperatingIncome": "None", "depreciation": "None", "depreciationAndAmortization": "50000000", "incomeBeforeTax": "344000000", "incomeTaxExpense": "133000000", "interestAndDebtExpense": "None", "netIncomeFromContinuingOperations": "211000000", "comprehensiveIncomeNetOfTax": "None", "ebit": "344000000", "ebitda": "394000000", "netIncome": "211000000"}, {"fiscalDateEnding": "2012-09-30", "reportedCurrency": "USD", "grossProfit": "1206000000", "totalRevenue": "1245000000", "costOfRevenue": "49000000", "costofGoodsAndServicesSold": "49000000", "operatingIncome": "361000000", "sellingGeneralAndAdministrative": "495000000", "researchAndDevelopment": "0", "operatingExpenses": "835000000", "investmentIncomeNet": "None", "netInterestIncome": "None", "interestIncome": "None", "interestExpense": "39000000", "nonInterestIncome": "None", "otherNonOperatingIncome": "None", "depreciation": "None", "depreciationAndAmortization": "50000000", "incomeBeforeTax": "361000000", "incomeTaxExpense": "114000000", "interestAndDebtExpense": "None", "netIncomeFromContinuingOperations": "247000000", "comprehensiveIncomeNetOfTax": "None", "ebit": "361000000", "ebitda": "411000000", "netIncome": "247000000"}, {"fiscalDateEnding": "2012-06-30", "reportedCurrency": "USD", "grossProfit": "1287000000", "totalRevenue": "1326000000", "costOfRevenue": "43000000", "costofGoodsAndServicesSold": "43000000", "operatingIncome": "432000000", "sellingGeneralAndAdministrative": "501000000", "researchAndDevelopment": "0", "operatingExpenses": "851000000", "investmentIncomeNet": "None", "netInterestIncome": "None", "interestIncome": "None", "interestExpense": "39000000", "nonInterestIncome": "None", "otherNonOperatingIncome": "None", "depreciation": "None", "depreciationAndAmortization": "48000000", "incomeBeforeTax": "432000000", "incomeTaxExpense": "157000000", "interestAndDebtExpense": "None", "netIncomeFromContinuingOperations": "275000000", "comprehensiveIncomeNetOfTax": "None", "ebit": "432000000", "ebitda": "480000000", "netIncome": "275000000"}, {"fiscalDateEnding": "2012-03-31", "reportedCurrency": "USD", "grossProfit": "1189000000", "totalRevenue": "1227000000", "costOfRevenue": "38000000", "costofGoodsAndServicesSold": "38000000", "operatingIncome": "313000000", "sellingGeneralAndAdministrative": "523000000", "researchAndDevelopment": "0", "operatingExpenses": "876000000", "investmentIncomeNet": "None", "netInterestIncome": "None", "interestIncome": "None", "interestExpense": "38000000", "nonInterestIncome": "None", "otherNonOperatingIncome": "None", "depreciation": "None", "depreciationAndAmortization": "48000000", "incomeBeforeTax": "313000000", "incomeTaxExpense": "118000000", "interestAndDebtExpense": "None", "netIncomeFromContinuingOperations": "195000000", "comprehensiveIncomeNetOfTax": "None", "ebit": "313000000", "ebitda": "361000000", "netIncome": "195000000"}, {"fiscalDateEnding": "2011-12-31", "reportedCurrency": "USD", "grossProfit": "1127000000", "totalRevenue": "1168000000", "costOfRevenue": "46000000", "costofGoodsAndServicesSold": "46000000", "operatingIncome": "252000000", "sellingGeneralAndAdministrative": "496000000", "researchAndDevelopment": "0", "operatingExpenses": "870000000", "investmentIncomeNet": "None", "netInterestIncome": "None", "interestIncome": "None", "interestExpense": "41000000", "nonInterestIncome": "None", "otherNonOperatingIncome": "None", "depreciation": "None", "depreciationAndAmortization": "48000000", "incomeBeforeTax": "252000000", "incomeTaxExpense": "89000000", "interestAndDebtExpense": "None", "netIncomeFromContinuingOperations": "163000000", "comprehensiveIncomeNetOfTax": "None", "ebit": "252000000", "ebitda": "300000000", "netIncome": "163000000"}, {"fiscalDateEnding": "2011-09-30", "reportedCurrency": "USD", "grossProfit": "1202000000", "totalRevenue": "1246000000", "costOfRevenue": "52000000", "costofGoodsAndServicesSold": "52000000", "operatingIncome": "360000000", "sellingGeneralAndAdministrative": "479000000", "researchAndDevelopment": "0", "operatingExpenses": "834000000", "investmentIncomeNet": "None", "netInterestIncome": "None", "interestIncome": "None", "interestExpense": "44000000", "nonInterestIncome": "None", "otherNonOperatingIncome": "None", "depreciation": "None", "depreciationAndAmortization": "39000000", "incomeBeforeTax": "360000000", "incomeTaxExpense": "140000000", "interestAndDebtExpense": "None", "netIncomeFromContinuingOperations": "220000000", "comprehensiveIncomeNetOfTax": "None", "ebit": "360000000", "ebitda": "399000000", "netIncome": "220000000"}, {"fiscalDateEnding": "2011-06-30", "reportedCurrency": "USD", "grossProfit": "1193000000", "totalRevenue": "1238000000", "costOfRevenue": "46000000", "costofGoodsAndServicesSold": "46000000", "operatingIncome": "386000000", "sellingGeneralAndAdministrative": "484000000", "researchAndDevelopment": "0", "operatingExpenses": "806000000", "investmentIncomeNet": "None", "netInterestIncome": "None", "interestIncome": "None", "interestExpense": "45000000", "nonInterestIncome": "None", "otherNonOperatingIncome": "None", "depreciation": "None", "depreciationAndAmortization": "33000000", "incomeBeforeTax": "386000000", "incomeTaxExpense": "148000000", "interestAndDebtExpense": "None", "netIncomeFromContinuingOperations": "238000000", "comprehensiveIncomeNetOfTax": "None", "ebit": "386000000", "ebitda": "419000000", "netIncome": "238000000"}, {"fiscalDateEnding": "2011-03-31", "reportedCurrency": "USD", "grossProfit": "1218000000", "totalRevenue": "1263000000", "costOfRevenue": "49000000", "costofGoodsAndServicesSold": "49000000", "operatingIncome": "394000000", "sellingGeneralAndAdministrative": "493000000", "researchAndDevelopment": "0", "operatingExpenses": "820000000", "investmentIncomeNet": "None", "netInterestIncome": "None", "interestIncome": "None", "interestExpense": "45000000", "nonInterestIncome": "None", "otherNonOperatingIncome": "None", "depreciation": "None", "depreciationAndAmortization": "35000000", "incomeBeforeTax": "394000000", "incomeTaxExpense": "151000000", "interestAndDebtExpense": "None", "netIncomeFromContinuingOperations": "243000000", "comprehensiveIncomeNetOfTax": "None", "ebit": "394000000", "ebitda": "429000000", "netIncome": "243000000"}, {"fiscalDateEnding": "2010-12-31", "reportedCurrency": "USD", "grossProfit": "972000000", "totalRevenue": "1201000000", "costOfRevenue": "256000000", "costofGoodsAndServicesSold": "256000000", "operatingIncome": "229000000", "sellingGeneralAndAdministrative": "770000000", "researchAndDevelopment": "0", "operatingExpenses": "716000000", "investmentIncomeNet": "None", "netInterestIncome": "None", "interestIncome": "None", "interestExpense": "229000000", "nonInterestIncome": "None", "otherNonOperatingIncome": "None", "depreciation": "None", "depreciationAndAmortization": "38000000", "incomeBeforeTax": "229000000", "incomeTaxExpense": "110000000", "interestAndDebtExpense": "None", "netIncomeFromContinuingOperations": "119000000", "comprehensiveIncomeNetOfTax": "None", "ebit": "229000000", "ebitda": "267000000", "netIncome": "119000000"}, {"fiscalDateEnding": "2010-09-30", "reportedCurrency": "USD", "grossProfit": "1069000000", "totalRevenue": "1124000000", "costOfRevenue": "58000000", "costofGoodsAndServicesSold": "58000000", "operatingIncome": "199000000", "sellingGeneralAndAdministrative": "430000000", "researchAndDevelopment": "0", "operatingExpenses": "867000000", "investmentIncomeNet": "None", "netInterestIncome": "None", "interestIncome": "None", "interestExpense": "55000000", "nonInterestIncome": "None", "otherNonOperatingIncome": "None", "depreciation": "None", "depreciationAndAmortization": "35000000", "incomeBeforeTax": "199000000", "incomeTaxExpense": "75000000", "interestAndDebtExpense": "None", "netIncomeFromContinuingOperations": "124000000", "comprehensiveIncomeNetOfTax": "None", "ebit": "199000000", "ebitda": "234000000", "netIncome": "124000000"}, {"fiscalDateEnding": "2010-06-30", "reportedCurrency": "USD", "grossProfit": "1089000000", "totalRevenue": "1134000000", "costOfRevenue": "46000000", "costofGoodsAndServicesSold": "46000000", "operatingIncome": "338000000", "sellingGeneralAndAdministrative": "446000000", "researchAndDevelopment": "0", "operatingExpenses": "750000000", "investmentIncomeNet": "None", "netInterestIncome": "None", "interestIncome": "None", "interestExpense": "45000000", "nonInterestIncome": "None", "otherNonOperatingIncome": "None", "depreciation": "None", "depreciationAndAmortization": "36000000", "incomeBeforeTax": "338000000", "incomeTaxExpense": "133000000", "interestAndDebtExpense": "None", "netIncomeFromContinuingOperations": "205000000", "comprehensiveIncomeNetOfTax": "None", "ebit": "338000000", "ebitda": "374000000", "netIncome": "205000000"}, {"fiscalDateEnding": "2010-03-31", "reportedCurrency": "USD", "grossProfit": "1000000000", "totalRevenue": "1051000000", "costOfRevenue": "65000000", "costofGoodsAndServicesSold": "65000000", "operatingIncome": "13000000", "sellingGeneralAndAdministrative": "454000000", "researchAndDevelopment": "0", "operatingExpenses": "973000000", "investmentIncomeNet": "None", "netInterestIncome": "None", "interestIncome": "None", "interestExpense": "51000000", "nonInterestIncome": "None", "otherNonOperatingIncome": "None", "depreciation": "None", "depreciationAndAmortization": "37000000", "incomeBeforeTax": "13000000", "incomeTaxExpense": "7000000", "interestAndDebtExpense": "None", "netIncomeFromContinuingOperations": "6000000", "comprehensiveIncomeNetOfTax": "None", "ebit": "13000000", "ebitda": "50000000", "netIncome": "6000000"}, {"fiscalDateEnding": "2009-12-31", "reportedCurrency": "USD", "grossProfit": "1046000000", "totalRevenue": "1068000000", "costOfRevenue": "22000000", "costofGoodsAndServicesSold": "22000000", "operatingIncome": "266000000", "sellingGeneralAndAdministrative": "422000000", "researchAndDevelopment": "0", "operatingExpenses": "780000000", "investmentIncomeNet": "None", "netInterestIncome": "None", "interestIncome": "None", "interestExpense": "22000000", "nonInterestIncome": "None", "otherNonOperatingIncome": "None", "depreciation": "None", "depreciationAndAmortization": "38000000", "incomeBeforeTax": "266000000", "incomeTaxExpense": "102000000", "interestAndDebtExpense": "None", "netIncomeFromContinuingOperations": "0", "comprehensiveIncomeNetOfTax": "None", "ebit": "266000000", "ebitda": "304000000", "netIncome": "164000000"}, {"fiscalDateEnding": "2009-09-30", "reportedCurrency": "USD", "grossProfit": "1022000000", "totalRevenue": "1084000000", "costOfRevenue": "62000000", "costofGoodsAndServicesSold": "62000000", "operatingIncome": "320000000", "sellingGeneralAndAdministrative": "419000000", "researchAndDevelopment": "0", "operatingExpenses": "702000000", "investmentIncomeNet": "None", "netInterestIncome": "None", "interestIncome": "None", "interestExpense": "62000000", "nonInterestIncome": "None", "otherNonOperatingIncome": "None", "depreciation": "None", "depreciationAndAmortization": "38000000", "incomeBeforeTax": "320000000", "incomeTaxExpense": "120000000", "interestAndDebtExpense": "None", "netIncomeFromContinuingOperations": "0", "comprehensiveIncomeNetOfTax": "None", "ebit": "320000000", "ebitda": "358000000", "netIncome": "200000000"}, {"fiscalDateEnding": "2009-06-30", "reportedCurrency": "USD", "grossProfit": "1098000000", "totalRevenue": "1157000000", "costOfRevenue": "59000000", "costofGoodsAndServicesSold": "59000000", "operatingIncome": "335000000", "sellingGeneralAndAdministrative": "431000000", "researchAndDevelopment": "0", "operatingExpenses": "763000000", "investmentIncomeNet": "None", "netInterestIncome": "None", "interestIncome": "None", "interestExpense": "59000000", "nonInterestIncome": "None", "otherNonOperatingIncome": "None", "depreciation": "None", "depreciationAndAmortization": "41000000", "incomeBeforeTax": "335000000", "incomeTaxExpense": "130000000", "interestAndDebtExpense": "None", "netIncomeFromContinuingOperations": "205000000", "comprehensiveIncomeNetOfTax": "None", "ebit": "335000000", "ebitda": "376000000", "netIncome": "205000000"}, {"fiscalDateEnding": "2009-03-31", "reportedCurrency": "USD", "grossProfit": "1125000000", "totalRevenue": "1165000000", "costOfRevenue": "40000000", "costofGoodsAndServicesSold": "40000000", "operatingIncome": "355000000", "sellingGeneralAndAdministrative": "478000000", "researchAndDevelopment": "0", "operatingExpenses": "770000000", "investmentIncomeNet": "None", "netInterestIncome": "None", "interestIncome": "None", "interestExpense": "40000000", "nonInterestIncome": "None", "otherNonOperatingIncome": "None", "depreciation": "None", "depreciationAndAmortization": "42000000", "incomeBeforeTax": "355000000", "incomeTaxExpense": "137000000", "interestAndDebtExpense": "None", "netIncomeFromContinuingOperations": "0", "comprehensiveIncomeNetOfTax": "None", "ebit": "355000000", "ebitda": "397000000", "netIncome": "218000000"}, {"fiscalDateEnding": "2008-12-31", "reportedCurrency": "USD", "grossProfit": "1284000000", "totalRevenue": "1335000000", "costOfRevenue": "51000000", "costofGoodsAndServicesSold": "51000000", "operatingIncome": "507000000", "sellingGeneralAndAdministrative": "402000000", "researchAndDevelopment": "0", "operatingExpenses": "777000000", "investmentIncomeNet": "None", "netInterestIncome": "None", "interestIncome": "None", "interestExpense": "51000000", "nonInterestIncome": "None", "otherNonOperatingIncome": "None", "depreciation": "None", "depreciationAndAmortization": "39000000", "incomeBeforeTax": "507000000", "incomeTaxExpense": "199000000", "interestAndDebtExpense": "None", "netIncomeFromContinuingOperations": "0", "comprehensiveIncomeNetOfTax": "None", "ebit": "507000000", "ebitda": "546000000", "netIncome": "308000000"}, {"fiscalDateEnding": "2008-09-30", "reportedCurrency": "USD", "grossProfit": "1295000000", "totalRevenue": "1345000000", "costOfRevenue": "50000000", "costofGoodsAndServicesSold": "50000000", "operatingIncome": "499000000", "sellingGeneralAndAdministrative": "441000000", "researchAndDevelopment": "0", "operatingExpenses": "796000000", "investmentIncomeNet": "None", "netInterestIncome": "None", "interestIncome": "None", "interestExpense": "50000000", "nonInterestIncome": "None", "otherNonOperatingIncome": "None", "depreciation": "None", "depreciationAndAmortization": "38000000", "incomeBeforeTax": "499000000", "incomeTaxExpense": "195000000", "interestAndDebtExpense": "None", "netIncomeFromContinuingOperations": "0", "comprehensiveIncomeNetOfTax": "None", "ebit": "499000000", "ebitda": "537000000", "netIncome": "304000000"}, {"fiscalDateEnding": "2008-06-30", "reportedCurrency": "USD", "grossProfit": "1308000000", "totalRevenue": "1359000000", "costOfRevenue": "51000000", "costofGoodsAndServicesSold": "51000000", "operatingIncome": "514000000", "sellingGeneralAndAdministrative": "490000000", "researchAndDevelopment": "0", "operatingExpenses": "794000000", "investmentIncomeNet": "None", "netInterestIncome": "None", "interestIncome": "None", "interestExpense": "51000000", "nonInterestIncome": "None", "otherNonOperatingIncome": "None", "depreciation": "None", "depreciationAndAmortization": "37000000", "incomeBeforeTax": "514000000", "incomeTaxExpense": "201000000", "interestAndDebtExpense": "None", "netIncomeFromContinuingOperations": "0", "comprehensiveIncomeNetOfTax": "None", "ebit": "514000000", "ebitda": "551000000", "netIncome": "295000000"}, {"fiscalDateEnding": "2008-03-31", "reportedCurrency": "USD", "grossProfit": "1307000000", "totalRevenue": "1398000000", "costOfRevenue": "91000000", "costofGoodsAndServicesSold": "91000000", "operatingIncome": "508000000", "sellingGeneralAndAdministrative": "489000000", "researchAndDevelopment": "0", "operatingExpenses": "799000000", "investmentIncomeNet": "None", "netInterestIncome": "None", "interestIncome": "None", "interestExpense": "91000000", "nonInterestIncome": "None", "otherNonOperatingIncome": "None", "depreciation": "None", "depreciationAndAmortization": "38000000", "incomeBeforeTax": "508000000", "incomeTaxExpense": "203000000", "interestAndDebtExpense": "None", "netIncomeFromContinuingOperations": "0", "comprehensiveIncomeNetOfTax": "None", "ebit": "508000000", "ebitda": "546000000", "netIncome": "305000000"}, {"fiscalDateEnding": "2007-12-31", "reportedCurrency": "USD", "grossProfit": "1345000000", "totalRevenue": "1477000000", "costOfRevenue": "132000000", "costofGoodsAndServicesSold": "132000000", "operatingIncome": "526000000", "sellingGeneralAndAdministrative": "455000000", "researchAndDevelopment": "0", "operatingExpenses": "819000000", "investmentIncomeNet": "None", "netInterestIncome": "None", "interestIncome": "None", "interestExpense": "132000000", "nonInterestIncome": "None", "otherNonOperatingIncome": "None", "depreciation": "None", "depreciationAndAmortization": "39000000", "incomeBeforeTax": "526000000", "incomeTaxExpense": "221000000", "interestAndDebtExpense": "None", "netIncomeFromContinuingOperations": "0", "comprehensiveIncomeNetOfTax": "None", "ebit": "526000000", "ebitda": "565000000", "netIncome": "308000000"}, {"fiscalDateEnding": "2007-09-30", "reportedCurrency": "USD", "grossProfit": "1291000000", "totalRevenue": "1451000000", "costOfRevenue": "160000000", "costofGoodsAndServicesSold": "160000000", "operatingIncome": "512000000", "sellingGeneralAndAdministrative": "447000000", "researchAndDevelopment": "0", "operatingExpenses": "779000000", "investmentIncomeNet": "None", "netInterestIncome": "None", "interestIncome": "None", "interestExpense": "160000000", "nonInterestIncome": "None", "otherNonOperatingIncome": "None", "depreciation": "None", "depreciationAndAmortization": "39000000", "incomeBeforeTax": "512000000", "incomeTaxExpense": "189000000", "interestAndDebtExpense": "None", "netIncomeFromContinuingOperations": "0", "comprehensiveIncomeNetOfTax": "None", "ebit": "512000000", "ebitda": "551000000", "netIncome": "1534000000"}, {"fiscalDateEnding": "2007-06-30", "reportedCurrency": "USD", "grossProfit": "1205000000", "totalRevenue": "1369000000", "costOfRevenue": "164000000", "costofGoodsAndServicesSold": "164000000", "operatingIncome": "424000000", "sellingGeneralAndAdministrative": "449000000", "researchAndDevelopment": "0", "operatingExpenses": "781000000", "investmentIncomeNet": "None", "netInterestIncome": "None", "interestIncome": "None", "interestExpense": "164000000", "nonInterestIncome": "None", "otherNonOperatingIncome": "None", "depreciation": "None", "depreciationAndAmortization": "39000000", "incomeBeforeTax": "424000000", "incomeTaxExpense": "168000000", "interestAndDebtExpense": "None", "netIncomeFromContinuingOperations": "0", "comprehensiveIncomeNetOfTax": "None", "ebit": "424000000", "ebitda": "463000000", "netIncome": "292000000"}, {"fiscalDateEnding": "2007-03-31", "reportedCurrency": "USD", "grossProfit": "1153000000", "totalRevenue": "1320000000", "costOfRevenue": "167000000", "costofGoodsAndServicesSold": "167000000", "operatingIncome": "391000000", "sellingGeneralAndAdministrative": "430000000", "researchAndDevelopment": "0", "operatingExpenses": "762000000", "investmentIncomeNet": "None", "netInterestIncome": "None", "interestIncome": "None", "interestExpense": "167000000", "nonInterestIncome": "None", "otherNonOperatingIncome": "None", "depreciation": "None", "depreciationAndAmortization": "39000000", "incomeBeforeTax": "391000000", "incomeTaxExpense": "155000000", "interestAndDebtExpense": "None", "netIncomeFromContinuingOperations": "0", "comprehensiveIncomeNetOfTax": "None", "ebit": "391000000", "ebitda": "430000000", "netIncome": "273000000"}, {"fiscalDateEnding": "2006-12-31", "reportedCurrency": "USD", "grossProfit": "429000000", "totalRevenue": "399000000", "costOfRevenue": "-30000000", "costofGoodsAndServicesSold": "-30000000", "operatingIncome": "228000000", "sellingGeneralAndAdministrative": "39000000", "researchAndDevelopment": "0", "operatingExpenses": "201000000", "investmentIncomeNet": "None", "netInterestIncome": "None", "interestIncome": "None", "interestExpense": "30000000", "nonInterestIncome": "None", "otherNonOperatingIncome": "None", "depreciation": "None", "depreciationAndAmortization": "16000000", "incomeBeforeTax": "228000000", "incomeTaxExpense": "94000000", "interestAndDebtExpense": "None", "netIncomeFromContinuingOperations": "0", "comprehensiveIncomeNetOfTax": "None", "ebit": "228000000", "ebitda": "244000000", "netIncome": "467000000"}, {"fiscalDateEnding": "2006-09-30", "reportedCurrency": "USD", "grossProfit": "1066000000", "totalRevenue": "1249000000", "costOfRevenue": "183000000", "costofGoodsAndServicesSold": "183000000", "operatingIncome": "382000000", "sellingGeneralAndAdministrative": "404000000", "researchAndDevelopment": "0", "operatingExpenses": "684000000", "investmentIncomeNet": "None", "netInterestIncome": "None", "interestIncome": "None", "interestExpense": "183000000", "nonInterestIncome": "None", "otherNonOperatingIncome": "None", "depreciation": "None", "depreciationAndAmortization": "39000000", "incomeBeforeTax": "382000000", "incomeTaxExpense": "152000000", "interestAndDebtExpense": "None", "netIncomeFromContinuingOperations": "0", "comprehensiveIncomeNetOfTax": "None", "ebit": "382000000", "ebitda": "421000000", "netIncome": "266000000"}, {"fiscalDateEnding": "2006-06-30", "reportedCurrency": "USD", "grossProfit": "1093000000", "totalRevenue": "1261000000", "costOfRevenue": "168000000", "costofGoodsAndServicesSold": "168000000", "operatingIncome": "369000000", "sellingGeneralAndAdministrative": "407000000", "researchAndDevelopment": "0", "operatingExpenses": "724000000", "investmentIncomeNet": "None", "netInterestIncome": "None", "interestIncome": "None", "interestExpense": "168000000", "nonInterestIncome": "None", "otherNonOperatingIncome": "None", "depreciation": "None", "depreciationAndAmortization": "39000000", "incomeBeforeTax": "369000000", "incomeTaxExpense": "146000000", "interestAndDebtExpense": "None", "netIncomeFromContinuingOperations": "0", "comprehensiveIncomeNetOfTax": "None", "ebit": "369000000", "ebitda": "408000000", "netIncome": "251000000"}, {"fiscalDateEnding": "2006-03-31", "reportedCurrency": "USD", "grossProfit": "1054000000", "totalRevenue": "1205000000", "costOfRevenue": "151000000", "costofGoodsAndServicesSold": "151000000", "operatingIncome": "353000000", "sellingGeneralAndAdministrative": "409000000", "researchAndDevelopment": "0", "operatingExpenses": "701000000", "investmentIncomeNet": "None", "netInterestIncome": "None", "interestIncome": "None", "interestExpense": "151000000", "nonInterestIncome": "None", "otherNonOperatingIncome": "None", "depreciation": "None", "depreciationAndAmortization": "48000000", "incomeBeforeTax": "353000000", "incomeTaxExpense": "139000000", "interestAndDebtExpense": "None", "netIncomeFromContinuingOperations": "0", "comprehensiveIncomeNetOfTax": "None", "ebit": "346000000", "ebitda": "394000000", "netIncome": "243000000"}, {"fiscalDateEnding": "2005-12-31", "reportedCurrency": "USD", "grossProfit": "1180000000", "totalRevenue": "1384000000", "costOfRevenue": "204000000", "costofGoodsAndServicesSold": "204000000", "operatingIncome": "307000000", "sellingGeneralAndAdministrative": "512000000", "researchAndDevelopment": "0", "operatingExpenses": "873000000", "investmentIncomeNet": "None", "netInterestIncome": "None", "interestIncome": "None", "interestExpense": "204000000", "nonInterestIncome": "None", "otherNonOperatingIncome": "None", "depreciation": "None", "depreciationAndAmortization": "51000000", "incomeBeforeTax": "307000000", "incomeTaxExpense": "120000000", "interestAndDebtExpense": "None", "netIncomeFromContinuingOperations": "0", "comprehensiveIncomeNetOfTax": "None", "ebit": "307000000", "ebitda": "358000000", "netIncome": "187000000"}]}