{"symbol": "ATRO", "annualReports": [{"fiscalDateEnding": "2024-12-31", "reportedCurrency": "USD", "grossProfit": "168342000", "totalRevenue": "795426000", "costOfRevenue": "627084000", "costofGoodsAndServicesSold": "627084000", "operatingIncome": "26466000", "sellingGeneralAndAdministrative": "141876000", "researchAndDevelopment": "None", "operatingExpenses": "141876000", "investmentIncomeNet": "None", "netInterestIncome": "-21998000", "interestIncome": "None", "interestExpense": "21998000", "nonInterestIncome": "None", "otherNonOperatingIncome": "None", "depreciation": "None", "depreciationAndAmortization": "24466000", "incomeBeforeTax": "-7867000", "incomeTaxExpense": "8348000", "interestAndDebtExpense": "None", "netIncomeFromContinuingOperations": "-16215000", "comprehensiveIncomeNetOfTax": "None", "ebit": "26466000", "ebitda": "50932000", "netIncome": "-16215000"}, {"fiscalDateEnding": "2023-12-31", "reportedCurrency": "USD", "grossProfit": "120796000", "totalRevenue": "689206000", "costOfRevenue": "568410000", "costofGoodsAndServicesSold": "568410000", "operatingIncome": "-6671000", "sellingGeneralAndAdministrative": "119953000", "researchAndDevelopment": "53500000", "operatingExpenses": "127467000", "investmentIncomeNet": "None", "netInterestIncome": "-20991000", "interestIncome": "None", "interestExpense": "23328000", "nonInterestIncome": "None", "otherNonOperatingIncome": "None", "depreciation": "None", "depreciationAndAmortization": "26104000", "incomeBeforeTax": "-26311000", "incomeTaxExpense": "110000", "interestAndDebtExpense": "None", "netIncomeFromContinuingOperations": "-40176000", "comprehensiveIncomeNetOfTax": "None", "ebit": "-6671000", "ebitda": "19433000", "netIncome": "-26421000"}, {"fiscalDateEnding": "2022-12-31", "reportedCurrency": "USD", "grossProfit": "71540000", "totalRevenue": "534894000", "costOfRevenue": "463354000", "costofGoodsAndServicesSold": "463354000", "operatingIncome": "-30044000", "sellingGeneralAndAdministrative": "101584000", "researchAndDevelopment": "48300000", "operatingExpenses": "101584000", "investmentIncomeNet": "None", "netInterestIncome": "-9422000", "interestIncome": "None", "interestExpense": "9422000", "nonInterestIncome": "None", "otherNonOperatingIncome": "11284000", "depreciation": "None", "depreciationAndAmortization": "27777000", "incomeBeforeTax": "-29793000", "incomeTaxExpense": "5954000", "interestAndDebtExpense": "None", "netIncomeFromContinuingOperations": "-35747000", "comprehensiveIncomeNetOfTax": "None", "ebit": "-30044000", "ebitda": "-2267000", "netIncome": "-35747000"}, {"fiscalDateEnding": "2021-12-31", "reportedCurrency": "USD", "grossProfit": "65363000", "totalRevenue": "444908000", "costOfRevenue": "379545000", "costofGoodsAndServicesSold": "379545000", "operatingIncome": "-28674000", "sellingGeneralAndAdministrative": "99051000", "researchAndDevelopment": "85300000", "operatingExpenses": "94037000", "investmentIncomeNet": "None", "netInterestIncome": "-6804000", "interestIncome": "None", "interestExpense": "6804000", "nonInterestIncome": "None", "otherNonOperatingIncome": "10677000", "depreciation": "None", "depreciationAndAmortization": "29005000", "incomeBeforeTax": "-26960000", "incomeTaxExpense": "-1382000", "interestAndDebtExpense": "None", "netIncomeFromContinuingOperations": "-25578000", "comprehensiveIncomeNetOfTax": "None", "ebit": "-33688000", "ebitda": "-4683000", "netIncome": "-25578000"}, {"fiscalDateEnding": "2020-12-31", "reportedCurrency": "USD", "grossProfit": "96843000", "totalRevenue": "502587000", "costOfRevenue": "405744000", "costofGoodsAndServicesSold": "405744000", "operatingIncome": "-100701000", "sellingGeneralAndAdministrative": "110528000", "researchAndDevelopment": "86800000", "operatingExpenses": "197544000", "investmentIncomeNet": "None", "netInterestIncome": "-6741000", "interestIncome": "None", "interestExpense": "6741000", "nonInterestIncome": "None", "otherNonOperatingIncome": "None", "depreciation": "None", "depreciationAndAmortization": "31854000", "incomeBeforeTax": "-112410000", "incomeTaxExpense": "3371000", "interestAndDebtExpense": "None", "netIncomeFromContinuingOperations": "-115781000", "comprehensiveIncomeNetOfTax": "None", "ebit": "-13685000", "ebitda": "18169000", "netIncome": "-115781000"}, {"fiscalDateEnding": "2019-12-31", "reportedCurrency": "USD", "grossProfit": "156142000", "totalRevenue": "772702000", "costOfRevenue": "616560000", "costofGoodsAndServicesSold": "616560000", "operatingIncome": "1701000", "sellingGeneralAndAdministrative": "143358000", "researchAndDevelopment": "108900000", "operatingExpenses": "154441000", "investmentIncomeNet": "None", "netInterestIncome": "-6141000", "interestIncome": "6141000", "interestExpense": "6141000", "nonInterestIncome": "None", "otherNonOperatingIncome": "78801000", "depreciation": "None", "depreciationAndAmortization": "33049000", "incomeBeforeTax": "68303000", "incomeTaxExpense": "16286000", "interestAndDebtExpense": "None", "netIncomeFromContinuingOperations": "52017000", "comprehensiveIncomeNetOfTax": "None", "ebit": "12784000", "ebitda": "45833000", "netIncome": "52017000"}, {"fiscalDateEnding": "2018-12-31", "reportedCurrency": "USD", "grossProfit": "180696000", "totalRevenue": "803256000", "costOfRevenue": "622560000", "costofGoodsAndServicesSold": "622560000", "operatingIncome": "63663000", "sellingGeneralAndAdministrative": "117033000", "researchAndDevelopment": "114300000", "operatingExpenses": "117033000", "investmentIncomeNet": "None", "netInterestIncome": "-9710000", "interestIncome": "9710000", "interestExpense": "9710000", "nonInterestIncome": "None", "otherNonOperatingIncome": "None", "depreciation": "None", "depreciationAndAmortization": "35032000", "incomeBeforeTax": "52282000", "incomeTaxExpense": "5479000", "interestAndDebtExpense": "None", "netIncomeFromContinuingOperations": "46803000", "comprehensiveIncomeNetOfTax": "None", "ebit": "63663000", "ebitda": "98695000", "netIncome": "46803000"}, {"fiscalDateEnding": "2017-12-31", "reportedCurrency": "USD", "grossProfit": "137113000", "totalRevenue": "624464000", "costOfRevenue": "487351000", "costofGoodsAndServicesSold": "487351000", "operatingIncome": "30360000", "sellingGeneralAndAdministrative": "90516000", "researchAndDevelopment": "95000000", "operatingExpenses": "90516000", "investmentIncomeNet": "None", "netInterestIncome": "-5369000", "interestIncome": "5369000", "interestExpense": "5369000", "nonInterestIncome": "None", "otherNonOperatingIncome": "None", "depreciation": "None", "depreciationAndAmortization": "26400000", "incomeBeforeTax": "24991000", "incomeTaxExpense": "5312000", "interestAndDebtExpense": "None", "netIncomeFromContinuingOperations": "19679000", "comprehensiveIncomeNetOfTax": "None", "ebit": "3960000", "ebitda": "30360000", "netIncome": "19679000"}, {"fiscalDateEnding": "2016-12-31", "reportedCurrency": "USD", "grossProfit": "159467000", "totalRevenue": "633123000", "costOfRevenue": "473656000", "costofGoodsAndServicesSold": "473656000", "operatingIncome": "73139000", "sellingGeneralAndAdministrative": "86328000", "researchAndDevelopment": "90200000", "operatingExpenses": "86328000", "investmentIncomeNet": "None", "netInterestIncome": "-4354000", "interestIncome": "4354000", "interestExpense": "4354000", "nonInterestIncome": "None", "otherNonOperatingIncome": "None", "depreciation": "None", "depreciationAndAmortization": "25790000", "incomeBeforeTax": "68785000", "incomeTaxExpense": "20361000", "interestAndDebtExpense": "None", "netIncomeFromContinuingOperations": "48424000", "comprehensiveIncomeNetOfTax": "None", "ebit": "73139000", "ebitda": "98929000", "netIncome": "48424000"}, {"fiscalDateEnding": "2015-12-31", "reportedCurrency": "USD", "grossProfit": "187942000", "totalRevenue": "692279000", "costOfRevenue": "504337000", "costofGoodsAndServicesSold": "504337000", "operatingIncome": "98801000", "sellingGeneralAndAdministrative": "89141000", "researchAndDevelopment": "90100000", "operatingExpenses": "89141000", "investmentIncomeNet": "None", "netInterestIncome": "None", "interestIncome": "4751000", "interestExpense": "4751000", "nonInterestIncome": "None", "otherNonOperatingIncome": "None", "depreciation": "None", "depreciationAndAmortization": "25309000", "incomeBeforeTax": "94050000", "incomeTaxExpense": "27076000", "interestAndDebtExpense": "None", "netIncomeFromContinuingOperations": "66974000", "comprehensiveIncomeNetOfTax": "None", "ebit": "98801000", "ebitda": "124110000", "netIncome": "66974000"}, {"fiscalDateEnding": "2014-12-31", "reportedCurrency": "USD", "grossProfit": "167042000", "totalRevenue": "661039000", "costOfRevenue": "493997000", "costofGoodsAndServicesSold": "493997000", "operatingIncome": "87362000", "sellingGeneralAndAdministrative": "79680000", "researchAndDevelopment": "76700000", "operatingExpenses": "79680000", "investmentIncomeNet": "None", "netInterestIncome": "None", "interestIncome": "None", "interestExpense": "8255000", "nonInterestIncome": "None", "otherNonOperatingIncome": "None", "depreciation": "None", "depreciationAndAmortization": "27254000", "incomeBeforeTax": "79107000", "incomeTaxExpense": "22937000", "interestAndDebtExpense": "None", "netIncomeFromContinuingOperations": "56170000", "comprehensiveIncomeNetOfTax": "None", "ebit": "87362000", "ebitda": "114616000", "netIncome": "56170000"}, {"fiscalDateEnding": "2013-12-31", "reportedCurrency": "USD", "grossProfit": "87858000", "totalRevenue": "339937000", "costOfRevenue": "252079000", "costofGoodsAndServicesSold": "252079000", "operatingIncome": "42305000", "sellingGeneralAndAdministrative": "45553000", "researchAndDevelopment": "52800000", "operatingExpenses": "45553000", "investmentIncomeNet": "None", "netInterestIncome": "None", "interestIncome": "None", "interestExpense": "4094000", "nonInterestIncome": "None", "otherNonOperatingIncome": "None", "depreciation": "None", "depreciationAndAmortization": "11059000", "incomeBeforeTax": "38211000", "incomeTaxExpense": "10945000", "interestAndDebtExpense": "None", "netIncomeFromContinuingOperations": "27266000", "comprehensiveIncomeNetOfTax": "None", "ebit": "42305000", "ebitda": "53364000", "netIncome": "27266000"}, {"fiscalDateEnding": "2012-12-31", "reportedCurrency": "USD", "grossProfit": "69442000", "totalRevenue": "266446000", "costOfRevenue": "197004000", "costofGoodsAndServicesSold": "197004000", "operatingIncome": "32625000", "sellingGeneralAndAdministrative": "36817000", "researchAndDevelopment": "44900000", "operatingExpenses": "36817000", "investmentIncomeNet": "None", "netInterestIncome": "None", "interestIncome": "None", "interestExpense": "1042000", "nonInterestIncome": "None", "otherNonOperatingIncome": "None", "depreciation": "None", "depreciationAndAmortization": "6905000", "incomeBeforeTax": "31583000", "incomeTaxExpense": "9709000", "interestAndDebtExpense": "None", "netIncomeFromContinuingOperations": "21874000", "comprehensiveIncomeNetOfTax": "None", "ebit": "32625000", "ebitda": "39530000", "netIncome": "21874000"}, {"fiscalDateEnding": "2011-12-31", "reportedCurrency": "USD", "grossProfit": "60496000", "totalRevenue": "228163000", "costOfRevenue": "167667000", "costofGoodsAndServicesSold": "167667000", "operatingIncome": "30821000", "sellingGeneralAndAdministrative": "27175000", "researchAndDevelopment": "36100000", "operatingExpenses": "27175000", "investmentIncomeNet": "None", "netInterestIncome": "None", "interestIncome": "None", "interestExpense": "1906000", "nonInterestIncome": "None", "otherNonOperatingIncome": "None", "depreciation": "None", "depreciationAndAmortization": "4943000", "incomeBeforeTax": "29015000", "incomeTaxExpense": "7424000", "interestAndDebtExpense": "None", "netIncomeFromContinuingOperations": "21591000", "comprehensiveIncomeNetOfTax": "None", "ebit": "33321000", "ebitda": "38264000", "netIncome": "21591000"}, {"fiscalDateEnding": "2010-12-31", "reportedCurrency": "USD", "grossProfit": "12443000", "totalRevenue": "51823000", "costOfRevenue": "39380000", "costofGoodsAndServicesSold": "39380000", "operatingIncome": "6415000", "sellingGeneralAndAdministrative": "23224000", "researchAndDevelopment": "28300000", "operatingExpenses": "6028000", "investmentIncomeNet": "None", "netInterestIncome": "None", "interestIncome": "None", "interestExpense": "2583000", "nonInterestIncome": "None", "otherNonOperatingIncome": "None", "depreciation": "None", "depreciationAndAmortization": "4881000", "incomeBeforeTax": "5850000", "incomeTaxExpense": "1379000", "interestAndDebtExpense": "None", "netIncomeFromContinuingOperations": "None", "comprehensiveIncomeNetOfTax": "None", "ebit": "24380000", "ebitda": "29261000", "netIncome": "4471000"}, {"fiscalDateEnding": "2009-12-31", "reportedCurrency": "USD", "grossProfit": "37273000", "totalRevenue": "191201000", "costOfRevenue": "153928000", "costofGoodsAndServicesSold": "153928000", "operatingIncome": "-6222000", "sellingGeneralAndAdministrative": "24114000", "researchAndDevelopment": "27000000", "operatingExpenses": "24114000", "investmentIncomeNet": "None", "netInterestIncome": "None", "interestIncome": "None", "interestExpense": "2555000", "nonInterestIncome": "None", "otherNonOperatingIncome": "None", "depreciation": "None", "depreciationAndAmortization": "7342000", "incomeBeforeTax": "-7746000", "incomeTaxExpense": "-3944000", "interestAndDebtExpense": "None", "netIncomeFromContinuingOperations": "None", "comprehensiveIncomeNetOfTax": "None", "ebit": "-5191000", "ebitda": "2151000", "netIncome": "-3802000"}, {"fiscalDateEnding": "2008-12-31", "reportedCurrency": "USD", "grossProfit": "30473000", "totalRevenue": "173722000", "costOfRevenue": "143249000", "costofGoodsAndServicesSold": "143249000", "operatingIncome": "13054000", "sellingGeneralAndAdministrative": "17419000", "researchAndDevelopment": "22900000", "operatingExpenses": "17419000", "investmentIncomeNet": "None", "netInterestIncome": "None", "interestIncome": "None", "interestExpense": "706000", "nonInterestIncome": "None", "otherNonOperatingIncome": "None", "depreciation": "None", "depreciationAndAmortization": "4142000", "incomeBeforeTax": "12290000", "incomeTaxExpense": "3929000", "interestAndDebtExpense": "None", "netIncomeFromContinuingOperations": "None", "comprehensiveIncomeNetOfTax": "None", "ebit": "12996000", "ebitda": "17138000", "netIncome": "8361000"}, {"fiscalDateEnding": "2007-12-31", "reportedCurrency": "USD", "grossProfit": "40870000", "totalRevenue": "158240000", "costOfRevenue": "117370000", "costofGoodsAndServicesSold": "117370000", "operatingIncome": "24462000", "sellingGeneralAndAdministrative": "16408000", "researchAndDevelopment": "14800000", "operatingExpenses": "16408000", "investmentIncomeNet": "None", "netInterestIncome": "None", "interestIncome": "None", "interestExpense": "1420000", "nonInterestIncome": "None", "otherNonOperatingIncome": "None", "depreciation": "None", "depreciationAndAmortization": "3440000", "incomeBeforeTax": "22998000", "incomeTaxExpense": "7607000", "interestAndDebtExpense": "None", "netIncomeFromContinuingOperations": "None", "comprehensiveIncomeNetOfTax": "None", "ebit": "24418000", "ebitda": "27858000", "netIncome": "15391000"}, {"fiscalDateEnding": "2006-12-31", "reportedCurrency": "USD", "grossProfit": "23248000", "totalRevenue": "110767000", "costOfRevenue": "87519000", "costofGoodsAndServicesSold": "87519000", "operatingIncome": "9666000", "sellingGeneralAndAdministrative": "13582000", "researchAndDevelopment": "10900000", "operatingExpenses": "13582000", "investmentIncomeNet": "None", "netInterestIncome": "None", "interestIncome": "None", "interestExpense": "911000", "nonInterestIncome": "None", "otherNonOperatingIncome": "None", "depreciation": "None", "depreciationAndAmortization": "2929000", "incomeBeforeTax": "8759000", "incomeTaxExpense": "3023000", "interestAndDebtExpense": "None", "netIncomeFromContinuingOperations": "None", "comprehensiveIncomeNetOfTax": "None", "ebit": "9666000", "ebitda": "12595000", "netIncome": "5736000"}, {"fiscalDateEnding": "2005-12-31", "reportedCurrency": "USD", "grossProfit": "15500000", "totalRevenue": "75352000", "costOfRevenue": "59852000", "costofGoodsAndServicesSold": "59852000", "operatingIncome": "5254000", "sellingGeneralAndAdministrative": "10246000", "researchAndDevelopment": "8900000", "operatingExpenses": "10246000", "investmentIncomeNet": "None", "netInterestIncome": "None", "interestIncome": "None", "interestExpense": "764000", "nonInterestIncome": "None", "otherNonOperatingIncome": "None", "depreciation": "None", "depreciationAndAmortization": "2373000", "incomeBeforeTax": "4797000", "incomeTaxExpense": "2144000", "interestAndDebtExpense": "None", "netIncomeFromContinuingOperations": "None", "comprehensiveIncomeNetOfTax": "None", "ebit": "4976000", "ebitda": "7349000", "netIncome": "2653000"}], "quarterlyReports": [{"fiscalDateEnding": "2025-09-30", "reportedCurrency": "USD", "grossProfit": "64510999", "totalRevenue": "211447000", "costOfRevenue": "146936000", "costofGoodsAndServicesSold": "146936000", "operatingIncome": "23055000", "sellingGeneralAndAdministrative": "31246000", "researchAndDevelopment": "10210000", "operatingExpenses": "41456000", "investmentIncomeNet": "None", "netInterestIncome": "-2920000", "interestIncome": "None", "interestExpense": "2920000", "nonInterestIncome": "None", "otherNonOperatingIncome": "None", "depreciation": "None", "depreciationAndAmortization": "5163000", "incomeBeforeTax": "-12324000", "incomeTaxExpense": "-1226000", "interestAndDebtExpense": "None", "netIncomeFromContinuingOperations": "-11098000", "comprehensiveIncomeNetOfTax": "None", "ebit": "-9404000", "ebitda": "-4241000", "netIncome": "-11098000"}, {"fiscalDateEnding": "2025-06-30", "reportedCurrency": "USD", "grossProfit": "52827000", "totalRevenue": "204678000", "costOfRevenue": "151851000", "costofGoodsAndServicesSold": "151851000", "operatingIncome": "4758000", "sellingGeneralAndAdministrative": "36497000", "researchAndDevelopment": "11572000", "operatingExpenses": "48069000", "investmentIncomeNet": "None", "netInterestIncome": "-3097000", "interestIncome": "None", "interestExpense": "3097000", "nonInterestIncome": "None", "otherNonOperatingIncome": "None", "depreciation": "None", "depreciationAndAmortization": "5378000", "incomeBeforeTax": "1851000", "incomeTaxExpense": "537000", "interestAndDebtExpense": "None", "netIncomeFromContinuingOperations": "1314000", "comprehensiveIncomeNetOfTax": "None", "ebit": "4758000", "ebitda": "10136000", "netIncome": "1314000"}, {"fiscalDateEnding": "2025-03-31", "reportedCurrency": "USD", "grossProfit": "60849000", "totalRevenue": "205936000", "costOfRevenue": "145087000", "costofGoodsAndServicesSold": "145087000", "operatingIncome": "13137000", "sellingGeneralAndAdministrative": "36645000", "researchAndDevelopment": "11067000", "operatingExpenses": "47712000", "investmentIncomeNet": "None", "netInterestIncome": "-3150000", "interestIncome": "None", "interestExpense": "3150000", "nonInterestIncome": "None", "otherNonOperatingIncome": "None", "depreciation": "None", "depreciationAndAmortization": "5588000", "incomeBeforeTax": "10174000", "incomeTaxExpense": "646000", "interestAndDebtExpense": "None", "netIncomeFromContinuingOperations": "9528000", "comprehensiveIncomeNetOfTax": "None", "ebit": "13324000", "ebitda": "18912000", "netIncome": "9528000"}, {"fiscalDateEnding": "2024-12-31", "reportedCurrency": "USD", "grossProfit": "50054000", "totalRevenue": "208540000", "costOfRevenue": "158486000", "costofGoodsAndServicesSold": "158486000", "operatingIncome": "8876000", "sellingGeneralAndAdministrative": "41178000", "researchAndDevelopment": "12200000", "operatingExpenses": "41178000", "investmentIncomeNet": "None", "netInterestIncome": "-4166000", "interestIncome": "None", "interestExpense": "4166000", "nonInterestIncome": "None", "otherNonOperatingIncome": "None", "depreciation": "None", "depreciationAndAmortization": "5894000", "incomeBeforeTax": "576000", "incomeTaxExpense": "3408000", "interestAndDebtExpense": "None", "netIncomeFromContinuingOperations": "-2832000", "comprehensiveIncomeNetOfTax": "None", "ebit": "8876000", "ebitda": "14770000", "netIncome": "-2832000"}, {"fiscalDateEnding": "2024-09-30", "reportedCurrency": "USD", "grossProfit": "42743000", "totalRevenue": "203698000", "costOfRevenue": "160955000", "costofGoodsAndServicesSold": "160955000", "operatingIncome": "8374000", "sellingGeneralAndAdministrative": "100698000", "researchAndDevelopment": "27500000", "operatingExpenses": "34369000", "investmentIncomeNet": "None", "netInterestIncome": "-17832000", "interestIncome": "None", "interestExpense": "6217000", "nonInterestIncome": "None", "otherNonOperatingIncome": "None", "depreciation": "None", "depreciationAndAmortization": "6041000", "incomeBeforeTax": "-5173000", "incomeTaxExpense": "6565000", "interestAndDebtExpense": "None", "netIncomeFromContinuingOperations": "-13383000", "comprehensiveIncomeNetOfTax": "None", "ebit": "8374000", "ebitda": "14415000", "netIncome": "-11738000"}, {"fiscalDateEnding": "2024-06-30", "reportedCurrency": "USD", "grossProfit": "55568000", "totalRevenue": "198114000", "costOfRevenue": "142546000", "costofGoodsAndServicesSold": "142546000", "operatingIncome": "7550000", "sellingGeneralAndAdministrative": "33804000", "researchAndDevelopment": "14214000", "operatingExpenses": "48018000", "investmentIncomeNet": "None", "netInterestIncome": "-5856000", "interestIncome": "None", "interestExpense": "5856000", "nonInterestIncome": "None", "otherNonOperatingIncome": "None", "depreciation": "None", "depreciationAndAmortization": "6203000", "incomeBeforeTax": "1259000", "incomeTaxExpense": "-274000", "interestAndDebtExpense": "None", "netIncomeFromContinuingOperations": "1533000", "comprehensiveIncomeNetOfTax": "None", "ebit": "7550000", "ebitda": "13753000", "netIncome": "1533000"}, {"fiscalDateEnding": "2024-03-31", "reportedCurrency": "USD", "grossProfit": "47514000", "totalRevenue": "185074000", "costOfRevenue": "137560000", "costofGoodsAndServicesSold": "137560000", "operatingIncome": "1666000", "sellingGeneralAndAdministrative": "32525000", "researchAndDevelopment": "13323000", "operatingExpenses": "45848000", "investmentIncomeNet": "None", "netInterestIncome": "-5759000", "interestIncome": "None", "interestExpense": "5759000", "nonInterestIncome": "None", "otherNonOperatingIncome": "None", "depreciation": "None", "depreciationAndAmortization": "6328000", "incomeBeforeTax": "-4529000", "incomeTaxExpense": "-1351000", "interestAndDebtExpense": "None", "netIncomeFromContinuingOperations": "-3178000", "comprehensiveIncomeNetOfTax": "None", "ebit": "1230000", "ebitda": "7558000", "netIncome": "-3178000"}, {"fiscalDateEnding": "2023-12-31", "reportedCurrency": "USD", "grossProfit": "39973000", "totalRevenue": "195292000", "costOfRevenue": "155319000", "costofGoodsAndServicesSold": "155319000", "operatingIncome": "7782000", "sellingGeneralAndAdministrative": "32191000", "researchAndDevelopment": "53500000", "operatingExpenses": "32191000", "investmentIncomeNet": "None", "netInterestIncome": "-5947000", "interestIncome": "None", "interestExpense": "5947000", "nonInterestIncome": "None", "otherNonOperatingIncome": "None", "depreciation": "None", "depreciationAndAmortization": "6346000", "incomeBeforeTax": "1534000", "incomeTaxExpense": "-5442000", "interestAndDebtExpense": "None", "netIncomeFromContinuingOperations": "6976000", "comprehensiveIncomeNetOfTax": "None", "ebit": "7782000", "ebitda": "14128000", "netIncome": "6976000"}, {"fiscalDateEnding": "2023-09-30", "reportedCurrency": "USD", "grossProfit": "80823000", "totalRevenue": "493914000", "costOfRevenue": "413091000", "costofGoodsAndServicesSold": "413091000", "operatingIncome": "-14453000", "sellingGeneralAndAdministrative": "35097000", "researchAndDevelopment": "14100000", "operatingExpenses": "95276000", "investmentIncomeNet": "None", "netInterestIncome": "-5991000", "interestIncome": "None", "interestExpense": "17381000", "nonInterestIncome": "None", "otherNonOperatingIncome": "None", "depreciation": "None", "depreciationAndAmortization": "6385000", "incomeBeforeTax": "-27845000", "incomeTaxExpense": "5552000", "interestAndDebtExpense": "None", "netIncomeFromContinuingOperations": "-16983000", "comprehensiveIncomeNetOfTax": "None", "ebit": "-14453000", "ebitda": "-8068000", "netIncome": "-33397000"}, {"fiscalDateEnding": "2023-06-30", "reportedCurrency": "USD", "grossProfit": "32695000", "totalRevenue": "174454000", "costOfRevenue": "141759000", "costofGoodsAndServicesSold": "141759000", "operatingIncome": "2396000", "sellingGeneralAndAdministrative": "30299000", "researchAndDevelopment": "12700000", "operatingExpenses": "30299000", "investmentIncomeNet": "None", "netInterestIncome": "-5920000", "interestIncome": "None", "interestExpense": "5920000", "nonInterestIncome": "None", "otherNonOperatingIncome": "None", "depreciation": "None", "depreciationAndAmortization": "6711000", "incomeBeforeTax": "-3902000", "incomeTaxExpense": "8097000", "interestAndDebtExpense": "None", "netIncomeFromContinuingOperations": "-11999000", "comprehensiveIncomeNetOfTax": "None", "ebit": "2396000", "ebitda": "9107000", "netIncome": "-11999000"}, {"fiscalDateEnding": "2023-03-31", "reportedCurrency": "USD", "grossProfit": "27510000", "totalRevenue": "156538000", "costOfRevenue": "129028000", "costofGoodsAndServicesSold": "129028000", "operatingIncome": "-2370000", "sellingGeneralAndAdministrative": "29880000", "researchAndDevelopment": "12700000", "operatingExpenses": "29880000", "investmentIncomeNet": "None", "netInterestIncome": "-5470000", "interestIncome": "None", "interestExpense": "5470000", "nonInterestIncome": "None", "otherNonOperatingIncome": "3427000", "depreciation": "None", "depreciationAndAmortization": "6662000", "incomeBeforeTax": "-3125000", "incomeTaxExpense": "1290000", "interestAndDebtExpense": "None", "netIncomeFromContinuingOperations": "-4415000", "comprehensiveIncomeNetOfTax": "None", "ebit": "2345000", "ebitda": "9007000", "netIncome": "-4415000"}, {"fiscalDateEnding": "2022-12-31", "reportedCurrency": "USD", "grossProfit": "21510000", "totalRevenue": "158153000", "costOfRevenue": "136643000", "costofGoodsAndServicesSold": "136643000", "operatingIncome": "-3167000", "sellingGeneralAndAdministrative": "24677000", "researchAndDevelopment": "11500000", "operatingExpenses": "24677000", "investmentIncomeNet": "None", "netInterestIncome": "-3610000", "interestIncome": "None", "interestExpense": "3610000", "nonInterestIncome": "None", "otherNonOperatingIncome": "None", "depreciation": "None", "depreciationAndAmortization": "6872000", "incomeBeforeTax": "-7208000", "incomeTaxExpense": "-429000", "interestAndDebtExpense": "None", "netIncomeFromContinuingOperations": "-6779000", "comprehensiveIncomeNetOfTax": "None", "ebit": "-3167000", "ebitda": "3705000", "netIncome": "-6779000"}, {"fiscalDateEnding": "2022-09-30", "reportedCurrency": "USD", "grossProfit": "14388000", "totalRevenue": "131438000", "costOfRevenue": "117050000", "costofGoodsAndServicesSold": "117050000", "operatingIncome": "-14314000", "sellingGeneralAndAdministrative": "28702000", "researchAndDevelopment": "12000000", "operatingExpenses": "28702000", "investmentIncomeNet": "None", "netInterestIncome": "-2519000", "interestIncome": "None", "interestExpense": "2519000", "nonInterestIncome": "None", "otherNonOperatingIncome": "None", "depreciation": "None", "depreciationAndAmortization": "6817000", "incomeBeforeTax": "-17260000", "incomeTaxExpense": "-2403000", "interestAndDebtExpense": "None", "netIncomeFromContinuingOperations": "-14857000", "comprehensiveIncomeNetOfTax": "None", "ebit": "-14314000", "ebitda": "-7497000", "netIncome": "-14857000"}, {"fiscalDateEnding": "2022-06-30", "reportedCurrency": "USD", "grossProfit": "15709000", "totalRevenue": "129127000", "costOfRevenue": "113418000", "costofGoodsAndServicesSold": "113418000", "operatingIncome": "-8396000", "sellingGeneralAndAdministrative": "24105000", "researchAndDevelopment": "12600000", "operatingExpenses": "24105000", "investmentIncomeNet": "None", "netInterestIncome": "-1662000", "interestIncome": "None", "interestExpense": "1662000", "nonInterestIncome": "None", "otherNonOperatingIncome": "None", "depreciation": "None", "depreciationAndAmortization": "7000000", "incomeBeforeTax": "-10349000", "incomeTaxExpense": "661000", "interestAndDebtExpense": "None", "netIncomeFromContinuingOperations": "-11010000", "comprehensiveIncomeNetOfTax": "None", "ebit": "-8396000", "ebitda": "-1396000", "netIncome": "-11010000"}, {"fiscalDateEnding": "2022-03-31", "reportedCurrency": "USD", "grossProfit": "19933000", "totalRevenue": "116176000", "costOfRevenue": "96243000", "costofGoodsAndServicesSold": "96243000", "operatingIncome": "-4167000", "sellingGeneralAndAdministrative": "24100000", "researchAndDevelopment": "12200000", "operatingExpenses": "24100000", "investmentIncomeNet": "None", "netInterestIncome": "-1631000", "interestIncome": "None", "interestExpense": "1631000", "nonInterestIncome": "None", "otherNonOperatingIncome": "11284000", "depreciation": "None", "depreciationAndAmortization": "7088000", "incomeBeforeTax": "5024000", "incomeTaxExpense": "8125000", "interestAndDebtExpense": "None", "netIncomeFromContinuingOperations": "-3101000", "comprehensiveIncomeNetOfTax": "None", "ebit": "6655000", "ebitda": "13743000", "netIncome": "-3101000"}, {"fiscalDateEnding": "2021-12-31", "reportedCurrency": "USD", "grossProfit": "18464000", "totalRevenue": "116052000", "costOfRevenue": "97588000", "costofGoodsAndServicesSold": "97588000", "operatingIncome": "-8744000", "sellingGeneralAndAdministrative": "32222000", "researchAndDevelopment": "20600000", "operatingExpenses": "27208000", "investmentIncomeNet": "None", "netInterestIncome": "-1552000", "interestIncome": "None", "interestExpense": "1552000", "nonInterestIncome": "None", "otherNonOperatingIncome": "10677000", "depreciation": "None", "depreciationAndAmortization": "7055000", "incomeBeforeTax": "-151000", "incomeTaxExpense": "-1755000", "interestAndDebtExpense": "None", "netIncomeFromContinuingOperations": "1604000", "comprehensiveIncomeNetOfTax": "None", "ebit": "-13758000", "ebitda": "-6703000", "netIncome": "1604000"}, {"fiscalDateEnding": "2021-09-30", "reportedCurrency": "USD", "grossProfit": "17231000", "totalRevenue": "111841000", "costOfRevenue": "94610000", "costofGoodsAndServicesSold": "94610000", "operatingIncome": "-4498000", "sellingGeneralAndAdministrative": "21729000", "researchAndDevelopment": "21800000", "operatingExpenses": "21729000", "investmentIncomeNet": "None", "netInterestIncome": "-1795000", "interestIncome": "None", "interestExpense": "1795000", "nonInterestIncome": "None", "otherNonOperatingIncome": "None", "depreciation": "None", "depreciationAndAmortization": "7071000", "incomeBeforeTax": "-6839000", "incomeTaxExpense": "335000", "interestAndDebtExpense": "None", "netIncomeFromContinuingOperations": "-7174000", "comprehensiveIncomeNetOfTax": "None", "ebit": "-4498000", "ebitda": "2573000", "netIncome": "-7174000"}, {"fiscalDateEnding": "2021-06-30", "reportedCurrency": "USD", "grossProfit": "15395000", "totalRevenue": "111158000", "costOfRevenue": "95763000", "costofGoodsAndServicesSold": "95763000", "operatingIncome": "-5920000", "sellingGeneralAndAdministrative": "21315000", "researchAndDevelopment": "21300000", "operatingExpenses": "21315000", "investmentIncomeNet": "None", "netInterestIncome": "-1699000", "interestIncome": "None", "interestExpense": "1699000", "nonInterestIncome": "None", "otherNonOperatingIncome": "None", "depreciation": "None", "depreciationAndAmortization": "7426000", "incomeBeforeTax": "-8166000", "incomeTaxExpense": "-67000", "interestAndDebtExpense": "None", "netIncomeFromContinuingOperations": "-8099000", "comprehensiveIncomeNetOfTax": "None", "ebit": "-5920000", "ebitda": "1506000", "netIncome": "-8099000"}, {"fiscalDateEnding": "2021-03-31", "reportedCurrency": "USD", "grossProfit": "14273000", "totalRevenue": "105857000", "costOfRevenue": "91584000", "costofGoodsAndServicesSold": "91584000", "operatingIncome": "-9512000", "sellingGeneralAndAdministrative": "82498000", "researchAndDevelopment": "21600000", "operatingExpenses": "23785000", "investmentIncomeNet": "None", "netInterestIncome": "-1758000", "interestIncome": "None", "interestExpense": "1758000", "nonInterestIncome": "None", "otherNonOperatingIncome": "None", "depreciation": "None", "depreciationAndAmortization": "7453000", "incomeBeforeTax": "-11804000", "incomeTaxExpense": "105000", "interestAndDebtExpense": "None", "netIncomeFromContinuingOperations": "-11909000", "comprehensiveIncomeNetOfTax": "None", "ebit": "-10046000", "ebitda": "-2593000", "netIncome": "-11909000"}, {"fiscalDateEnding": "2020-12-31", "reportedCurrency": "USD", "grossProfit": "19118000", "totalRevenue": "114803000", "costOfRevenue": "95685000", "costofGoodsAndServicesSold": "95685000", "operatingIncome": "-5469000", "sellingGeneralAndAdministrative": "82498000", "researchAndDevelopment": "21800000", "operatingExpenses": "24587000", "investmentIncomeNet": "None", "netInterestIncome": "-1650000", "interestIncome": "None", "interestExpense": "1650000", "nonInterestIncome": "None", "otherNonOperatingIncome": "None", "depreciation": "None", "depreciationAndAmortization": "7759000", "incomeBeforeTax": "-7541000", "incomeTaxExpense": "12444000", "interestAndDebtExpense": "None", "netIncomeFromContinuingOperations": "-19985000", "comprehensiveIncomeNetOfTax": "None", "ebit": "-5469000", "ebitda": "2290000", "netIncome": "-19985000"}, {"fiscalDateEnding": "2020-09-30", "reportedCurrency": "USD", "grossProfit": "15173000", "totalRevenue": "106506000", "costOfRevenue": "91333000", "costofGoodsAndServicesSold": "91333000", "operatingIncome": "-8997000", "sellingGeneralAndAdministrative": "24170000", "researchAndDevelopment": "16400000", "operatingExpenses": "24170000", "investmentIncomeNet": "None", "netInterestIncome": "-1775000", "interestIncome": "None", "interestExpense": "1775000", "nonInterestIncome": "None", "otherNonOperatingIncome": "None", "depreciation": "None", "depreciationAndAmortization": "8043000", "incomeBeforeTax": "-11141000", "incomeTaxExpense": "-5887000", "interestAndDebtExpense": "None", "netIncomeFromContinuingOperations": "-5254000", "comprehensiveIncomeNetOfTax": "None", "ebit": "-8997000", "ebitda": "-954000", "netIncome": "-5254000"}, {"fiscalDateEnding": "2020-06-30", "reportedCurrency": "USD", "grossProfit": "26833000", "totalRevenue": "123694000", "costOfRevenue": "96861000", "costofGoodsAndServicesSold": "96861000", "operatingIncome": "-18679000", "sellingGeneralAndAdministrative": "28030000", "researchAndDevelopment": "22400000", "operatingExpenses": "45512000", "investmentIncomeNet": "None", "netInterestIncome": "-1983000", "interestIncome": "None", "interestExpense": "1983000", "nonInterestIncome": "None", "otherNonOperatingIncome": "None", "depreciation": "None", "depreciationAndAmortization": "8081000", "incomeBeforeTax": "-24451000", "incomeTaxExpense": "-872000", "interestAndDebtExpense": "None", "netIncomeFromContinuingOperations": "-23579000", "comprehensiveIncomeNetOfTax": "None", "ebit": "-22468000", "ebitda": "-14387000", "netIncome": "-23579000"}, {"fiscalDateEnding": "2020-03-31", "reportedCurrency": "USD", "grossProfit": "35719000", "totalRevenue": "157584000", "costOfRevenue": "121865000", "costofGoodsAndServicesSold": "121865000", "operatingIncome": "-67556000", "sellingGeneralAndAdministrative": "28612000", "researchAndDevelopment": "26200000", "operatingExpenses": "103275000", "investmentIncomeNet": "None", "netInterestIncome": "-1333000", "interestIncome": "None", "interestExpense": "1333000", "nonInterestIncome": "None", "otherNonOperatingIncome": "None", "depreciation": "None", "depreciationAndAmortization": "7971000", "incomeBeforeTax": "-69277000", "incomeTaxExpense": "-2314000", "interestAndDebtExpense": "None", "netIncomeFromContinuingOperations": "-66963000", "comprehensiveIncomeNetOfTax": "None", "ebit": "6852000", "ebitda": "14823000", "netIncome": "-66963000"}, {"fiscalDateEnding": "2019-12-31", "reportedCurrency": "USD", "grossProfit": "26908000", "totalRevenue": "198412000", "costOfRevenue": "171504000", "costofGoodsAndServicesSold": "171504000", "operatingIncome": "-36856000", "sellingGeneralAndAdministrative": "52681000", "researchAndDevelopment": "28900000", "operatingExpenses": "63764000", "investmentIncomeNet": "None", "netInterestIncome": "-1565000", "interestIncome": "1565000", "interestExpense": "1565000", "nonInterestIncome": "None", "otherNonOperatingIncome": "None", "depreciation": "None", "depreciationAndAmortization": "8866000", "incomeBeforeTax": "-43282000", "incomeTaxExpense": "-9217000", "interestAndDebtExpense": "None", "netIncomeFromContinuingOperations": "-34065000", "comprehensiveIncomeNetOfTax": "None", "ebit": "-25773000", "ebitda": "-16907000", "netIncome": "-34065000"}, {"fiscalDateEnding": "2019-09-30", "reportedCurrency": "USD", "grossProfit": "36794000", "totalRevenue": "177018000", "costOfRevenue": "140224000", "costofGoodsAndServicesSold": "140224000", "operatingIncome": "5103000", "sellingGeneralAndAdministrative": "31691000", "researchAndDevelopment": "25600000", "operatingExpenses": "31691000", "investmentIncomeNet": "None", "netInterestIncome": "-1547000", "interestIncome": "None", "interestExpense": "1547000", "nonInterestIncome": "None", "otherNonOperatingIncome": "-1332000", "depreciation": "None", "depreciationAndAmortization": "8203000", "incomeBeforeTax": "1760000", "incomeTaxExpense": "550000", "interestAndDebtExpense": "None", "netIncomeFromContinuingOperations": "1210000", "comprehensiveIncomeNetOfTax": "None", "ebit": "5103000", "ebitda": "13306000", "netIncome": "1210000"}, {"fiscalDateEnding": "2019-06-30", "reportedCurrency": "USD", "grossProfit": "40363000", "totalRevenue": "189098000", "costOfRevenue": "148735000", "costofGoodsAndServicesSold": "148735000", "operatingIncome": "10573000", "sellingGeneralAndAdministrative": "29790000", "researchAndDevelopment": "27700000", "operatingExpenses": "29790000", "investmentIncomeNet": "None", "netInterestIncome": "-1225000", "interestIncome": "None", "interestExpense": "1225000", "nonInterestIncome": "None", "otherNonOperatingIncome": "None", "depreciation": "None", "depreciationAndAmortization": "7904000", "incomeBeforeTax": "8830000", "incomeTaxExpense": "2104000", "interestAndDebtExpense": "None", "netIncomeFromContinuingOperations": "6726000", "comprehensiveIncomeNetOfTax": "None", "ebit": "10573000", "ebitda": "18477000", "netIncome": "6726000"}, {"fiscalDateEnding": "2019-03-31", "reportedCurrency": "USD", "grossProfit": "52077000", "totalRevenue": "208174000", "costOfRevenue": "156097000", "costofGoodsAndServicesSold": "156097000", "operatingIncome": "22881000", "sellingGeneralAndAdministrative": "29196000", "researchAndDevelopment": "26700000", "operatingExpenses": "29196000", "investmentIncomeNet": "None", "netInterestIncome": "-1804000", "interestIncome": "None", "interestExpense": "1804000", "nonInterestIncome": "None", "otherNonOperatingIncome": "80133000", "depreciation": "None", "depreciationAndAmortization": "8076000", "incomeBeforeTax": "100995000", "incomeTaxExpense": "22849000", "interestAndDebtExpense": "None", "netIncomeFromContinuingOperations": "78146000", "comprehensiveIncomeNetOfTax": "None", "ebit": "22881000", "ebitda": "30957000", "netIncome": "78146000"}, {"fiscalDateEnding": "2018-12-31", "reportedCurrency": "USD", "grossProfit": "47672000", "totalRevenue": "202917000", "costOfRevenue": "155245000", "costofGoodsAndServicesSold": "155245000", "operatingIncome": "18558000", "sellingGeneralAndAdministrative": "29114000", "researchAndDevelopment": "25300000", "operatingExpenses": "29114000", "investmentIncomeNet": "None", "netInterestIncome": "None", "interestIncome": "None", "interestExpense": "2384000", "nonInterestIncome": "None", "otherNonOperatingIncome": "None", "depreciation": "None", "depreciationAndAmortization": "8276000", "incomeBeforeTax": "15594000", "incomeTaxExpense": "3109000", "interestAndDebtExpense": "None", "netIncomeFromContinuingOperations": "12485000", "comprehensiveIncomeNetOfTax": "None", "ebit": "18558000", "ebitda": "26834000", "netIncome": "12485000"}, {"fiscalDateEnding": "2018-09-30", "reportedCurrency": "USD", "grossProfit": "46320000", "totalRevenue": "212674000", "costOfRevenue": "166354000", "costofGoodsAndServicesSold": "166354000", "operatingIncome": "18344000", "sellingGeneralAndAdministrative": "27976000", "researchAndDevelopment": "31200000", "operatingExpenses": "27976000", "investmentIncomeNet": "None", "netInterestIncome": "None", "interestIncome": "None", "interestExpense": "2511000", "nonInterestIncome": "None", "otherNonOperatingIncome": "None", "depreciation": "None", "depreciationAndAmortization": "8172000", "incomeBeforeTax": "15580000", "incomeTaxExpense": "-1419000", "interestAndDebtExpense": "None", "netIncomeFromContinuingOperations": "16999000", "comprehensiveIncomeNetOfTax": "None", "ebit": "18344000", "ebitda": "26516000", "netIncome": "16999000"}, {"fiscalDateEnding": "2018-06-30", "reportedCurrency": "USD", "grossProfit": "49572000", "totalRevenue": "208606000", "costOfRevenue": "159034000", "costofGoodsAndServicesSold": "159034000", "operatingIncome": "20129000", "sellingGeneralAndAdministrative": "29443000", "researchAndDevelopment": "28900000", "operatingExpenses": "29443000", "investmentIncomeNet": "None", "netInterestIncome": "None", "interestIncome": "None", "interestExpense": "2484000", "nonInterestIncome": "None", "otherNonOperatingIncome": "None", "depreciation": "None", "depreciationAndAmortization": "8743000", "incomeBeforeTax": "17182000", "incomeTaxExpense": "3157000", "interestAndDebtExpense": "None", "netIncomeFromContinuingOperations": "14025000", "comprehensiveIncomeNetOfTax": "None", "ebit": "20129000", "ebitda": "28872000", "netIncome": "14025000"}, {"fiscalDateEnding": "2018-03-31", "reportedCurrency": "USD", "grossProfit": "37132000", "totalRevenue": "179059000", "costOfRevenue": "141927000", "costofGoodsAndServicesSold": "141927000", "operatingIncome": "6632000", "sellingGeneralAndAdministrative": "30500000", "researchAndDevelopment": "28900000", "operatingExpenses": "30500000", "investmentIncomeNet": "None", "netInterestIncome": "None", "interestIncome": "None", "interestExpense": "2331000", "nonInterestIncome": "None", "otherNonOperatingIncome": "None", "depreciation": "None", "depreciationAndAmortization": "9841000", "incomeBeforeTax": "3926000", "incomeTaxExpense": "632000", "interestAndDebtExpense": "None", "netIncomeFromContinuingOperations": "3294000", "comprehensiveIncomeNetOfTax": "None", "ebit": "6632000", "ebitda": "16473000", "netIncome": "3294000"}, {"fiscalDateEnding": "2017-12-31", "reportedCurrency": "USD", "grossProfit": "32153000", "totalRevenue": "171318000", "costOfRevenue": "139165000", "costofGoodsAndServicesSold": "139165000", "operatingIncome": "-8096000", "sellingGeneralAndAdministrative": "24012000", "researchAndDevelopment": "25500000", "operatingExpenses": "24012000", "investmentIncomeNet": "None", "netInterestIncome": "None", "interestIncome": "None", "interestExpense": "1619000", "nonInterestIncome": "None", "otherNonOperatingIncome": "None", "depreciation": "None", "depreciationAndAmortization": "7794000", "incomeBeforeTax": "-9715000", "incomeTaxExpense": "-4062000", "interestAndDebtExpense": "None", "netIncomeFromContinuingOperations": "-5653000", "comprehensiveIncomeNetOfTax": "None", "ebit": "7651000", "ebitda": "15445000", "netIncome": "-5653000"}, {"fiscalDateEnding": "2017-09-30", "reportedCurrency": "USD", "grossProfit": "32493000", "totalRevenue": "149636000", "costOfRevenue": "117143000", "costofGoodsAndServicesSold": "117143000", "operatingIncome": "10083000", "sellingGeneralAndAdministrative": "22410000", "researchAndDevelopment": "23700000", "operatingExpenses": "22410000", "investmentIncomeNet": "None", "netInterestIncome": "None", "interestIncome": "None", "interestExpense": "1437000", "nonInterestIncome": "None", "otherNonOperatingIncome": "None", "depreciation": "None", "depreciationAndAmortization": "6682000", "incomeBeforeTax": "8646000", "incomeTaxExpense": "2586000", "interestAndDebtExpense": "None", "netIncomeFromContinuingOperations": "6060000", "comprehensiveIncomeNetOfTax": "None", "ebit": "9094000", "ebitda": "15776000", "netIncome": "6060000"}, {"fiscalDateEnding": "2017-06-30", "reportedCurrency": "USD", "grossProfit": "34150000", "totalRevenue": "151114000", "costOfRevenue": "116964000", "costofGoodsAndServicesSold": "116964000", "operatingIncome": "11749000", "sellingGeneralAndAdministrative": "22100000", "researchAndDevelopment": "23000000", "operatingExpenses": "22401000", "investmentIncomeNet": "None", "netInterestIncome": "None", "interestIncome": "None", "interestExpense": "1180000", "nonInterestIncome": "None", "otherNonOperatingIncome": "None", "depreciation": "None", "depreciationAndAmortization": "6289000", "incomeBeforeTax": "10569000", "incomeTaxExpense": "2884000", "interestAndDebtExpense": "None", "netIncomeFromContinuingOperations": "7685000", "comprehensiveIncomeNetOfTax": "None", "ebit": "12059000", "ebitda": "18348000", "netIncome": "7685000"}, {"fiscalDateEnding": "2017-03-31", "reportedCurrency": "USD", "grossProfit": "38317000", "totalRevenue": "152396000", "costOfRevenue": "114079000", "costofGoodsAndServicesSold": "114079000", "operatingIncome": "16624000", "sellingGeneralAndAdministrative": "21400000", "researchAndDevelopment": "22900000", "operatingExpenses": "21693000", "investmentIncomeNet": "None", "netInterestIncome": "None", "interestIncome": "None", "interestExpense": "1133000", "nonInterestIncome": "None", "otherNonOperatingIncome": "None", "depreciation": "None", "depreciationAndAmortization": "6298000", "incomeBeforeTax": "15491000", "incomeTaxExpense": "3904000", "interestAndDebtExpense": "None", "netIncomeFromContinuingOperations": "11587000", "comprehensiveIncomeNetOfTax": "None", "ebit": "16624000", "ebitda": "22922000", "netIncome": "11587000"}, {"fiscalDateEnding": "2016-12-31", "reportedCurrency": "USD", "grossProfit": "36486000", "totalRevenue": "154068000", "costOfRevenue": "117582000", "costofGoodsAndServicesSold": "117582000", "operatingIncome": "15404000", "sellingGeneralAndAdministrative": "21082000", "researchAndDevelopment": "22700000", "operatingExpenses": "21082000", "investmentIncomeNet": "None", "netInterestIncome": "None", "interestIncome": "None", "interestExpense": "1108000", "nonInterestIncome": "None", "otherNonOperatingIncome": "None", "depreciation": "None", "depreciationAndAmortization": "6333000", "incomeBeforeTax": "14296000", "incomeTaxExpense": "4411000", "interestAndDebtExpense": "None", "netIncomeFromContinuingOperations": "9885000", "comprehensiveIncomeNetOfTax": "None", "ebit": "15404000", "ebitda": "21737000", "netIncome": "9885000"}, {"fiscalDateEnding": "2016-09-30", "reportedCurrency": "USD", "grossProfit": "38663000", "totalRevenue": "155099000", "costOfRevenue": "116436000", "costofGoodsAndServicesSold": "116436000", "operatingIncome": "17525000", "sellingGeneralAndAdministrative": "21100000", "researchAndDevelopment": "21600000", "operatingExpenses": "21138000", "investmentIncomeNet": "None", "netInterestIncome": "None", "interestIncome": "None", "interestExpense": "1103000", "nonInterestIncome": "None", "otherNonOperatingIncome": "None", "depreciation": "None", "depreciationAndAmortization": "6311000", "incomeBeforeTax": "16422000", "incomeTaxExpense": "4348000", "interestAndDebtExpense": "None", "netIncomeFromContinuingOperations": "12074000", "comprehensiveIncomeNetOfTax": "None", "ebit": "17525000", "ebitda": "23836000", "netIncome": "12074000"}, {"fiscalDateEnding": "2016-06-30", "reportedCurrency": "USD", "grossProfit": "44835000", "totalRevenue": "164426000", "costOfRevenue": "119591000", "costofGoodsAndServicesSold": "119591000", "operatingIncome": "22611000", "sellingGeneralAndAdministrative": "22200000", "researchAndDevelopment": "21400000", "operatingExpenses": "22224000", "investmentIncomeNet": "None", "netInterestIncome": "None", "interestIncome": "None", "interestExpense": "1056000", "nonInterestIncome": "None", "otherNonOperatingIncome": "None", "depreciation": "None", "depreciationAndAmortization": "6600000", "incomeBeforeTax": "21555000", "incomeTaxExpense": "6575000", "interestAndDebtExpense": "None", "netIncomeFromContinuingOperations": "14980000", "comprehensiveIncomeNetOfTax": "None", "ebit": "22611000", "ebitda": "29211000", "netIncome": "14980000"}, {"fiscalDateEnding": "2016-03-31", "reportedCurrency": "USD", "grossProfit": "39483000", "totalRevenue": "159530000", "costOfRevenue": "120047000", "costofGoodsAndServicesSold": "120047000", "operatingIncome": "17599000", "sellingGeneralAndAdministrative": "21900000", "researchAndDevelopment": "23300000", "operatingExpenses": "21884000", "investmentIncomeNet": "None", "netInterestIncome": "None", "interestIncome": "None", "interestExpense": "1087000", "nonInterestIncome": "None", "otherNonOperatingIncome": "None", "depreciation": "None", "depreciationAndAmortization": "6546000", "incomeBeforeTax": "16512000", "incomeTaxExpense": "5027000", "interestAndDebtExpense": "None", "netIncomeFromContinuingOperations": "11485000", "comprehensiveIncomeNetOfTax": "None", "ebit": "17599000", "ebitda": "24145000", "netIncome": "11485000"}, {"fiscalDateEnding": "2015-12-31", "reportedCurrency": "USD", "grossProfit": "38901000", "totalRevenue": "157340000", "costOfRevenue": "118439000", "costofGoodsAndServicesSold": "118439000", "operatingIncome": "15973000", "sellingGeneralAndAdministrative": "22928000", "researchAndDevelopment": "24000000", "operatingExpenses": "22928000", "investmentIncomeNet": "None", "netInterestIncome": "None", "interestIncome": "None", "interestExpense": "1151000", "nonInterestIncome": "None", "otherNonOperatingIncome": "None", "depreciation": "None", "depreciationAndAmortization": "6478000", "incomeBeforeTax": "14822000", "incomeTaxExpense": "915000", "interestAndDebtExpense": "None", "netIncomeFromContinuingOperations": "13907000", "comprehensiveIncomeNetOfTax": "None", "ebit": "15973000", "ebitda": "22451000", "netIncome": "13907000"}, {"fiscalDateEnding": "2015-09-30", "reportedCurrency": "USD", "grossProfit": "59427000", "totalRevenue": "200145000", "costOfRevenue": "140718000", "costofGoodsAndServicesSold": "140718000", "operatingIncome": "37130000", "sellingGeneralAndAdministrative": "22300000", "researchAndDevelopment": "22500000", "operatingExpenses": "22297000", "investmentIncomeNet": "None", "netInterestIncome": "None", "interestIncome": "None", "interestExpense": "1243000", "nonInterestIncome": "None", "otherNonOperatingIncome": "None", "depreciation": "None", "depreciationAndAmortization": "6286000", "incomeBeforeTax": "35887000", "incomeTaxExpense": "11193000", "interestAndDebtExpense": "None", "netIncomeFromContinuingOperations": "24694000", "comprehensiveIncomeNetOfTax": "None", "ebit": "37130000", "ebitda": "43416000", "netIncome": "24694000"}, {"fiscalDateEnding": "2015-06-30", "reportedCurrency": "USD", "grossProfit": "49452000", "totalRevenue": "173156000", "costOfRevenue": "123704000", "costofGoodsAndServicesSold": "123704000", "operatingIncome": "28155000", "sellingGeneralAndAdministrative": "21300000", "researchAndDevelopment": "21300000", "operatingExpenses": "21297000", "investmentIncomeNet": "None", "netInterestIncome": "None", "interestIncome": "None", "interestExpense": "1111000", "nonInterestIncome": "None", "otherNonOperatingIncome": "None", "depreciation": "None", "depreciationAndAmortization": "6418000", "incomeBeforeTax": "27044000", "incomeTaxExpense": "9354000", "interestAndDebtExpense": "None", "netIncomeFromContinuingOperations": "17690000", "comprehensiveIncomeNetOfTax": "None", "ebit": "28155000", "ebitda": "34573000", "netIncome": "17690000"}, {"fiscalDateEnding": "2015-03-31", "reportedCurrency": "USD", "grossProfit": "40162000", "totalRevenue": "161638000", "costOfRevenue": "121476000", "costofGoodsAndServicesSold": "121476000", "operatingIncome": "17543000", "sellingGeneralAndAdministrative": "22600000", "researchAndDevelopment": "22200000", "operatingExpenses": "22619000", "investmentIncomeNet": "None", "netInterestIncome": "None", "interestIncome": "None", "interestExpense": "1246000", "nonInterestIncome": "None", "otherNonOperatingIncome": "None", "depreciation": "None", "depreciationAndAmortization": "6127000", "incomeBeforeTax": "16297000", "incomeTaxExpense": "5614000", "interestAndDebtExpense": "None", "netIncomeFromContinuingOperations": "10683000", "comprehensiveIncomeNetOfTax": "None", "ebit": "17543000", "ebitda": "23670000", "netIncome": "10683000"}, {"fiscalDateEnding": "2014-12-31", "reportedCurrency": "USD", "grossProfit": "42525000", "totalRevenue": "166083000", "costOfRevenue": "123558000", "costofGoodsAndServicesSold": "123558000", "operatingIncome": "25483000", "sellingGeneralAndAdministrative": "17042000", "researchAndDevelopment": "19600000", "operatingExpenses": "17042000", "investmentIncomeNet": "None", "netInterestIncome": "None", "interestIncome": "None", "interestExpense": "1072000", "nonInterestIncome": "None", "otherNonOperatingIncome": "None", "depreciation": "None", "depreciationAndAmortization": "6086000", "incomeBeforeTax": "24411000", "incomeTaxExpense": "5972000", "interestAndDebtExpense": "None", "netIncomeFromContinuingOperations": "18439000", "comprehensiveIncomeNetOfTax": "None", "ebit": "25483000", "ebitda": "31569000", "netIncome": "18439000"}, {"fiscalDateEnding": "2014-09-30", "reportedCurrency": "USD", "grossProfit": "51310000", "totalRevenue": "179442000", "costOfRevenue": "128132000", "costofGoodsAndServicesSold": "128132000", "operatingIncome": "25771000", "sellingGeneralAndAdministrative": "25500000", "researchAndDevelopment": "19100000", "operatingExpenses": "25539000", "investmentIncomeNet": "None", "netInterestIncome": "None", "interestIncome": "None", "interestExpense": "2301000", "nonInterestIncome": "None", "otherNonOperatingIncome": "None", "depreciation": "None", "depreciationAndAmortization": "10859000", "incomeBeforeTax": "23470000", "incomeTaxExpense": "6390000", "interestAndDebtExpense": "None", "netIncomeFromContinuingOperations": "17080000", "comprehensiveIncomeNetOfTax": "None", "ebit": "25771000", "ebitda": "36630000", "netIncome": "17080000"}, {"fiscalDateEnding": "2014-06-30", "reportedCurrency": "USD", "grossProfit": "43202000", "totalRevenue": "174563000", "costOfRevenue": "131361000", "costofGoodsAndServicesSold": "131361000", "operatingIncome": "22481000", "sellingGeneralAndAdministrative": "20700000", "researchAndDevelopment": "20600000", "operatingExpenses": "20721000", "investmentIncomeNet": "None", "netInterestIncome": "None", "interestIncome": "None", "interestExpense": "2559000", "nonInterestIncome": "None", "otherNonOperatingIncome": "None", "depreciation": "None", "depreciationAndAmortization": "5471000", "incomeBeforeTax": "19922000", "incomeTaxExpense": "6778000", "interestAndDebtExpense": "None", "netIncomeFromContinuingOperations": "13144000", "comprehensiveIncomeNetOfTax": "None", "ebit": "22481000", "ebitda": "27952000", "netIncome": "13144000"}, {"fiscalDateEnding": "2014-03-31", "reportedCurrency": "USD", "grossProfit": "30005000", "totalRevenue": "140951000", "costOfRevenue": "110946000", "costofGoodsAndServicesSold": "110946000", "operatingIncome": "13627000", "sellingGeneralAndAdministrative": "16400000", "researchAndDevelopment": "17200000", "operatingExpenses": "16378000", "investmentIncomeNet": "None", "netInterestIncome": "None", "interestIncome": "None", "interestExpense": "2323000", "nonInterestIncome": "None", "otherNonOperatingIncome": "None", "depreciation": "None", "depreciationAndAmortization": "4838000", "incomeBeforeTax": "11304000", "incomeTaxExpense": "3797000", "interestAndDebtExpense": "None", "netIncomeFromContinuingOperations": "7507000", "comprehensiveIncomeNetOfTax": "None", "ebit": "13627000", "ebitda": "18465000", "netIncome": "7507000"}, {"fiscalDateEnding": "2013-12-31", "reportedCurrency": "USD", "grossProfit": "25173000", "totalRevenue": "105456000", "costOfRevenue": "80283000", "costofGoodsAndServicesSold": "80283000", "operatingIncome": "10911000", "sellingGeneralAndAdministrative": "14262000", "researchAndDevelopment": "14200000", "operatingExpenses": "14262000", "investmentIncomeNet": "None", "netInterestIncome": "None", "interestIncome": "None", "interestExpense": "2009000", "nonInterestIncome": "None", "otherNonOperatingIncome": "None", "depreciation": "None", "depreciationAndAmortization": "4512000", "incomeBeforeTax": "8902000", "incomeTaxExpense": "2513000", "interestAndDebtExpense": "None", "netIncomeFromContinuingOperations": "6389000", "comprehensiveIncomeNetOfTax": "None", "ebit": "10911000", "ebitda": "15423000", "netIncome": "6389000"}, {"fiscalDateEnding": "2013-09-30", "reportedCurrency": "USD", "grossProfit": "23785000", "totalRevenue": "89681000", "costOfRevenue": "65896000", "costofGoodsAndServicesSold": "65896000", "operatingIncome": "12352000", "sellingGeneralAndAdministrative": "11400000", "researchAndDevelopment": "12400000", "operatingExpenses": "11433000", "investmentIncomeNet": "None", "netInterestIncome": "None", "interestIncome": "None", "interestExpense": "1605000", "nonInterestIncome": "None", "otherNonOperatingIncome": "None", "depreciation": "None", "depreciationAndAmortization": "3077000", "incomeBeforeTax": "10747000", "incomeTaxExpense": "3592000", "interestAndDebtExpense": "None", "netIncomeFromContinuingOperations": "7155000", "comprehensiveIncomeNetOfTax": "None", "ebit": "12352000", "ebitda": "15429000", "netIncome": "7155000"}, {"fiscalDateEnding": "2013-06-30", "reportedCurrency": "USD", "grossProfit": "18681000", "totalRevenue": "70833000", "costOfRevenue": "52152000", "costofGoodsAndServicesSold": "52152000", "operatingIncome": "7980000", "sellingGeneralAndAdministrative": "10700000", "researchAndDevelopment": "13300000", "operatingExpenses": "10701000", "investmentIncomeNet": "None", "netInterestIncome": "None", "interestIncome": "None", "interestExpense": "262000", "nonInterestIncome": "None", "otherNonOperatingIncome": "None", "depreciation": "None", "depreciationAndAmortization": "1721000", "incomeBeforeTax": "7718000", "incomeTaxExpense": "2560000", "interestAndDebtExpense": "None", "netIncomeFromContinuingOperations": "5158000", "comprehensiveIncomeNetOfTax": "None", "ebit": "7980000", "ebitda": "9701000", "netIncome": "5158000"}, {"fiscalDateEnding": "2013-03-31", "reportedCurrency": "USD", "grossProfit": "20219000", "totalRevenue": "73967000", "costOfRevenue": "53748000", "costofGoodsAndServicesSold": "53748000", "operatingIncome": "11062000", "sellingGeneralAndAdministrative": "9200000", "researchAndDevelopment": "12800000", "operatingExpenses": "9157000", "investmentIncomeNet": "None", "netInterestIncome": "None", "interestIncome": "None", "interestExpense": "218000", "nonInterestIncome": "None", "otherNonOperatingIncome": "None", "depreciation": "None", "depreciationAndAmortization": "1749000", "incomeBeforeTax": "10844000", "incomeTaxExpense": "2280000", "interestAndDebtExpense": "None", "netIncomeFromContinuingOperations": "8564000", "comprehensiveIncomeNetOfTax": "None", "ebit": "11062000", "ebitda": "12811000", "netIncome": "8564000"}, {"fiscalDateEnding": "2012-12-31", "reportedCurrency": "USD", "grossProfit": "17551000", "totalRevenue": "67420000", "costOfRevenue": "49869000", "costofGoodsAndServicesSold": "49869000", "operatingIncome": "7929000", "sellingGeneralAndAdministrative": "9622000", "researchAndDevelopment": "11000000", "operatingExpenses": "9622000", "investmentIncomeNet": "None", "netInterestIncome": "None", "interestIncome": "None", "interestExpense": "239000", "nonInterestIncome": "None", "otherNonOperatingIncome": "None", "depreciation": "None", "depreciationAndAmortization": "1950000", "incomeBeforeTax": "7690000", "incomeTaxExpense": "2035000", "interestAndDebtExpense": "None", "netIncomeFromContinuingOperations": "5655000", "comprehensiveIncomeNetOfTax": "None", "ebit": "7929000", "ebitda": "9879000", "netIncome": "5655000"}, {"fiscalDateEnding": "2012-09-30", "reportedCurrency": "USD", "grossProfit": "16717000", "totalRevenue": "68899000", "costOfRevenue": "52182000", "costofGoodsAndServicesSold": "52182000", "operatingIncome": "7655000", "sellingGeneralAndAdministrative": "9100000", "researchAndDevelopment": "12800000", "operatingExpenses": "9062000", "investmentIncomeNet": "None", "netInterestIncome": "None", "interestIncome": "None", "interestExpense": "274000", "nonInterestIncome": "None", "otherNonOperatingIncome": "None", "depreciation": "None", "depreciationAndAmortization": "2124000", "incomeBeforeTax": "7381000", "incomeTaxExpense": "2451000", "interestAndDebtExpense": "None", "netIncomeFromContinuingOperations": "4930000", "comprehensiveIncomeNetOfTax": "None", "ebit": "7655000", "ebitda": "9779000", "netIncome": "4930000"}, {"fiscalDateEnding": "2012-06-30", "reportedCurrency": "USD", "grossProfit": "17054000", "totalRevenue": "64989000", "costOfRevenue": "47935000", "costofGoodsAndServicesSold": "47935000", "operatingIncome": "7776000", "sellingGeneralAndAdministrative": "9278000", "researchAndDevelopment": "11100000", "operatingExpenses": "9278000", "investmentIncomeNet": "None", "netInterestIncome": "None", "interestIncome": "None", "interestExpense": "266000", "nonInterestIncome": "None", "otherNonOperatingIncome": "None", "depreciation": "None", "depreciationAndAmortization": "1384000", "incomeBeforeTax": "7510000", "incomeTaxExpense": "2316000", "interestAndDebtExpense": "None", "netIncomeFromContinuingOperations": "5194000", "comprehensiveIncomeNetOfTax": "None", "ebit": "6392000", "ebitda": "7776000", "netIncome": "5194000"}, {"fiscalDateEnding": "2012-03-31", "reportedCurrency": "USD", "grossProfit": "18120000", "totalRevenue": "65138000", "costOfRevenue": "47018000", "costofGoodsAndServicesSold": "47018000", "operatingIncome": "9265000", "sellingGeneralAndAdministrative": "8855000", "researchAndDevelopment": "10000000", "operatingExpenses": "8855000", "investmentIncomeNet": "None", "netInterestIncome": "None", "interestIncome": "None", "interestExpense": "263000", "nonInterestIncome": "None", "otherNonOperatingIncome": "None", "depreciation": "None", "depreciationAndAmortization": "1447000", "incomeBeforeTax": "9002000", "incomeTaxExpense": "2907000", "interestAndDebtExpense": "None", "netIncomeFromContinuingOperations": "6095000", "comprehensiveIncomeNetOfTax": "None", "ebit": "7818000", "ebitda": "9265000", "netIncome": "6095000"}, {"fiscalDateEnding": "2011-12-31", "reportedCurrency": "USD", "grossProfit": "17349000", "totalRevenue": "61156000", "costOfRevenue": "43807000", "costofGoodsAndServicesSold": "43807000", "operatingIncome": "7523000", "sellingGeneralAndAdministrative": "7326000", "researchAndDevelopment": "9500000", "operatingExpenses": "7326000", "investmentIncomeNet": "None", "netInterestIncome": "None", "interestIncome": "None", "interestExpense": "349000", "nonInterestIncome": "None", "otherNonOperatingIncome": "None", "depreciation": "None", "depreciationAndAmortization": "1351000", "incomeBeforeTax": "7178000", "incomeTaxExpense": "2009000", "interestAndDebtExpense": "None", "netIncomeFromContinuingOperations": "0", "comprehensiveIncomeNetOfTax": "None", "ebit": "7527000", "ebitda": "8878000", "netIncome": "5169000"}, {"fiscalDateEnding": "2011-09-30", "reportedCurrency": "USD", "grossProfit": "14255000", "totalRevenue": "56404000", "costOfRevenue": "42149000", "costofGoodsAndServicesSold": "42149000", "operatingIncome": "7895000", "sellingGeneralAndAdministrative": "6400000", "researchAndDevelopment": "9500000", "operatingExpenses": "6360000", "investmentIncomeNet": "None", "netInterestIncome": "None", "interestIncome": "None", "interestExpense": "472000", "nonInterestIncome": "None", "otherNonOperatingIncome": "None", "depreciation": "None", "depreciationAndAmortization": "1198000", "incomeBeforeTax": "7505000", "incomeTaxExpense": "840000", "interestAndDebtExpense": "None", "netIncomeFromContinuingOperations": "6665000", "comprehensiveIncomeNetOfTax": "None", "ebit": "6697000", "ebitda": "7895000", "netIncome": "6665000"}, {"fiscalDateEnding": "2011-06-30", "reportedCurrency": "USD", "grossProfit": "14386000", "totalRevenue": "55475000", "costOfRevenue": "41089000", "costofGoodsAndServicesSold": "41089000", "operatingIncome": "7242000", "sellingGeneralAndAdministrative": "7100000", "researchAndDevelopment": "8800000", "operatingExpenses": "7144000", "investmentIncomeNet": "None", "netInterestIncome": "None", "interestIncome": "None", "interestExpense": "540000", "nonInterestIncome": "None", "otherNonOperatingIncome": "None", "depreciation": "None", "depreciationAndAmortization": "1204000", "incomeBeforeTax": "6708000", "incomeTaxExpense": "2160000", "interestAndDebtExpense": "None", "netIncomeFromContinuingOperations": "4548000", "comprehensiveIncomeNetOfTax": "None", "ebit": "6038000", "ebitda": "7242000", "netIncome": "4548000"}, {"fiscalDateEnding": "2011-03-31", "reportedCurrency": "USD", "grossProfit": "14506000", "totalRevenue": "55128000", "costOfRevenue": "40622000", "costofGoodsAndServicesSold": "40622000", "operatingIncome": "8161000", "sellingGeneralAndAdministrative": "6300000", "researchAndDevelopment": "8300000", "operatingExpenses": "6345000", "investmentIncomeNet": "None", "netInterestIncome": "None", "interestIncome": "None", "interestExpense": "545000", "nonInterestIncome": "None", "otherNonOperatingIncome": "None", "depreciation": "None", "depreciationAndAmortization": "1190000", "incomeBeforeTax": "7624000", "incomeTaxExpense": "2415000", "interestAndDebtExpense": "None", "netIncomeFromContinuingOperations": "0", "comprehensiveIncomeNetOfTax": "None", "ebit": "6971000", "ebitda": "8161000", "netIncome": "5209000"}, {"fiscalDateEnding": "2010-12-31", "reportedCurrency": "USD", "grossProfit": "47567000", "totalRevenue": "195754000", "costOfRevenue": "148187000", "costofGoodsAndServicesSold": "148187000", "operatingIncome": "24343000", "sellingGeneralAndAdministrative": "6028000", "researchAndDevelopment": "28300000", "operatingExpenses": "23224000", "investmentIncomeNet": "None", "netInterestIncome": "None", "interestIncome": "None", "interestExpense": "597000", "nonInterestIncome": "None", "otherNonOperatingIncome": "None", "depreciation": "None", "depreciationAndAmortization": "1224000", "incomeBeforeTax": "21829000", "incomeTaxExpense": "6881000", "interestAndDebtExpense": "None", "netIncomeFromContinuingOperations": "0", "comprehensiveIncomeNetOfTax": "None", "ebit": "6447000", "ebitda": "7671000", "netIncome": "14948000"}, {"fiscalDateEnding": "2010-09-30", "reportedCurrency": "USD", "grossProfit": "12893000", "totalRevenue": "49906000", "costOfRevenue": "37013000", "costofGoodsAndServicesSold": "37013000", "operatingIncome": "7226000", "sellingGeneralAndAdministrative": "5700000", "researchAndDevelopment": "0", "operatingExpenses": "5667000", "investmentIncomeNet": "None", "netInterestIncome": "None", "interestIncome": "None", "interestExpense": "641000", "nonInterestIncome": "None", "otherNonOperatingIncome": "None", "depreciation": "None", "depreciationAndAmortization": "1194000", "incomeBeforeTax": "6573000", "incomeTaxExpense": "1926000", "interestAndDebtExpense": "None", "netIncomeFromContinuingOperations": "0", "comprehensiveIncomeNetOfTax": "None", "ebit": "7221000", "ebitda": "8415000", "netIncome": "4647000"}, {"fiscalDateEnding": "2010-06-30", "reportedCurrency": "USD", "grossProfit": "10685000", "totalRevenue": "47089000", "costOfRevenue": "36404000", "costofGoodsAndServicesSold": "36404000", "operatingIncome": "4622000", "sellingGeneralAndAdministrative": "6000000", "researchAndDevelopment": "0", "operatingExpenses": "6063000", "investmentIncomeNet": "None", "netInterestIncome": "None", "interestIncome": "None", "interestExpense": "722000", "nonInterestIncome": "None", "otherNonOperatingIncome": "None", "depreciation": "None", "depreciationAndAmortization": "1224000", "incomeBeforeTax": "3887000", "incomeTaxExpense": "1457000", "interestAndDebtExpense": "None", "netIncomeFromContinuingOperations": "0", "comprehensiveIncomeNetOfTax": "None", "ebit": "4614000", "ebitda": "5838000", "netIncome": "2430000"}, {"fiscalDateEnding": "2010-03-31", "reportedCurrency": "USD", "grossProfit": "11546000", "totalRevenue": "46936000", "costOfRevenue": "35390000", "costofGoodsAndServicesSold": "35390000", "operatingIncome": "6080000", "sellingGeneralAndAdministrative": "5500000", "researchAndDevelopment": "0", "operatingExpenses": "5466000", "investmentIncomeNet": "None", "netInterestIncome": "None", "interestIncome": "None", "interestExpense": "599000", "nonInterestIncome": "None", "otherNonOperatingIncome": "None", "depreciation": "None", "depreciationAndAmortization": "1239000", "incomeBeforeTax": "5519000", "incomeTaxExpense": "2119000", "interestAndDebtExpense": "None", "netIncomeFromContinuingOperations": "0", "comprehensiveIncomeNetOfTax": "None", "ebit": "6130000", "ebitda": "7369000", "netIncome": "3400000"}, {"fiscalDateEnding": "2009-12-31", "reportedCurrency": "USD", "grossProfit": "9899000", "totalRevenue": "45576000", "costOfRevenue": "35677000", "costofGoodsAndServicesSold": "35677000", "operatingIncome": "-14885000", "sellingGeneralAndAdministrative": "583000", "researchAndDevelopment": "27000000", "operatingExpenses": "5403000", "investmentIncomeNet": "None", "netInterestIncome": "None", "interestIncome": "None", "interestExpense": "1226000", "nonInterestIncome": "None", "otherNonOperatingIncome": "None", "depreciation": "None", "depreciationAndAmortization": "1693000", "incomeBeforeTax": "-16122000", "incomeTaxExpense": "-6467000", "interestAndDebtExpense": "None", "netIncomeFromContinuingOperations": "0", "comprehensiveIncomeNetOfTax": "None", "ebit": "-13854000", "ebitda": "-12161000", "netIncome": "-9655000"}, {"fiscalDateEnding": "2009-09-30", "reportedCurrency": "USD", "grossProfit": "10120000", "totalRevenue": "48586000", "costOfRevenue": "38466000", "costofGoodsAndServicesSold": "38466000", "operatingIncome": "3918000", "sellingGeneralAndAdministrative": "6200000", "researchAndDevelopment": "0", "operatingExpenses": "6202000", "investmentIncomeNet": "None", "netInterestIncome": "None", "interestIncome": "None", "interestExpense": "407000", "nonInterestIncome": "None", "otherNonOperatingIncome": "None", "depreciation": "None", "depreciationAndAmortization": "1954000", "incomeBeforeTax": "3618000", "incomeTaxExpense": "1122000", "interestAndDebtExpense": "None", "netIncomeFromContinuingOperations": "0", "comprehensiveIncomeNetOfTax": "None", "ebit": "4025000", "ebitda": "5979000", "netIncome": "2496000"}, {"fiscalDateEnding": "2009-06-30", "reportedCurrency": "USD", "grossProfit": "8724000", "totalRevenue": "47024000", "costOfRevenue": "38300000", "costofGoodsAndServicesSold": "38300000", "operatingIncome": "2280000", "sellingGeneralAndAdministrative": "583000", "researchAndDevelopment": "0", "operatingExpenses": "8982000", "investmentIncomeNet": "None", "netInterestIncome": "None", "interestIncome": "None", "interestExpense": "476000", "nonInterestIncome": "None", "otherNonOperatingIncome": "None", "depreciation": "None", "depreciationAndAmortization": "1955000", "incomeBeforeTax": "2704000", "incomeTaxExpense": "748000", "interestAndDebtExpense": "None", "netIncomeFromContinuingOperations": "0", "comprehensiveIncomeNetOfTax": "None", "ebit": "642000", "ebitda": "2597000", "netIncome": "1956000"}, {"fiscalDateEnding": "2009-03-31", "reportedCurrency": "USD", "grossProfit": "8530000", "totalRevenue": "50015000", "costOfRevenue": "41485000", "costofGoodsAndServicesSold": "41485000", "operatingIncome": "2465000", "sellingGeneralAndAdministrative": "6100000", "researchAndDevelopment": "0", "operatingExpenses": "6065000", "investmentIncomeNet": "None", "netInterestIncome": "None", "interestIncome": "None", "interestExpense": "424000", "nonInterestIncome": "None", "otherNonOperatingIncome": "None", "depreciation": "None", "depreciationAndAmortization": "1740000", "incomeBeforeTax": "2054000", "incomeTaxExpense": "653000", "interestAndDebtExpense": "None", "netIncomeFromContinuingOperations": "0", "comprehensiveIncomeNetOfTax": "None", "ebit": "2478000", "ebitda": "4218000", "netIncome": "1401000"}, {"fiscalDateEnding": "2008-12-31", "reportedCurrency": "USD", "grossProfit": "1943000", "totalRevenue": "44381000", "costOfRevenue": "42438000", "costofGoodsAndServicesSold": "42438000", "operatingIncome": "-2924000", "sellingGeneralAndAdministrative": "4867000", "researchAndDevelopment": "22900000", "operatingExpenses": "4867000", "investmentIncomeNet": "None", "netInterestIncome": "None", "interestIncome": "None", "interestExpense": "152000", "nonInterestIncome": "None", "otherNonOperatingIncome": "None", "depreciation": "None", "depreciationAndAmortization": "1153000", "incomeBeforeTax": "-3061000", "incomeTaxExpense": "-1280000", "interestAndDebtExpense": "None", "netIncomeFromContinuingOperations": "0", "comprehensiveIncomeNetOfTax": "None", "ebit": "-2924000", "ebitda": "-1771000", "netIncome": "-1781000"}, {"fiscalDateEnding": "2008-09-30", "reportedCurrency": "USD", "grossProfit": "7908000", "totalRevenue": "40363000", "costOfRevenue": "32455000", "costofGoodsAndServicesSold": "32455000", "operatingIncome": "3878000", "sellingGeneralAndAdministrative": "4000000", "researchAndDevelopment": "0", "operatingExpenses": "4030000", "investmentIncomeNet": "None", "netInterestIncome": "None", "interestIncome": "None", "interestExpense": "182000", "nonInterestIncome": "None", "otherNonOperatingIncome": "None", "depreciation": "None", "depreciationAndAmortization": "980000", "incomeBeforeTax": "3636000", "incomeTaxExpense": "1257000", "interestAndDebtExpense": "None", "netIncomeFromContinuingOperations": "0", "comprehensiveIncomeNetOfTax": "None", "ebit": "2898000", "ebitda": "3878000", "netIncome": "2379000"}, {"fiscalDateEnding": "2008-06-30", "reportedCurrency": "USD", "grossProfit": "12123000", "totalRevenue": "47889000", "costOfRevenue": "35766000", "costofGoodsAndServicesSold": "35766000", "operatingIncome": "7810000", "sellingGeneralAndAdministrative": "4300000", "researchAndDevelopment": "0", "operatingExpenses": "4313000", "investmentIncomeNet": "None", "netInterestIncome": "None", "interestIncome": "None", "interestExpense": "167000", "nonInterestIncome": "None", "otherNonOperatingIncome": "None", "depreciation": "None", "depreciationAndAmortization": "1009000", "incomeBeforeTax": "7645000", "incomeTaxExpense": "2529000", "interestAndDebtExpense": "None", "netIncomeFromContinuingOperations": "0", "comprehensiveIncomeNetOfTax": "None", "ebit": "6801000", "ebitda": "7810000", "netIncome": "5116000"}, {"fiscalDateEnding": "2008-03-31", "reportedCurrency": "USD", "grossProfit": "8499000", "totalRevenue": "41089000", "costOfRevenue": "32590000", "costofGoodsAndServicesSold": "32590000", "operatingIncome": "4290000", "sellingGeneralAndAdministrative": "4200000", "researchAndDevelopment": "0", "operatingExpenses": "4209000", "investmentIncomeNet": "None", "netInterestIncome": "None", "interestIncome": "None", "interestExpense": "205000", "nonInterestIncome": "None", "otherNonOperatingIncome": "None", "depreciation": "None", "depreciationAndAmortization": "1000000", "incomeBeforeTax": "4070000", "incomeTaxExpense": "1423000", "interestAndDebtExpense": "None", "netIncomeFromContinuingOperations": "0", "comprehensiveIncomeNetOfTax": "None", "ebit": "4279000", "ebitda": "5279000", "netIncome": "2647000"}, {"fiscalDateEnding": "2007-12-31", "reportedCurrency": "USD", "grossProfit": "7643000", "totalRevenue": "36273000", "costOfRevenue": "28630000", "costofGoodsAndServicesSold": "28630000", "operatingIncome": "3792000", "sellingGeneralAndAdministrative": "3851000", "researchAndDevelopment": "14800000", "operatingExpenses": "3851000", "investmentIncomeNet": "None", "netInterestIncome": "None", "interestIncome": "None", "interestExpense": "348000", "nonInterestIncome": "None", "otherNonOperatingIncome": "None", "depreciation": "None", "depreciationAndAmortization": "993000", "incomeBeforeTax": "3389000", "incomeTaxExpense": "1320000", "interestAndDebtExpense": "None", "netIncomeFromContinuingOperations": "0", "comprehensiveIncomeNetOfTax": "None", "ebit": "3792000", "ebitda": "4785000", "netIncome": "2069000"}, {"fiscalDateEnding": "2007-09-30", "reportedCurrency": "USD", "grossProfit": "10142000", "totalRevenue": "37724000", "costOfRevenue": "27582000", "costofGoodsAndServicesSold": "27582000", "operatingIncome": "6265000", "sellingGeneralAndAdministrative": "3900000", "researchAndDevelopment": "0", "operatingExpenses": "3877000", "investmentIncomeNet": "None", "netInterestIncome": "None", "interestIncome": "None", "interestExpense": "396000", "nonInterestIncome": "None", "otherNonOperatingIncome": "None", "depreciation": "None", "depreciationAndAmortization": "876000", "incomeBeforeTax": "5869000", "incomeTaxExpense": "1743000", "interestAndDebtExpense": "None", "netIncomeFromContinuingOperations": "0", "comprehensiveIncomeNetOfTax": "None", "ebit": "6265000", "ebitda": "7141000", "netIncome": "4126000"}, {"fiscalDateEnding": "2007-06-30", "reportedCurrency": "USD", "grossProfit": "11435000", "totalRevenue": "41368000", "costOfRevenue": "29933000", "costofGoodsAndServicesSold": "29933000", "operatingIncome": "7031000", "sellingGeneralAndAdministrative": "4404000", "researchAndDevelopment": "0", "operatingExpenses": "4404000", "investmentIncomeNet": "None", "netInterestIncome": "None", "interestIncome": "None", "interestExpense": "380000", "nonInterestIncome": "None", "otherNonOperatingIncome": "None", "depreciation": "None", "depreciationAndAmortization": "801000", "incomeBeforeTax": "6654000", "incomeTaxExpense": "2153000", "interestAndDebtExpense": "None", "netIncomeFromContinuingOperations": "0", "comprehensiveIncomeNetOfTax": "None", "ebit": "7031000", "ebitda": "7832000", "netIncome": "4501000"}, {"fiscalDateEnding": "2007-03-31", "reportedCurrency": "USD", "grossProfit": "11650000", "totalRevenue": "42875000", "costOfRevenue": "31225000", "costofGoodsAndServicesSold": "31225000", "operatingIncome": "7374000", "sellingGeneralAndAdministrative": "4276000", "researchAndDevelopment": "0", "operatingExpenses": "4276000", "investmentIncomeNet": "None", "netInterestIncome": "None", "interestIncome": "None", "interestExpense": "296000", "nonInterestIncome": "None", "otherNonOperatingIncome": "None", "depreciation": "None", "depreciationAndAmortization": "770000", "incomeBeforeTax": "7086000", "incomeTaxExpense": "2391000", "interestAndDebtExpense": "None", "netIncomeFromContinuingOperations": "0", "comprehensiveIncomeNetOfTax": "None", "ebit": "7374000", "ebitda": "8144000", "netIncome": "4695000"}, {"fiscalDateEnding": "2006-12-31", "reportedCurrency": "USD", "grossProfit": "4634000", "totalRevenue": "28262000", "costOfRevenue": "23628000", "costofGoodsAndServicesSold": "23628000", "operatingIncome": "983000", "sellingGeneralAndAdministrative": "3651000", "researchAndDevelopment": "10900000", "operatingExpenses": "3651000", "investmentIncomeNet": "None", "netInterestIncome": "None", "interestIncome": "None", "interestExpense": "261000", "nonInterestIncome": "None", "otherNonOperatingIncome": "None", "depreciation": "None", "depreciationAndAmortization": "969000", "incomeBeforeTax": "687000", "incomeTaxExpense": "89000", "interestAndDebtExpense": "None", "netIncomeFromContinuingOperations": "0", "comprehensiveIncomeNetOfTax": "None", "ebit": "983000", "ebitda": "1952000", "netIncome": "598000"}, {"fiscalDateEnding": "2006-09-30", "reportedCurrency": "USD", "grossProfit": "6521000", "totalRevenue": "28540000", "costOfRevenue": "22019000", "costofGoodsAndServicesSold": "22019000", "operatingIncome": "3052000", "sellingGeneralAndAdministrative": "3469000", "researchAndDevelopment": "0", "operatingExpenses": "3469000", "investmentIncomeNet": "None", "netInterestIncome": "None", "interestIncome": "None", "interestExpense": "232000", "nonInterestIncome": "None", "otherNonOperatingIncome": "None", "depreciation": "None", "depreciationAndAmortization": "701000", "incomeBeforeTax": "2825000", "incomeTaxExpense": "912000", "interestAndDebtExpense": "None", "netIncomeFromContinuingOperations": "0", "comprehensiveIncomeNetOfTax": "None", "ebit": "2650000", "ebitda": "3351000", "netIncome": "1913000"}, {"fiscalDateEnding": "2006-06-30", "reportedCurrency": "USD", "grossProfit": "6844000", "totalRevenue": "29039000", "costOfRevenue": "22195000", "costofGoodsAndServicesSold": "22195000", "operatingIncome": "3401000", "sellingGeneralAndAdministrative": "3400000", "researchAndDevelopment": "0", "operatingExpenses": "3443000", "investmentIncomeNet": "None", "netInterestIncome": "None", "interestIncome": "None", "interestExpense": "219000", "nonInterestIncome": "None", "otherNonOperatingIncome": "None", "depreciation": "None", "depreciationAndAmortization": "636000", "incomeBeforeTax": "3204000", "incomeTaxExpense": "1189000", "interestAndDebtExpense": "None", "netIncomeFromContinuingOperations": "0", "comprehensiveIncomeNetOfTax": "None", "ebit": "3323000", "ebitda": "3959000", "netIncome": "2015000"}, {"fiscalDateEnding": "2006-03-31", "reportedCurrency": "USD", "grossProfit": "5249000", "totalRevenue": "24926000", "costOfRevenue": "19677000", "costofGoodsAndServicesSold": "19677000", "operatingIncome": "2230000", "sellingGeneralAndAdministrative": "3000000", "researchAndDevelopment": "0", "operatingExpenses": "3019000", "investmentIncomeNet": "None", "netInterestIncome": "None", "interestIncome": "None", "interestExpense": "203000", "nonInterestIncome": "None", "otherNonOperatingIncome": "None", "depreciation": "None", "depreciationAndAmortization": "623000", "incomeBeforeTax": "2043000", "incomeTaxExpense": "833000", "interestAndDebtExpense": "None", "netIncomeFromContinuingOperations": "0", "comprehensiveIncomeNetOfTax": "None", "ebit": "2393000", "ebitda": "3016000", "netIncome": "1210000"}, {"fiscalDateEnding": "2005-12-31", "reportedCurrency": "USD", "grossProfit": "4238000", "totalRevenue": "20436000", "costOfRevenue": "16198000", "costofGoodsAndServicesSold": "16198000", "operatingIncome": "1671000", "sellingGeneralAndAdministrative": "2567000", "researchAndDevelopment": "8900000", "operatingExpenses": "2567000", "investmentIncomeNet": "None", "netInterestIncome": "None", "interestIncome": "None", "interestExpense": "225000", "nonInterestIncome": "None", "otherNonOperatingIncome": "None", "depreciation": "None", "depreciationAndAmortization": "331000", "incomeBeforeTax": "1733000", "incomeTaxExpense": "676000", "interestAndDebtExpense": "None", "netIncomeFromContinuingOperations": "0", "comprehensiveIncomeNetOfTax": "None", "ebit": "1671000", "ebitda": "2002000", "netIncome": "1057000"}, {"fiscalDateEnding": "2005-09-30", "reportedCurrency": "USD", "grossProfit": "4474000", "totalRevenue": "20421000", "costOfRevenue": "15947000", "costofGoodsAndServicesSold": "15947000", "operatingIncome": "1584000", "sellingGeneralAndAdministrative": "2900000", "researchAndDevelopment": "0", "operatingExpenses": "2890000", "investmentIncomeNet": "None", "netInterestIncome": "None", "interestIncome": "None", "interestExpense": "200000", "nonInterestIncome": "None", "otherNonOperatingIncome": "None", "depreciation": "None", "depreciationAndAmortization": "720000", "incomeBeforeTax": "1382000", "incomeTaxExpense": "592000", "interestAndDebtExpense": "None", "netIncomeFromContinuingOperations": "0", "comprehensiveIncomeNetOfTax": "None", "ebit": "1584000", "ebitda": "2304000", "netIncome": "790000"}]}