{"symbol": "APWC", "annualReports": [{"fiscalDateEnding": "2024-12-31", "reportedCurrency": "USD", "grossProfit": "35095000", "totalRevenue": "472672000", "costOfRevenue": "437577000", "costofGoodsAndServicesSold": "437577000", "operatingIncome": "10008000", "sellingGeneralAndAdministrative": "25855000", "researchAndDevelopment": "None", "operatingExpenses": "25087000", "investmentIncomeNet": "None", "netInterestIncome": "-2096000", "interestIncome": "208000", "interestExpense": "2304000", "nonInterestIncome": "None", "otherNonOperatingIncome": "None", "depreciation": "None", "depreciationAndAmortization": "6086000", "incomeBeforeTax": "9377000", "incomeTaxExpense": "2809000", "interestAndDebtExpense": "None", "netIncomeFromContinuingOperations": "6568000", "comprehensiveIncomeNetOfTax": "None", "ebit": "11545000", "ebitda": "17631000", "netIncome": "3486000"}, {"fiscalDateEnding": "2023-12-31", "reportedCurrency": "USD", "grossProfit": "30227000", "totalRevenue": "425772000", "costOfRevenue": "395545000", "costofGoodsAndServicesSold": "395545000", "operatingIncome": "1548000", "sellingGeneralAndAdministrative": "24243000", "researchAndDevelopment": "None", "operatingExpenses": "28679000", "investmentIncomeNet": "None", "netInterestIncome": "-2165000", "interestIncome": "175000", "interestExpense": "2399000", "nonInterestIncome": "None", "otherNonOperatingIncome": "None", "depreciation": "None", "depreciationAndAmortization": "6211000", "incomeBeforeTax": "464000", "incomeTaxExpense": "162000", "interestAndDebtExpense": "None", "netIncomeFromContinuingOperations": "2499000", "comprehensiveIncomeNetOfTax": "None", "ebit": "2863000", "ebitda": "9074000", "netIncome": "3867000"}, {"fiscalDateEnding": "2022-12-31", "reportedCurrency": "USD", "grossProfit": "32530000", "totalRevenue": "433893000", "costOfRevenue": "401363000", "costofGoodsAndServicesSold": "401363000", "operatingIncome": "8067000", "sellingGeneralAndAdministrative": "24978000", "researchAndDevelopment": "None", "operatingExpenses": "24463000", "investmentIncomeNet": "None", "netInterestIncome": "-1530000", "interestIncome": "120000", "interestExpense": "1488000", "nonInterestIncome": "None", "otherNonOperatingIncome": "None", "depreciation": "None", "depreciationAndAmortization": "5835000", "incomeBeforeTax": "7565000", "incomeTaxExpense": "2808000", "interestAndDebtExpense": "None", "netIncomeFromContinuingOperations": "4757000", "comprehensiveIncomeNetOfTax": "None", "ebit": "9053000", "ebitda": "14888000", "netIncome": "3874000"}, {"fiscalDateEnding": "2021-12-31", "reportedCurrency": "USD", "grossProfit": "21151000", "totalRevenue": "476659000", "costOfRevenue": "455508000", "costofGoodsAndServicesSold": "455508000", "operatingIncome": "-4973000", "sellingGeneralAndAdministrative": "26484000", "researchAndDevelopment": "None", "operatingExpenses": "26124000", "investmentIncomeNet": "None", "netInterestIncome": "-1128000", "interestIncome": "123000", "interestExpense": "1097000", "nonInterestIncome": "None", "otherNonOperatingIncome": "None", "depreciation": "None", "depreciationAndAmortization": "5494000", "incomeBeforeTax": "-9857000", "incomeTaxExpense": "-1345000", "interestAndDebtExpense": "None", "netIncomeFromContinuingOperations": "-8512000", "comprehensiveIncomeNetOfTax": "None", "ebit": "-8760000", "ebitda": "-3266000", "netIncome": "-2642000"}, {"fiscalDateEnding": "2020-12-31", "reportedCurrency": "USD", "grossProfit": "33878000", "totalRevenue": "313564000", "costOfRevenue": "279686000", "costofGoodsAndServicesSold": "279686000", "operatingIncome": "7557000", "sellingGeneralAndAdministrative": "27006000", "researchAndDevelopment": "None", "operatingExpenses": "26321000", "investmentIncomeNet": "None", "netInterestIncome": "-424000", "interestIncome": "320000", "interestExpense": "744000", "nonInterestIncome": "None", "otherNonOperatingIncome": "None", "depreciation": "None", "depreciationAndAmortization": "5402000", "incomeBeforeTax": "7725000", "incomeTaxExpense": "4016000", "interestAndDebtExpense": "None", "netIncomeFromContinuingOperations": "3709000", "comprehensiveIncomeNetOfTax": "None", "ebit": "8340000", "ebitda": "13742000", "netIncome": "-552000"}, {"fiscalDateEnding": "2019-12-31", "reportedCurrency": "USD", "grossProfit": "24787000", "totalRevenue": "338160000", "costOfRevenue": "313373000", "costofGoodsAndServicesSold": "313373000", "operatingIncome": "-649000", "sellingGeneralAndAdministrative": "25051000", "researchAndDevelopment": "None", "operatingExpenses": "25436000", "investmentIncomeNet": "None", "netInterestIncome": "-506000", "interestIncome": "506000", "interestExpense": "1012000", "nonInterestIncome": "None", "otherNonOperatingIncome": "None", "depreciation": "None", "depreciationAndAmortization": "5324000", "incomeBeforeTax": "1106000", "incomeTaxExpense": "2057000", "interestAndDebtExpense": "None", "netIncomeFromContinuingOperations": "-951000", "comprehensiveIncomeNetOfTax": "None", "ebit": "1951000", "ebitda": "7275000", "netIncome": "-1632000"}, {"fiscalDateEnding": "2018-12-31", "reportedCurrency": "USD", "grossProfit": "36248000", "totalRevenue": "425940000", "costOfRevenue": "389692000", "costofGoodsAndServicesSold": "389692000", "operatingIncome": "8684000", "sellingGeneralAndAdministrative": "26924000", "researchAndDevelopment": "None", "operatingExpenses": "27646000", "investmentIncomeNet": "None", "netInterestIncome": "-896000", "interestIncome": "482000", "interestExpense": "1378000", "nonInterestIncome": "None", "otherNonOperatingIncome": "None", "depreciation": "None", "depreciationAndAmortization": "4944000", "incomeBeforeTax": "11332000", "incomeTaxExpense": "3886000", "interestAndDebtExpense": "None", "netIncomeFromContinuingOperations": "7446000", "comprehensiveIncomeNetOfTax": "None", "ebit": "12713000", "ebitda": "17657000", "netIncome": "2928000"}, {"fiscalDateEnding": "2017-12-31", "reportedCurrency": "USD", "grossProfit": "39688000", "totalRevenue": "425215000", "costOfRevenue": "385527000", "costofGoodsAndServicesSold": "385527000", "operatingIncome": "16615000", "sellingGeneralAndAdministrative": "27248000", "researchAndDevelopment": "None", "operatingExpenses": "27474000", "investmentIncomeNet": "None", "netInterestIncome": "-345000", "interestIncome": "876000", "interestExpense": "1221000", "nonInterestIncome": "None", "otherNonOperatingIncome": "None", "depreciation": "None", "depreciationAndAmortization": "4986000", "incomeBeforeTax": "18668000", "incomeTaxExpense": "5140000", "interestAndDebtExpense": "None", "netIncomeFromContinuingOperations": "13528000", "comprehensiveIncomeNetOfTax": "None", "ebit": "19892000", "ebitda": "24878000", "netIncome": "8720000"}, {"fiscalDateEnding": "2016-12-31", "reportedCurrency": "USD", "grossProfit": "31608000", "totalRevenue": "384565000", "costOfRevenue": "352957000", "costofGoodsAndServicesSold": "352957000", "operatingIncome": "7338000", "sellingGeneralAndAdministrative": "26325000", "researchAndDevelopment": "None", "operatingExpenses": "27176000", "investmentIncomeNet": "None", "netInterestIncome": "-98000", "interestIncome": "1045000", "interestExpense": "1147000", "nonInterestIncome": "None", "otherNonOperatingIncome": "None", "depreciation": "None", "depreciationAndAmortization": "5473000", "incomeBeforeTax": "6535000", "incomeTaxExpense": "510000", "interestAndDebtExpense": "None", "netIncomeFromContinuingOperations": "6025000", "comprehensiveIncomeNetOfTax": "None", "ebit": "8392000", "ebitda": "13865000", "netIncome": "2853000"}, {"fiscalDateEnding": "2015-12-31", "reportedCurrency": "USD", "grossProfit": "23489000", "totalRevenue": "389632000", "costOfRevenue": "366143000", "costofGoodsAndServicesSold": "366143000", "operatingIncome": "-2585000", "sellingGeneralAndAdministrative": "26882000", "researchAndDevelopment": "None", "operatingExpenses": "27214000", "investmentIncomeNet": "None", "netInterestIncome": "None", "interestIncome": "5532000", "interestExpense": "1547000", "nonInterestIncome": "None", "otherNonOperatingIncome": "None", "depreciation": "None", "depreciationAndAmortization": "5634000", "incomeBeforeTax": "-8937000", "incomeTaxExpense": "661000", "interestAndDebtExpense": "None", "netIncomeFromContinuingOperations": "-9111000", "comprehensiveIncomeNetOfTax": "None", "ebit": "-6313000", "ebitda": "-679000", "netIncome": "-8158000"}, {"fiscalDateEnding": "2014-12-31", "reportedCurrency": "USD", "grossProfit": "36744000", "totalRevenue": "451327000", "costOfRevenue": "414583000", "costofGoodsAndServicesSold": "414583000", "operatingIncome": "5186000", "sellingGeneralAndAdministrative": "29479000", "researchAndDevelopment": "None", "operatingExpenses": "31558000", "investmentIncomeNet": "None", "netInterestIncome": "None", "interestIncome": "None", "interestExpense": "1697000", "nonInterestIncome": "None", "otherNonOperatingIncome": "None", "depreciation": "None", "depreciationAndAmortization": "6046000", "incomeBeforeTax": "5035000", "incomeTaxExpense": "2274000", "interestAndDebtExpense": "None", "netIncomeFromContinuingOperations": "3228000", "comprehensiveIncomeNetOfTax": "None", "ebit": "7129000", "ebitda": "13175000", "netIncome": "572000"}, {"fiscalDateEnding": "2013-12-31", "reportedCurrency": "USD", "grossProfit": "51816000", "totalRevenue": "460676000", "costOfRevenue": "408860000", "costofGoodsAndServicesSold": "408860000", "operatingIncome": "17242000", "sellingGeneralAndAdministrative": "34559000", "researchAndDevelopment": "None", "operatingExpenses": "34755000", "investmentIncomeNet": "None", "netInterestIncome": "None", "interestIncome": "None", "interestExpense": "1734000", "nonInterestIncome": "None", "otherNonOperatingIncome": "None", "depreciation": "None", "depreciationAndAmortization": "5659000", "incomeBeforeTax": "16784000", "incomeTaxExpense": "5518000", "interestAndDebtExpense": "None", "netIncomeFromContinuingOperations": "11266000", "comprehensiveIncomeNetOfTax": "None", "ebit": "18788000", "ebitda": "24447000", "netIncome": "5847000"}, {"fiscalDateEnding": "2012-12-31", "reportedCurrency": "USD", "grossProfit": "51815000", "totalRevenue": "462265000", "costOfRevenue": "410450000", "costofGoodsAndServicesSold": "410450000", "operatingIncome": "23593000", "sellingGeneralAndAdministrative": "888000", "researchAndDevelopment": "None", "operatingExpenses": "33682000", "investmentIncomeNet": "None", "netInterestIncome": "None", "interestIncome": "None", "interestExpense": "2195000", "nonInterestIncome": "None", "otherNonOperatingIncome": "None", "depreciation": "None", "depreciationAndAmortization": "4975000", "incomeBeforeTax": "27293000", "incomeTaxExpense": "8383000", "interestAndDebtExpense": "None", "netIncomeFromContinuingOperations": "None", "comprehensiveIncomeNetOfTax": "None", "ebit": "29509000", "ebitda": "34484000", "netIncome": "10949000"}, {"fiscalDateEnding": "2011-12-31", "reportedCurrency": "USD", "grossProfit": "43895000", "totalRevenue": "471946000", "costOfRevenue": "428051000", "costofGoodsAndServicesSold": "428051000", "operatingIncome": "1884000", "sellingGeneralAndAdministrative": "30760000", "researchAndDevelopment": "None", "operatingExpenses": "33220000", "investmentIncomeNet": "None", "netInterestIncome": "None", "interestIncome": "None", "interestExpense": "2217000", "nonInterestIncome": "None", "otherNonOperatingIncome": "None", "depreciation": "None", "depreciationAndAmortization": "6462000", "incomeBeforeTax": "636000", "incomeTaxExpense": "4566000", "interestAndDebtExpense": "None", "netIncomeFromContinuingOperations": "None", "comprehensiveIncomeNetOfTax": "None", "ebit": "2911000", "ebitda": "9373000", "netIncome": "-5439000"}, {"fiscalDateEnding": "2010-12-31", "reportedCurrency": "USD", "grossProfit": "61688000", "totalRevenue": "469330000", "costOfRevenue": "407642000", "costofGoodsAndServicesSold": "407642000", "operatingIncome": "30494000", "sellingGeneralAndAdministrative": "32511000", "researchAndDevelopment": "None", "operatingExpenses": "31194000", "investmentIncomeNet": "None", "netInterestIncome": "None", "interestIncome": "None", "interestExpense": "2561000", "nonInterestIncome": "None", "otherNonOperatingIncome": "None", "depreciation": "None", "depreciationAndAmortization": "6857000", "incomeBeforeTax": "32278000", "incomeTaxExpense": "6891000", "interestAndDebtExpense": "None", "netIncomeFromContinuingOperations": "None", "comprehensiveIncomeNetOfTax": "None", "ebit": "34860000", "ebitda": "41717000", "netIncome": "14140000"}, {"fiscalDateEnding": "2009-12-31", "reportedCurrency": "USD", "grossProfit": "46391000", "totalRevenue": "362231000", "costOfRevenue": "315840000", "costofGoodsAndServicesSold": "315840000", "operatingIncome": "18459000", "sellingGeneralAndAdministrative": "28715000", "researchAndDevelopment": "None", "operatingExpenses": "27855000", "investmentIncomeNet": "None", "netInterestIncome": "None", "interestIncome": "None", "interestExpense": "2597000", "nonInterestIncome": "None", "otherNonOperatingIncome": "None", "depreciation": "None", "depreciationAndAmortization": "8941000", "incomeBeforeTax": "19572000", "incomeTaxExpense": "5344000", "interestAndDebtExpense": "None", "netIncomeFromContinuingOperations": "None", "comprehensiveIncomeNetOfTax": "None", "ebit": "22209000", "ebitda": "31150000", "netIncome": "10089000"}, {"fiscalDateEnding": "2008-12-31", "reportedCurrency": "USD", "grossProfit": "12750000", "totalRevenue": "500798000", "costOfRevenue": "488048000", "costofGoodsAndServicesSold": "488048000", "operatingIncome": "-16294000", "sellingGeneralAndAdministrative": "29032000", "researchAndDevelopment": "None", "operatingExpenses": "29044000", "investmentIncomeNet": "None", "netInterestIncome": "None", "interestIncome": "None", "interestExpense": "5769000", "nonInterestIncome": "None", "otherNonOperatingIncome": "None", "depreciation": "None", "depreciationAndAmortization": "7646000", "incomeBeforeTax": "-20068000", "incomeTaxExpense": "2132000", "interestAndDebtExpense": "None", "netIncomeFromContinuingOperations": "None", "comprehensiveIncomeNetOfTax": "None", "ebit": "-14157000", "ebitda": "-6511000", "netIncome": "-13649000"}, {"fiscalDateEnding": "2007-12-31", "reportedCurrency": "USD", "grossProfit": "45676000", "totalRevenue": "510841000", "costOfRevenue": "465165000", "costofGoodsAndServicesSold": "465165000", "operatingIncome": "16225000", "sellingGeneralAndAdministrative": "29451000", "researchAndDevelopment": "None", "operatingExpenses": "29451000", "investmentIncomeNet": "None", "netInterestIncome": "None", "interestIncome": "None", "interestExpense": "7580000", "nonInterestIncome": "None", "otherNonOperatingIncome": "None", "depreciation": "None", "depreciationAndAmortization": "9079000", "incomeBeforeTax": "13160000", "incomeTaxExpense": "6298000", "interestAndDebtExpense": "None", "netIncomeFromContinuingOperations": "None", "comprehensiveIncomeNetOfTax": "None", "ebit": "16225000", "ebitda": "25304000", "netIncome": "4833000"}, {"fiscalDateEnding": "2006-12-31", "reportedCurrency": "USD", "grossProfit": "58415000", "totalRevenue": "468117000", "costOfRevenue": "409702000", "costofGoodsAndServicesSold": "409702000", "operatingIncome": "29682000", "sellingGeneralAndAdministrative": "28537000", "researchAndDevelopment": "None", "operatingExpenses": "28733000", "investmentIncomeNet": "None", "netInterestIncome": "None", "interestIncome": "None", "interestExpense": "0", "nonInterestIncome": "None", "otherNonOperatingIncome": "None", "depreciation": "None", "depreciationAndAmortization": "8989000", "incomeBeforeTax": "32560000", "incomeTaxExpense": "10257000", "interestAndDebtExpense": "None", "netIncomeFromContinuingOperations": "None", "comprehensiveIncomeNetOfTax": "None", "ebit": "29682000", "ebitda": "38671000", "netIncome": "12973000"}, {"fiscalDateEnding": "2005-12-31", "reportedCurrency": "USD", "grossProfit": "36807000", "totalRevenue": "337262000", "costOfRevenue": "300455000", "costofGoodsAndServicesSold": "300455000", "operatingIncome": "10053000", "sellingGeneralAndAdministrative": "26754000", "researchAndDevelopment": "None", "operatingExpenses": "26754000", "investmentIncomeNet": "None", "netInterestIncome": "None", "interestIncome": "None", "interestExpense": "3427000", "nonInterestIncome": "None", "otherNonOperatingIncome": "None", "depreciation": "None", "depreciationAndAmortization": "9429000", "incomeBeforeTax": "1686000", "incomeTaxExpense": "3860000", "interestAndDebtExpense": "None", "netIncomeFromContinuingOperations": "None", "comprehensiveIncomeNetOfTax": "None", "ebit": "5113000", "ebitda": "14542000", "netIncome": "-4957000"}], "quarterlyReports": [{"fiscalDateEnding": "2025-09-30", "reportedCurrency": "USD", "grossProfit": "11128000", "totalRevenue": "128399000", "costOfRevenue": "117271000", "costofGoodsAndServicesSold": "117271000", "operatingIncome": "3800000", "sellingGeneralAndAdministrative": "7302000", "researchAndDevelopment": "None", "operatingExpenses": "7328000", "investmentIncomeNet": "None", "netInterestIncome": "-488000", "interestIncome": "41000", "interestExpense": "529000", "nonInterestIncome": "None", "otherNonOperatingIncome": "None", "depreciation": "None", "depreciationAndAmortization": "1314000", "incomeBeforeTax": "3576000", "incomeTaxExpense": "1088000", "interestAndDebtExpense": "None", "netIncomeFromContinuingOperations": "2488000", "comprehensiveIncomeNetOfTax": "None", "ebit": "4105000", "ebitda": "5419000", "netIncome": "1061000"}, {"fiscalDateEnding": "2025-06-30", "reportedCurrency": "USD", "grossProfit": "8608000", "totalRevenue": "126906000", "costOfRevenue": "118298000", "costofGoodsAndServicesSold": "118298000", "operatingIncome": "2482000", "sellingGeneralAndAdministrative": "6434000", "researchAndDevelopment": "None", "operatingExpenses": "6126000", "investmentIncomeNet": "None", "netInterestIncome": "-519000", "interestIncome": "44000", "interestExpense": "563000", "nonInterestIncome": "None", "otherNonOperatingIncome": "None", "depreciation": "None", "depreciationAndAmortization": "1314000", "incomeBeforeTax": "2121000", "incomeTaxExpense": "762000", "interestAndDebtExpense": "None", "netIncomeFromContinuingOperations": "1359000", "comprehensiveIncomeNetOfTax": "None", "ebit": "2684000", "ebitda": "3998000", "netIncome": "578000"}, {"fiscalDateEnding": "2025-03-31", "reportedCurrency": "None", "grossProfit": "6136500", "totalRevenue": "113746500", "costOfRevenue": "107610000", "costofGoodsAndServicesSold": "107610000", "operatingIncome": "-127500", "sellingGeneralAndAdministrative": "None", "researchAndDevelopment": "None", "operatingExpenses": "6264000", "investmentIncomeNet": "None", "netInterestIncome": "None", "interestIncome": "None", "interestExpense": "455500", "nonInterestIncome": "None", "otherNonOperatingIncome": "None", "depreciation": "None", "depreciationAndAmortization": "1314000", "incomeBeforeTax": "-268000", "incomeTaxExpense": "200500", "interestAndDebtExpense": "None", "netIncomeFromContinuingOperations": "None", "comprehensiveIncomeNetOfTax": "None", "ebit": "-127500", "ebitda": "1186500", "netIncome": "-450500"}, {"fiscalDateEnding": "2024-12-31", "reportedCurrency": "USD", "grossProfit": "12360000", "totalRevenue": "136109000", "costOfRevenue": "123749000", "costofGoodsAndServicesSold": "123749000", "operatingIncome": "5531000", "sellingGeneralAndAdministrative": "6810000", "researchAndDevelopment": "None", "operatingExpenses": "6829000", "investmentIncomeNet": "None", "netInterestIncome": "-431000", "interestIncome": "45000", "interestExpense": "340000", "nonInterestIncome": "None", "otherNonOperatingIncome": "None", "depreciation": "None", "depreciationAndAmortization": "1314000", "incomeBeforeTax": "5552000", "incomeTaxExpense": "1456000", "interestAndDebtExpense": "None", "netIncomeFromContinuingOperations": "4096000", "comprehensiveIncomeNetOfTax": "None", "ebit": "4710000", "ebitda": "5892000", "netIncome": "2588000"}, {"fiscalDateEnding": "2024-09-30", "reportedCurrency": "USD", "grossProfit": "9253000", "totalRevenue": "122233000", "costOfRevenue": "112980000", "costofGoodsAndServicesSold": "112980000", "operatingIncome": "3236000", "sellingGeneralAndAdministrative": "6574000", "researchAndDevelopment": "None", "operatingExpenses": "6017000", "investmentIncomeNet": "None", "netInterestIncome": "-597000", "interestIncome": "66000", "interestExpense": "663000", "nonInterestIncome": "None", "otherNonOperatingIncome": "None", "depreciation": "None", "depreciationAndAmortization": "1341750", "incomeBeforeTax": "3468000", "incomeTaxExpense": "956000", "interestAndDebtExpense": "None", "netIncomeFromContinuingOperations": "2512000", "comprehensiveIncomeNetOfTax": "None", "ebit": "2485000", "ebitda": "4131000", "netIncome": "1408000"}, {"fiscalDateEnding": "2024-06-30", "reportedCurrency": "USD", "grossProfit": "6741000", "totalRevenue": "107165000", "costOfRevenue": "100424000", "costofGoodsAndServicesSold": "100424000", "operatingIncome": "620500", "sellingGeneralAndAdministrative": "6215000", "researchAndDevelopment": "None", "operatingExpenses": "6120500", "investmentIncomeNet": "None", "netInterestIncome": "-552000", "interestIncome": "55000", "interestExpense": "607000", "nonInterestIncome": "None", "otherNonOperatingIncome": "None", "depreciation": "None", "depreciationAndAmortization": "1341750", "incomeBeforeTax": "178500", "incomeTaxExpense": "198500", "interestAndDebtExpense": "None", "netIncomeFromContinuingOperations": "-746000", "comprehensiveIncomeNetOfTax": "None", "ebit": "996000", "ebitda": "2337750", "netIncome": "-255000"}, {"fiscalDateEnding": "2024-03-31", "reportedCurrency": "None", "grossProfit": "6741000", "totalRevenue": "107165000", "costOfRevenue": "100424000", "costofGoodsAndServicesSold": "100424000", "operatingIncome": "620500", "sellingGeneralAndAdministrative": "None", "researchAndDevelopment": "None", "operatingExpenses": "6120500", "investmentIncomeNet": "None", "netInterestIncome": "None", "interestIncome": "None", "interestExpense": "713000", "nonInterestIncome": "None", "otherNonOperatingIncome": "None", "depreciation": "None", "depreciationAndAmortization": "1341750", "incomeBeforeTax": "178500", "incomeTaxExpense": "198500", "interestAndDebtExpense": "None", "netIncomeFromContinuingOperations": "None", "comprehensiveIncomeNetOfTax": "None", "ebit": "996000", "ebitda": "2337750", "netIncome": "-255000"}, {"fiscalDateEnding": "2023-12-31", "reportedCurrency": "USD", "grossProfit": "9614000", "totalRevenue": "100732000", "costOfRevenue": "91118000", "costofGoodsAndServicesSold": "91118000", "operatingIncome": "2889000", "sellingGeneralAndAdministrative": "6618000", "researchAndDevelopment": "None", "operatingExpenses": "6725000", "investmentIncomeNet": "None", "netInterestIncome": "-645000", "interestIncome": "68000", "interestExpense": "620000", "nonInterestIncome": "None", "otherNonOperatingIncome": "None", "depreciation": "None", "depreciationAndAmortization": "1277000", "incomeBeforeTax": "1938000", "incomeTaxExpense": "273000", "interestAndDebtExpense": "None", "netIncomeFromContinuingOperations": "1106000", "comprehensiveIncomeNetOfTax": "None", "ebit": "2558000", "ebitda": "2558000", "netIncome": "1101000"}, {"fiscalDateEnding": "2023-09-30", "reportedCurrency": "USD", "grossProfit": "9614000", "totalRevenue": "100732000", "costOfRevenue": "91118000", "costofGoodsAndServicesSold": "91118000", "operatingIncome": "2889000", "sellingGeneralAndAdministrative": "6864000", "researchAndDevelopment": "None", "operatingExpenses": "97843000", "investmentIncomeNet": "None", "netInterestIncome": "-570000", "interestIncome": "50000", "interestExpense": "620000", "nonInterestIncome": "None", "otherNonOperatingIncome": "None", "depreciation": "None", "depreciationAndAmortization": "None", "incomeBeforeTax": "1938000", "incomeTaxExpense": "None", "interestAndDebtExpense": "None", "netIncomeFromContinuingOperations": "1665000", "comprehensiveIncomeNetOfTax": "None", "ebit": "None", "ebitda": "None", "netIncome": "1101000"}, {"fiscalDateEnding": "2023-06-30", "reportedCurrency": "USD", "grossProfit": "3988500", "totalRevenue": "96739000", "costOfRevenue": "92750500", "costofGoodsAndServicesSold": "92750500", "operatingIncome": "-1389500", "sellingGeneralAndAdministrative": "None", "researchAndDevelopment": "None", "operatingExpenses": "5378000", "investmentIncomeNet": "None", "netInterestIncome": "None", "interestIncome": "None", "interestExpense": "None", "nonInterestIncome": "None", "otherNonOperatingIncome": "None", "depreciation": "None", "depreciationAndAmortization": "1277000", "incomeBeforeTax": "-1691000", "incomeTaxExpense": "-456500", "interestAndDebtExpense": "None", "netIncomeFromContinuingOperations": "None", "comprehensiveIncomeNetOfTax": "None", "ebit": "-1389500", "ebitda": "-112500", "netIncome": "7500"}, {"fiscalDateEnding": "2023-03-31", "reportedCurrency": "USD", "grossProfit": "3988500", "totalRevenue": "96739000", "costOfRevenue": "92750500", "costofGoodsAndServicesSold": "92750500", "operatingIncome": "-1389500", "sellingGeneralAndAdministrative": "None", "researchAndDevelopment": "None", "operatingExpenses": "5378000", "investmentIncomeNet": "None", "netInterestIncome": "None", "interestIncome": "None", "interestExpense": "526000", "nonInterestIncome": "None", "otherNonOperatingIncome": "None", "depreciation": "None", "depreciationAndAmortization": "1277000", "incomeBeforeTax": "-1691000", "incomeTaxExpense": "-456500", "interestAndDebtExpense": "None", "netIncomeFromContinuingOperations": "None", "comprehensiveIncomeNetOfTax": "None", "ebit": "-1389500", "ebitda": "-112500", "netIncome": "7500"}, {"fiscalDateEnding": "2022-12-31", "reportedCurrency": "USD", "grossProfit": "11063000", "totalRevenue": "123159000", "costOfRevenue": "112096000", "costofGoodsAndServicesSold": "112096000", "operatingIncome": "4249000", "sellingGeneralAndAdministrative": "6389000", "researchAndDevelopment": "None", "operatingExpenses": "7072000", "investmentIncomeNet": "None", "netInterestIncome": "-488000", "interestIncome": "38000", "interestExpense": "364000", "nonInterestIncome": "None", "otherNonOperatingIncome": "None", "depreciation": "None", "depreciationAndAmortization": "-1699000", "incomeBeforeTax": "4411000", "incomeTaxExpense": "1108000", "interestAndDebtExpense": "None", "netIncomeFromContinuingOperations": "3303000", "comprehensiveIncomeNetOfTax": "None", "ebit": "4249000", "ebitda": "2550000", "netIncome": "3298000"}, {"fiscalDateEnding": "2022-09-30", "reportedCurrency": "USD", "grossProfit": "7974000", "totalRevenue": "103376000", "costOfRevenue": "95402000", "costofGoodsAndServicesSold": "95402000", "operatingIncome": "1999000", "sellingGeneralAndAdministrative": "6039000", "researchAndDevelopment": "None", "operatingExpenses": "5975000", "investmentIncomeNet": "None", "netInterestIncome": "-432000", "interestIncome": "30000", "interestExpense": "462000", "nonInterestIncome": "None", "otherNonOperatingIncome": "None", "depreciation": "None", "depreciationAndAmortization": "1196500", "incomeBeforeTax": "2080000", "incomeTaxExpense": "487000", "interestAndDebtExpense": "None", "netIncomeFromContinuingOperations": "1593000", "comprehensiveIncomeNetOfTax": "None", "ebit": "1999000", "ebitda": "2542000", "netIncome": "912000"}, {"fiscalDateEnding": "2022-06-30", "reportedCurrency": "USD", "grossProfit": "6746500", "totalRevenue": "103679000", "costOfRevenue": "96932500", "costofGoodsAndServicesSold": "96932500", "operatingIncome": "909500", "sellingGeneralAndAdministrative": "None", "researchAndDevelopment": "None", "operatingExpenses": "5837000", "investmentIncomeNet": "None", "netInterestIncome": "None", "interestIncome": "None", "interestExpense": "None", "nonInterestIncome": "None", "otherNonOperatingIncome": "None", "depreciation": "None", "depreciationAndAmortization": "1196500", "incomeBeforeTax": "537000", "incomeTaxExpense": "606500", "interestAndDebtExpense": "None", "netIncomeFromContinuingOperations": "None", "comprehensiveIncomeNetOfTax": "None", "ebit": "909500", "ebitda": "2106000", "netIncome": "-168000"}, {"fiscalDateEnding": "2022-03-31", "reportedCurrency": "USD", "grossProfit": "6746500", "totalRevenue": "103679000", "costOfRevenue": "96932500", "costofGoodsAndServicesSold": "96932500", "operatingIncome": "909500", "sellingGeneralAndAdministrative": "None", "researchAndDevelopment": "None", "operatingExpenses": "5837000", "investmentIncomeNet": "None", "netInterestIncome": "None", "interestIncome": "None", "interestExpense": "177000", "nonInterestIncome": "None", "otherNonOperatingIncome": "None", "depreciation": "None", "depreciationAndAmortization": "1196500", "incomeBeforeTax": "537000", "incomeTaxExpense": "606500", "interestAndDebtExpense": "None", "netIncomeFromContinuingOperations": "None", "comprehensiveIncomeNetOfTax": "None", "ebit": "909500", "ebitda": "2106000", "netIncome": "-168000"}, {"fiscalDateEnding": "2021-12-31", "reportedCurrency": "USD", "grossProfit": "-4297000", "totalRevenue": "145944000", "costOfRevenue": "150241000", "costofGoodsAndServicesSold": "150241000", "operatingIncome": "-11454000", "sellingGeneralAndAdministrative": "7274000", "researchAndDevelopment": "None", "operatingExpenses": "7157000", "investmentIncomeNet": "None", "netInterestIncome": "-301000", "interestIncome": "30000", "interestExpense": "177000", "nonInterestIncome": "None", "otherNonOperatingIncome": "None", "depreciation": "None", "depreciationAndAmortization": "1196500", "incomeBeforeTax": "-11422000", "incomeTaxExpense": "-4193000", "interestAndDebtExpense": "None", "netIncomeFromContinuingOperations": "-7229000", "comprehensiveIncomeNetOfTax": "None", "ebit": "-11245000", "ebitda": "-11245000", "netIncome": "-1243000"}, {"fiscalDateEnding": "2021-09-30", "reportedCurrency": "USD", "grossProfit": "7580000", "totalRevenue": "105433000", "costOfRevenue": "97853000", "costofGoodsAndServicesSold": "97853000", "operatingIncome": "1517000", "sellingGeneralAndAdministrative": "None", "researchAndDevelopment": "None", "operatingExpenses": "6063000", "investmentIncomeNet": "None", "netInterestIncome": "None", "interestIncome": "None", "interestExpense": "337000", "nonInterestIncome": "None", "otherNonOperatingIncome": "None", "depreciation": "None", "depreciationAndAmortization": "1329500", "incomeBeforeTax": "-845000", "incomeTaxExpense": "1110000", "interestAndDebtExpense": "None", "netIncomeFromContinuingOperations": "None", "comprehensiveIncomeNetOfTax": "None", "ebit": "-508000", "ebitda": "-508000", "netIncome": "-1283000"}, {"fiscalDateEnding": "2021-06-30", "reportedCurrency": "USD", "grossProfit": "8934000", "totalRevenue": "112641000", "costOfRevenue": "103707000", "costofGoodsAndServicesSold": "103707000", "operatingIncome": "2482000", "sellingGeneralAndAdministrative": "None", "researchAndDevelopment": "None", "operatingExpenses": "6452000", "investmentIncomeNet": "None", "netInterestIncome": "None", "interestIncome": "None", "interestExpense": "None", "nonInterestIncome": "None", "otherNonOperatingIncome": "None", "depreciation": "None", "depreciationAndAmortization": "1329500", "incomeBeforeTax": "1205000", "incomeTaxExpense": "869000", "interestAndDebtExpense": "None", "netIncomeFromContinuingOperations": "None", "comprehensiveIncomeNetOfTax": "None", "ebit": "2482000", "ebitda": "3811500", "netIncome": "-58000"}, {"fiscalDateEnding": "2021-03-31", "reportedCurrency": "USD", "grossProfit": "8934000", "totalRevenue": "112641000", "costOfRevenue": "103707000", "costofGoodsAndServicesSold": "103707000", "operatingIncome": "2482000", "sellingGeneralAndAdministrative": "None", "researchAndDevelopment": "None", "operatingExpenses": "6452000", "investmentIncomeNet": "None", "netInterestIncome": "None", "interestIncome": "None", "interestExpense": "181000", "nonInterestIncome": "None", "otherNonOperatingIncome": "None", "depreciation": "None", "depreciationAndAmortization": "1329500", "incomeBeforeTax": "1205000", "incomeTaxExpense": "869000", "interestAndDebtExpense": "None", "netIncomeFromContinuingOperations": "None", "comprehensiveIncomeNetOfTax": "None", "ebit": "2482000", "ebitda": "3811500", "netIncome": "-58000"}, {"fiscalDateEnding": "2020-12-31", "reportedCurrency": "USD", "grossProfit": "8934000", "totalRevenue": "112641000", "costOfRevenue": "103707000", "costofGoodsAndServicesSold": "103707000", "operatingIncome": "2482000", "sellingGeneralAndAdministrative": "8830000", "researchAndDevelopment": "None", "operatingExpenses": "7475499", "investmentIncomeNet": "None", "netInterestIncome": "-89000", "interestIncome": "92000", "interestExpense": "52000", "nonInterestIncome": "None", "otherNonOperatingIncome": "None", "depreciation": "None", "depreciationAndAmortization": "1329500", "incomeBeforeTax": "1205000", "incomeTaxExpense": "869000", "interestAndDebtExpense": "None", "netIncomeFromContinuingOperations": "473000", "comprehensiveIncomeNetOfTax": "None", "ebit": "2482000", "ebitda": "3811500", "netIncome": "-58000"}, {"fiscalDateEnding": "2020-09-30", "reportedCurrency": "USD", "grossProfit": "11937000", "totalRevenue": "79590000", "costOfRevenue": "67653000", "costofGoodsAndServicesSold": "67653000", "operatingIncome": "5673000", "sellingGeneralAndAdministrative": "6332000", "researchAndDevelopment": "None", "operatingExpenses": "6264000", "investmentIncomeNet": "None", "netInterestIncome": "-143000", "interestIncome": "50000", "interestExpense": "193000", "nonInterestIncome": "None", "otherNonOperatingIncome": "None", "depreciation": "None", "depreciationAndAmortization": "1191750", "incomeBeforeTax": "5083000", "incomeTaxExpense": "1875000", "interestAndDebtExpense": "None", "netIncomeFromContinuingOperations": "3208000", "comprehensiveIncomeNetOfTax": "None", "ebit": "5276000", "ebitda": "5276000", "netIncome": "1175000"}, {"fiscalDateEnding": "2020-06-30", "reportedCurrency": "USD", "grossProfit": "6035000", "totalRevenue": "63807000", "costOfRevenue": "57772000", "costofGoodsAndServicesSold": "57772000", "operatingIncome": "132000", "sellingGeneralAndAdministrative": "11844000", "researchAndDevelopment": "None", "operatingExpenses": "5903000", "investmentIncomeNet": "None", "netInterestIncome": "None", "interestIncome": "None", "interestExpense": "96000", "nonInterestIncome": "None", "otherNonOperatingIncome": "None", "depreciation": "None", "depreciationAndAmortization": "1288500", "incomeBeforeTax": "400000", "incomeTaxExpense": "567000", "interestAndDebtExpense": "None", "netIncomeFromContinuingOperations": "None", "comprehensiveIncomeNetOfTax": "None", "ebit": "132000", "ebitda": "1420500", "netIncome": "-590000"}, {"fiscalDateEnding": "2020-03-31", "reportedCurrency": "USD", "grossProfit": "6035000", "totalRevenue": "63807000", "costOfRevenue": "57772000", "costofGoodsAndServicesSold": "57772000", "operatingIncome": "132000", "sellingGeneralAndAdministrative": "6026000", "researchAndDevelopment": "None", "operatingExpenses": "5903000", "investmentIncomeNet": "None", "netInterestIncome": "None", "interestIncome": "None", "interestExpense": "191000", "nonInterestIncome": "None", "otherNonOperatingIncome": "None", "depreciation": "None", "depreciationAndAmortization": "1288500", "incomeBeforeTax": "400000", "incomeTaxExpense": "567000", "interestAndDebtExpense": "None", "netIncomeFromContinuingOperations": "None", "comprehensiveIncomeNetOfTax": "None", "ebit": "132000", "ebitda": "1420500", "netIncome": "-590000"}, {"fiscalDateEnding": "2019-12-31", "reportedCurrency": "USD", "grossProfit": "6035000", "totalRevenue": "63807000", "costOfRevenue": "57772000", "costofGoodsAndServicesSold": "57772000", "operatingIncome": "132000", "sellingGeneralAndAdministrative": "6026000", "researchAndDevelopment": "None", "operatingExpenses": "5539000", "investmentIncomeNet": "None", "netInterestIncome": "-78000", "interestIncome": "113000", "interestExpense": "24000", "nonInterestIncome": "None", "otherNonOperatingIncome": "None", "depreciation": "None", "depreciationAndAmortization": "1288500", "incomeBeforeTax": "400000", "incomeTaxExpense": "567000", "interestAndDebtExpense": "None", "netIncomeFromContinuingOperations": "1310000", "comprehensiveIncomeNetOfTax": "None", "ebit": "132000", "ebitda": "1420500", "netIncome": "-590000"}, {"fiscalDateEnding": "2019-09-30", "reportedCurrency": "USD", "grossProfit": "5906000", "totalRevenue": "89057000", "costOfRevenue": "83151000", "costofGoodsAndServicesSold": "83151000", "operatingIncome": "421000", "sellingGeneralAndAdministrative": "5894000", "researchAndDevelopment": "None", "operatingExpenses": "5485000", "investmentIncomeNet": "None", "netInterestIncome": "-143000", "interestIncome": "116000", "interestExpense": "259000", "nonInterestIncome": "None", "otherNonOperatingIncome": "None", "depreciation": "None", "depreciationAndAmortization": "1234000", "incomeBeforeTax": "1180000", "incomeTaxExpense": "1127000", "interestAndDebtExpense": "None", "netIncomeFromContinuingOperations": "53000", "comprehensiveIncomeNetOfTax": "None", "ebit": "421000", "ebitda": "1655000", "netIncome": "-251000"}, {"fiscalDateEnding": "2019-06-30", "reportedCurrency": "USD", "grossProfit": "3208000", "totalRevenue": "79001000", "costOfRevenue": "75793000", "costofGoodsAndServicesSold": "75793000", "operatingIncome": "-3289000", "sellingGeneralAndAdministrative": "6744000", "researchAndDevelopment": "None", "operatingExpenses": "6497000", "investmentIncomeNet": "None", "netInterestIncome": "-138000", "interestIncome": "138000", "interestExpense": "276000", "nonInterestIncome": "None", "otherNonOperatingIncome": "None", "depreciation": "None", "depreciationAndAmortization": "1234000", "incomeBeforeTax": "-2525000", "incomeTaxExpense": "-593000", "interestAndDebtExpense": "None", "netIncomeFromContinuingOperations": "-1932000", "comprehensiveIncomeNetOfTax": "None", "ebit": "-3289000", "ebitda": "-2055000", "netIncome": "-1056000"}, {"fiscalDateEnding": "2019-03-31", "reportedCurrency": "USD", "grossProfit": "5960000", "totalRevenue": "81601000", "costOfRevenue": "75641000", "costofGoodsAndServicesSold": "75641000", "operatingIncome": "-185000", "sellingGeneralAndAdministrative": "6387000", "researchAndDevelopment": "None", "operatingExpenses": "6145000", "investmentIncomeNet": "None", "netInterestIncome": "-147000", "interestIncome": "313000", "interestExpense": "286000", "nonInterestIncome": "None", "otherNonOperatingIncome": "None", "depreciation": "None", "depreciationAndAmortization": "1234000", "incomeBeforeTax": "48000", "incomeTaxExpense": "430000", "interestAndDebtExpense": "None", "netIncomeFromContinuingOperations": "-382000", "comprehensiveIncomeNetOfTax": "None", "ebit": "-185000", "ebitda": "1049000", "netIncome": "-667000"}, {"fiscalDateEnding": "2018-12-31", "reportedCurrency": "USD", "grossProfit": "7793000", "totalRevenue": "101159000", "costOfRevenue": "93366000", "costofGoodsAndServicesSold": "93366000", "operatingIncome": "1581000", "sellingGeneralAndAdministrative": "6441000", "researchAndDevelopment": "None", "operatingExpenses": "6212000", "investmentIncomeNet": "None", "netInterestIncome": "None", "interestIncome": "98000", "interestExpense": "382000", "nonInterestIncome": "None", "otherNonOperatingIncome": "None", "depreciation": "None", "depreciationAndAmortization": "-348000", "incomeBeforeTax": "2444000", "incomeTaxExpense": "777000", "interestAndDebtExpense": "None", "netIncomeFromContinuingOperations": "1288000", "comprehensiveIncomeNetOfTax": "None", "ebit": "3174000", "ebitda": "2826000", "netIncome": "728000"}, {"fiscalDateEnding": "2018-09-30", "reportedCurrency": "USD", "grossProfit": "7793000", "totalRevenue": "101159000", "costOfRevenue": "93366000", "costofGoodsAndServicesSold": "93366000", "operatingIncome": "1581000", "sellingGeneralAndAdministrative": "6441000", "researchAndDevelopment": "None", "operatingExpenses": "6212000", "investmentIncomeNet": "None", "netInterestIncome": "None", "interestIncome": "None", "interestExpense": "382000", "nonInterestIncome": "None", "otherNonOperatingIncome": "None", "depreciation": "None", "depreciationAndAmortization": "-348000", "incomeBeforeTax": "2444000", "incomeTaxExpense": "777000", "interestAndDebtExpense": "None", "netIncomeFromContinuingOperations": "1667000", "comprehensiveIncomeNetOfTax": "None", "ebit": "1581000", "ebitda": "1233000", "netIncome": "728000"}, {"fiscalDateEnding": "2018-06-30", "reportedCurrency": "USD", "grossProfit": "11310000", "totalRevenue": "111239000", "costOfRevenue": "99929000", "costofGoodsAndServicesSold": "99929000", "operatingIncome": "5006000", "sellingGeneralAndAdministrative": "6363000", "researchAndDevelopment": "None", "operatingExpenses": "6304000", "investmentIncomeNet": "None", "netInterestIncome": "None", "interestIncome": "None", "interestExpense": "354000", "nonInterestIncome": "None", "otherNonOperatingIncome": "None", "depreciation": "None", "depreciationAndAmortization": "530000", "incomeBeforeTax": "4904000", "incomeTaxExpense": "1507000", "interestAndDebtExpense": "None", "netIncomeFromContinuingOperations": "3397000", "comprehensiveIncomeNetOfTax": "None", "ebit": "4728000", "ebitda": "5258000", "netIncome": "1762000"}, {"fiscalDateEnding": "2018-03-31", "reportedCurrency": "USD", "grossProfit": "7935000", "totalRevenue": "106076000", "costOfRevenue": "98141000", "costofGoodsAndServicesSold": "98141000", "operatingIncome": "1766000", "sellingGeneralAndAdministrative": "6449000", "researchAndDevelopment": "None", "operatingExpenses": "6169000", "investmentIncomeNet": "None", "netInterestIncome": "None", "interestIncome": "None", "interestExpense": "333000", "nonInterestIncome": "None", "otherNonOperatingIncome": "None", "depreciation": "None", "depreciationAndAmortization": "222000", "incomeBeforeTax": "2000000", "incomeTaxExpense": "906000", "interestAndDebtExpense": "None", "netIncomeFromContinuingOperations": "1094000", "comprehensiveIncomeNetOfTax": "None", "ebit": "2111000", "ebitda": "2333000", "netIncome": "86000"}, {"fiscalDateEnding": "2017-12-31", "reportedCurrency": "USD", "grossProfit": "17655000", "totalRevenue": "140900000", "costOfRevenue": "123245000", "costofGoodsAndServicesSold": "123245000", "operatingIncome": "6509000", "sellingGeneralAndAdministrative": "8955000", "researchAndDevelopment": "0", "operatingExpenses": "8874000", "investmentIncomeNet": "None", "netInterestIncome": "None", "interestIncome": "None", "interestExpense": "389000", "nonInterestIncome": "None", "otherNonOperatingIncome": "None", "depreciation": "None", "depreciationAndAmortization": "2228000", "incomeBeforeTax": "6778000", "incomeTaxExpense": "1691000", "interestAndDebtExpense": "None", "netIncomeFromContinuingOperations": "5087000", "comprehensiveIncomeNetOfTax": "None", "ebit": "4684000", "ebitda": "6912000", "netIncome": "3150000"}, {"fiscalDateEnding": "2017-09-30", "reportedCurrency": "USD", "grossProfit": "8140000", "totalRevenue": "101522000", "costOfRevenue": "93382000", "costofGoodsAndServicesSold": "93382000", "operatingIncome": "2882000", "sellingGeneralAndAdministrative": "6228000", "researchAndDevelopment": "0", "operatingExpenses": "6411000", "investmentIncomeNet": "None", "netInterestIncome": "None", "interestIncome": "None", "interestExpense": "305000", "nonInterestIncome": "None", "otherNonOperatingIncome": "None", "depreciation": "None", "depreciationAndAmortization": "-1053000", "incomeBeforeTax": "3430000", "incomeTaxExpense": "1360000", "interestAndDebtExpense": "None", "netIncomeFromContinuingOperations": "40871000", "comprehensiveIncomeNetOfTax": "None", "ebit": "2882000", "ebitda": "1829000", "netIncome": "570000"}, {"fiscalDateEnding": "2017-06-30", "reportedCurrency": "USD", "grossProfit": "6743000", "totalRevenue": "94884000", "costOfRevenue": "88141000", "costofGoodsAndServicesSold": "88141000", "operatingIncome": "1108000", "sellingGeneralAndAdministrative": "6125000", "researchAndDevelopment": "0", "operatingExpenses": "11155000", "investmentIncomeNet": "None", "netInterestIncome": "None", "interestIncome": "None", "interestExpense": "270000", "nonInterestIncome": "None", "otherNonOperatingIncome": "None", "depreciation": "None", "depreciationAndAmortization": "-4412000", "incomeBeforeTax": "1833000", "incomeTaxExpense": "1189000", "interestAndDebtExpense": "None", "netIncomeFromContinuingOperations": "-27991000", "comprehensiveIncomeNetOfTax": "None", "ebit": "1108000", "ebitda": "-3304000", "netIncome": "200000"}, {"fiscalDateEnding": "2017-03-31", "reportedCurrency": "USD", "grossProfit": "7150000", "totalRevenue": "87909000", "costOfRevenue": "80759000", "costofGoodsAndServicesSold": "80759000", "operatingIncome": "6116000", "sellingGeneralAndAdministrative": "5940000", "researchAndDevelopment": "0", "operatingExpenses": "1034000", "investmentIncomeNet": "None", "netInterestIncome": "None", "interestIncome": "None", "interestExpense": "257000", "nonInterestIncome": "None", "otherNonOperatingIncome": "None", "depreciation": "None", "depreciationAndAmortization": "-440000", "incomeBeforeTax": "6627000", "incomeTaxExpense": "900000", "interestAndDebtExpense": "None", "netIncomeFromContinuingOperations": "5727000", "comprehensiveIncomeNetOfTax": "None", "ebit": "7324000", "ebitda": "6884000", "netIncome": "4800000"}, {"fiscalDateEnding": "2016-12-31", "reportedCurrency": "USD", "grossProfit": "9542000", "totalRevenue": "109944000", "costOfRevenue": "100402000", "costofGoodsAndServicesSold": "100402000", "operatingIncome": "-793000", "sellingGeneralAndAdministrative": "7993000", "researchAndDevelopment": "0", "operatingExpenses": "8254000", "investmentIncomeNet": "None", "netInterestIncome": "None", "interestIncome": "None", "interestExpense": "86000", "nonInterestIncome": "None", "otherNonOperatingIncome": "None", "depreciation": "None", "depreciationAndAmortization": "1983000", "incomeBeforeTax": "-1377000", "incomeTaxExpense": "1255000", "interestAndDebtExpense": "None", "netIncomeFromContinuingOperations": "6025000", "comprehensiveIncomeNetOfTax": "None", "ebit": "-793000", "ebitda": "1190000", "netIncome": "-2289000"}, {"fiscalDateEnding": "2016-09-30", "reportedCurrency": "USD", "grossProfit": "8406000", "totalRevenue": "106626000", "costOfRevenue": "98220000", "costofGoodsAndServicesSold": "98220000", "operatingIncome": "2498000", "sellingGeneralAndAdministrative": "5672000", "researchAndDevelopment": "0", "operatingExpenses": "6098000", "investmentIncomeNet": "None", "netInterestIncome": "None", "interestIncome": "None", "interestExpense": "316000", "nonInterestIncome": "None", "otherNonOperatingIncome": "None", "depreciation": "None", "depreciationAndAmortization": "-238000", "incomeBeforeTax": "2394000", "incomeTaxExpense": "-535000", "interestAndDebtExpense": "None", "netIncomeFromContinuingOperations": "0", "comprehensiveIncomeNetOfTax": "None", "ebit": "2498000", "ebitda": "2260000", "netIncome": "1915000"}, {"fiscalDateEnding": "2016-06-30", "reportedCurrency": "USD", "grossProfit": "7546000", "totalRevenue": "89340000", "costOfRevenue": "81794000", "costofGoodsAndServicesSold": "81794000", "operatingIncome": "5310000", "sellingGeneralAndAdministrative": "6796000", "researchAndDevelopment": "0", "operatingExpenses": "2866000", "investmentIncomeNet": "None", "netInterestIncome": "None", "interestIncome": "None", "interestExpense": "284000", "nonInterestIncome": "None", "otherNonOperatingIncome": "None", "depreciation": "None", "depreciationAndAmortization": "1399500", "incomeBeforeTax": "4938000", "incomeTaxExpense": "118000", "interestAndDebtExpense": "None", "netIncomeFromContinuingOperations": "0", "comprehensiveIncomeNetOfTax": "None", "ebit": "5310000", "ebitda": "6709500", "netIncome": "2891000"}, {"fiscalDateEnding": "2016-03-31", "reportedCurrency": "USD", "grossProfit": "6114000", "totalRevenue": "78655000", "costOfRevenue": "72541000", "costofGoodsAndServicesSold": "72541000", "operatingIncome": "323000", "sellingGeneralAndAdministrative": "7996000", "researchAndDevelopment": "0", "operatingExpenses": "5378000", "investmentIncomeNet": "None", "netInterestIncome": "None", "interestIncome": "None", "interestExpense": "77000", "nonInterestIncome": "None", "otherNonOperatingIncome": "None", "depreciation": "None", "depreciationAndAmortization": "1399500", "incomeBeforeTax": "580000", "incomeTaxExpense": "-328000", "interestAndDebtExpense": "None", "netIncomeFromContinuingOperations": "0", "comprehensiveIncomeNetOfTax": "None", "ebit": "323000", "ebitda": "1722500", "netIncome": "336000"}, {"fiscalDateEnding": "2015-12-31", "reportedCurrency": "USD", "grossProfit": "6753000", "totalRevenue": "98553000", "costOfRevenue": "91800000", "costofGoodsAndServicesSold": "91800000", "operatingIncome": "-380000", "sellingGeneralAndAdministrative": "7996000", "researchAndDevelopment": "0", "operatingExpenses": "8273000", "investmentIncomeNet": "None", "netInterestIncome": "None", "interestIncome": "None", "interestExpense": "324000", "nonInterestIncome": "None", "otherNonOperatingIncome": "None", "depreciation": "None", "depreciationAndAmortization": "-1502000", "incomeBeforeTax": "-1897000", "incomeTaxExpense": "216000", "interestAndDebtExpense": "None", "netIncomeFromContinuingOperations": "-9111000", "comprehensiveIncomeNetOfTax": "None", "ebit": "-314000", "ebitda": "-1816000", "netIncome": "-2035000"}, {"fiscalDateEnding": "2015-09-30", "reportedCurrency": "USD", "grossProfit": "5722000", "totalRevenue": "102104000", "costOfRevenue": "96382000", "costofGoodsAndServicesSold": "96382000", "operatingIncome": "-252000", "sellingGeneralAndAdministrative": "5870000", "researchAndDevelopment": "0", "operatingExpenses": "5889000", "investmentIncomeNet": "None", "netInterestIncome": "None", "interestIncome": "None", "interestExpense": "403000", "nonInterestIncome": "None", "otherNonOperatingIncome": "None", "depreciation": "None", "depreciationAndAmortization": "144000", "incomeBeforeTax": "-3586000", "incomeTaxExpense": "-320000", "interestAndDebtExpense": "None", "netIncomeFromContinuingOperations": "0", "comprehensiveIncomeNetOfTax": "None", "ebit": "-3263000", "ebitda": "-3119000", "netIncome": "-2498000"}, {"fiscalDateEnding": "2015-06-30", "reportedCurrency": "USD", "grossProfit": "6257000", "totalRevenue": "100737000", "costOfRevenue": "94480000", "costofGoodsAndServicesSold": "94480000", "operatingIncome": "-523000", "sellingGeneralAndAdministrative": "13052000", "researchAndDevelopment": "0", "operatingExpenses": "8133000", "investmentIncomeNet": "None", "netInterestIncome": "None", "interestIncome": "None", "interestExpense": "820000", "nonInterestIncome": "None", "otherNonOperatingIncome": "None", "depreciation": "None", "depreciationAndAmortization": "1503750", "incomeBeforeTax": "-2064000", "incomeTaxExpense": "315000", "interestAndDebtExpense": "None", "netIncomeFromContinuingOperations": "0", "comprehensiveIncomeNetOfTax": "None", "ebit": "-523000", "ebitda": "980750", "netIncome": "-1562000"}, {"fiscalDateEnding": "2015-03-31", "reportedCurrency": "USD", "grossProfit": "4757000", "totalRevenue": "88238000", "costOfRevenue": "83481000", "costofGoodsAndServicesSold": "83481000", "operatingIncome": "-1430000", "sellingGeneralAndAdministrative": "8879000", "researchAndDevelopment": "None", "operatingExpenses": "5964000", "investmentIncomeNet": "None", "netInterestIncome": "None", "interestIncome": "None", "interestExpense": "485000", "nonInterestIncome": "None", "otherNonOperatingIncome": "None", "depreciation": "None", "depreciationAndAmortization": "1503750", "incomeBeforeTax": "-1390000", "incomeTaxExpense": "450000", "interestAndDebtExpense": "None", "netIncomeFromContinuingOperations": "None", "comprehensiveIncomeNetOfTax": "None", "ebit": "-1430000", "ebitda": "73750", "netIncome": "-2063000"}, {"fiscalDateEnding": "2014-12-31", "reportedCurrency": "USD", "grossProfit": "7798000", "totalRevenue": "112455000", "costOfRevenue": "104657000", "costofGoodsAndServicesSold": "104657000", "operatingIncome": "-1135000", "sellingGeneralAndAdministrative": "8879000", "researchAndDevelopment": "0", "operatingExpenses": "8868000", "investmentIncomeNet": "None", "netInterestIncome": "None", "interestIncome": "None", "interestExpense": "161000", "nonInterestIncome": "None", "otherNonOperatingIncome": "None", "depreciation": "None", "depreciationAndAmortization": "37000", "incomeBeforeTax": "-1798000", "incomeTaxExpense": "-1680000", "interestAndDebtExpense": "None", "netIncomeFromContinuingOperations": "3228000", "comprehensiveIncomeNetOfTax": "None", "ebit": "-1135000", "ebitda": "-1098000", "netIncome": "307000"}, {"fiscalDateEnding": "2014-09-30", "reportedCurrency": "USD", "grossProfit": "10534000", "totalRevenue": "116567000", "costOfRevenue": "106033000", "costofGoodsAndServicesSold": "106033000", "operatingIncome": "3724000", "sellingGeneralAndAdministrative": "6833000", "researchAndDevelopment": "0", "operatingExpenses": "6939000", "investmentIncomeNet": "None", "netInterestIncome": "None", "interestIncome": "None", "interestExpense": "503000", "nonInterestIncome": "None", "otherNonOperatingIncome": "None", "depreciation": "None", "depreciationAndAmortization": "85000", "incomeBeforeTax": "3627000", "incomeTaxExpense": "1715000", "interestAndDebtExpense": "None", "netIncomeFromContinuingOperations": "0", "comprehensiveIncomeNetOfTax": "None", "ebit": "4045000", "ebitda": "4130000", "netIncome": "618000"}, {"fiscalDateEnding": "2014-06-30", "reportedCurrency": "USD", "grossProfit": "10028000", "totalRevenue": "112529000", "costOfRevenue": "102501000", "costofGoodsAndServicesSold": "102501000", "operatingIncome": "3070000", "sellingGeneralAndAdministrative": "7058000", "researchAndDevelopment": "0", "operatingExpenses": "6969000", "investmentIncomeNet": "None", "netInterestIncome": "None", "interestIncome": "None", "interestExpense": "428000", "nonInterestIncome": "None", "otherNonOperatingIncome": "None", "depreciation": "None", "depreciationAndAmortization": "139000", "incomeBeforeTax": "3087000", "incomeTaxExpense": "1187000", "interestAndDebtExpense": "None", "netIncomeFromContinuingOperations": "0", "comprehensiveIncomeNetOfTax": "None", "ebit": "3376000", "ebitda": "3515000", "netIncome": "630000"}, {"fiscalDateEnding": "2014-03-31", "reportedCurrency": "USD", "grossProfit": "8384000", "totalRevenue": "109776000", "costOfRevenue": "101392000", "costofGoodsAndServicesSold": "101392000", "operatingIncome": "-473000", "sellingGeneralAndAdministrative": "6709000", "researchAndDevelopment": "0", "operatingExpenses": "8871000", "investmentIncomeNet": "None", "netInterestIncome": "None", "interestIncome": "None", "interestExpense": "281000", "nonInterestIncome": "None", "otherNonOperatingIncome": "None", "depreciation": "None", "depreciationAndAmortization": "57000", "incomeBeforeTax": "119000", "incomeTaxExpense": "1052000", "interestAndDebtExpense": "None", "netIncomeFromContinuingOperations": "0", "comprehensiveIncomeNetOfTax": "None", "ebit": "343000", "ebitda": "400000", "netIncome": "-983000"}, {"fiscalDateEnding": "2013-12-31", "reportedCurrency": "USD", "grossProfit": "17479000", "totalRevenue": "124299000", "costOfRevenue": "106820000", "costofGoodsAndServicesSold": "106820000", "operatingIncome": "6013000", "sellingGeneralAndAdministrative": "12130000", "researchAndDevelopment": "0", "operatingExpenses": "12072000", "investmentIncomeNet": "None", "netInterestIncome": "None", "interestIncome": "None", "interestExpense": "146000", "nonInterestIncome": "None", "otherNonOperatingIncome": "None", "depreciation": "None", "depreciationAndAmortization": "-798000", "incomeBeforeTax": "5816000", "incomeTaxExpense": "1712000", "interestAndDebtExpense": "None", "netIncomeFromContinuingOperations": "11266000", "comprehensiveIncomeNetOfTax": "None", "ebit": "6013000", "ebitda": "5215000", "netIncome": "2758000"}, {"fiscalDateEnding": "2013-09-30", "reportedCurrency": "USD", "grossProfit": "14614000", "totalRevenue": "123740000", "costOfRevenue": "109126000", "costofGoodsAndServicesSold": "109126000", "operatingIncome": "6530000", "sellingGeneralAndAdministrative": "7894000", "researchAndDevelopment": "0", "operatingExpenses": "8083000", "investmentIncomeNet": "None", "netInterestIncome": "None", "interestIncome": "None", "interestExpense": "534000", "nonInterestIncome": "None", "otherNonOperatingIncome": "None", "depreciation": "None", "depreciationAndAmortization": "172000", "incomeBeforeTax": "5842000", "incomeTaxExpense": "2049000", "interestAndDebtExpense": "None", "netIncomeFromContinuingOperations": "0", "comprehensiveIncomeNetOfTax": "None", "ebit": "6530000", "ebitda": "6702000", "netIncome": "1812000"}, {"fiscalDateEnding": "2013-06-30", "reportedCurrency": "USD", "grossProfit": "11947000", "totalRevenue": "111667000", "costOfRevenue": "99720000", "costofGoodsAndServicesSold": "99720000", "operatingIncome": "4919000", "sellingGeneralAndAdministrative": "7071000", "researchAndDevelopment": "0", "operatingExpenses": "7068000", "investmentIncomeNet": "None", "netInterestIncome": "None", "interestIncome": "None", "interestExpense": "467000", "nonInterestIncome": "None", "otherNonOperatingIncome": "None", "depreciation": "None", "depreciationAndAmortization": "349000", "incomeBeforeTax": "2192000", "incomeTaxExpense": "553000", "interestAndDebtExpense": "None", "netIncomeFromContinuingOperations": "0", "comprehensiveIncomeNetOfTax": "None", "ebit": "4919000", "ebitda": "5268000", "netIncome": "420000"}, {"fiscalDateEnding": "2013-03-31", "reportedCurrency": "USD", "grossProfit": "7776000", "totalRevenue": "100970000", "costOfRevenue": "93194000", "costofGoodsAndServicesSold": "93194000", "operatingIncome": "-220000", "sellingGeneralAndAdministrative": "7464000", "researchAndDevelopment": "0", "operatingExpenses": "7532000", "investmentIncomeNet": "None", "netInterestIncome": "None", "interestIncome": "None", "interestExpense": "484000", "nonInterestIncome": "None", "otherNonOperatingIncome": "None", "depreciation": "None", "depreciationAndAmortization": "796000", "incomeBeforeTax": "2934000", "incomeTaxExpense": "1204000", "interestAndDebtExpense": "None", "netIncomeFromContinuingOperations": "0", "comprehensiveIncomeNetOfTax": "None", "ebit": "-220000", "ebitda": "576000", "netIncome": "857000"}, {"fiscalDateEnding": "2012-12-31", "reportedCurrency": "USD", "grossProfit": "17400000", "totalRevenue": "129720000", "costOfRevenue": "112320000", "costofGoodsAndServicesSold": "112320000", "operatingIncome": "8019000", "sellingGeneralAndAdministrative": "10738000", "researchAndDevelopment": "0", "operatingExpenses": "10982000", "investmentIncomeNet": "None", "netInterestIncome": "None", "interestIncome": "None", "interestExpense": "605000", "nonInterestIncome": "None", "otherNonOperatingIncome": "None", "depreciation": "None", "depreciationAndAmortization": "-1277000", "incomeBeforeTax": "9619000", "incomeTaxExpense": "2402000", "interestAndDebtExpense": "None", "netIncomeFromContinuingOperations": "0", "comprehensiveIncomeNetOfTax": "None", "ebit": "8019000", "ebitda": "6742000", "netIncome": "5203000"}, {"fiscalDateEnding": "2012-09-30", "reportedCurrency": "USD", "grossProfit": "11665000", "totalRevenue": "117251000", "costOfRevenue": "105586000", "costofGoodsAndServicesSold": "105586000", "operatingIncome": "4526000", "sellingGeneralAndAdministrative": "7419000", "researchAndDevelopment": "0", "operatingExpenses": "7136000", "investmentIncomeNet": "None", "netInterestIncome": "None", "interestIncome": "None", "interestExpense": "602000", "nonInterestIncome": "None", "otherNonOperatingIncome": "None", "depreciation": "None", "depreciationAndAmortization": "527000", "incomeBeforeTax": "5252000", "incomeTaxExpense": "2201000", "interestAndDebtExpense": "None", "netIncomeFromContinuingOperations": "0", "comprehensiveIncomeNetOfTax": "None", "ebit": "5518500", "ebitda": "6045500", "netIncome": "452000"}, {"fiscalDateEnding": "2012-06-30", "reportedCurrency": "USD", "grossProfit": "13719000", "totalRevenue": "116970000", "costOfRevenue": "103251000", "costofGoodsAndServicesSold": "103251000", "operatingIncome": "10634000", "sellingGeneralAndAdministrative": "6959000", "researchAndDevelopment": "0", "operatingExpenses": "6947000", "investmentIncomeNet": "None", "netInterestIncome": "None", "interestIncome": "None", "interestExpense": "539000", "nonInterestIncome": "None", "otherNonOperatingIncome": "None", "depreciation": "None", "depreciationAndAmortization": "-3742000", "incomeBeforeTax": "10092000", "incomeTaxExpense": "2731000", "interestAndDebtExpense": "None", "netIncomeFromContinuingOperations": "0", "comprehensiveIncomeNetOfTax": "None", "ebit": "10634000", "ebitda": "6892000", "netIncome": "4461000"}, {"fiscalDateEnding": "2012-03-31", "reportedCurrency": "USD", "grossProfit": "9031000", "totalRevenue": "98324000", "costOfRevenue": "89293000", "costofGoodsAndServicesSold": "89293000", "operatingIncome": "414000", "sellingGeneralAndAdministrative": "8566000", "researchAndDevelopment": "0", "operatingExpenses": "8617000", "investmentIncomeNet": "None", "netInterestIncome": "None", "interestIncome": "None", "interestExpense": "449000", "nonInterestIncome": "None", "otherNonOperatingIncome": "None", "depreciation": "None", "depreciationAndAmortization": "566000", "incomeBeforeTax": "2330000", "incomeTaxExpense": "1049000", "interestAndDebtExpense": "None", "netIncomeFromContinuingOperations": "0", "comprehensiveIncomeNetOfTax": "None", "ebit": "414000", "ebitda": "980000", "netIncome": "833000"}, {"fiscalDateEnding": "2011-12-31", "reportedCurrency": "USD", "grossProfit": "6608000", "totalRevenue": "71223000", "costOfRevenue": "64615000", "costofGoodsAndServicesSold": "64615000", "operatingIncome": "-10308000", "sellingGeneralAndAdministrative": "3974000", "researchAndDevelopment": "0", "operatingExpenses": "8125000", "investmentIncomeNet": "None", "netInterestIncome": "None", "interestIncome": "None", "interestExpense": "572000", "nonInterestIncome": "None", "otherNonOperatingIncome": "None", "depreciation": "None", "depreciationAndAmortization": "9065000", "incomeBeforeTax": "-10654000", "incomeTaxExpense": "371000", "interestAndDebtExpense": "None", "netIncomeFromContinuingOperations": "0", "comprehensiveIncomeNetOfTax": "None", "ebit": "-20291000", "ebitda": "-11226000", "netIncome": "-9382000"}, {"fiscalDateEnding": "2011-09-30", "reportedCurrency": "USD", "grossProfit": "7962000", "totalRevenue": "130190000", "costOfRevenue": "122228000", "costofGoodsAndServicesSold": "122228000", "operatingIncome": "-522000", "sellingGeneralAndAdministrative": "9810000", "researchAndDevelopment": "0", "operatingExpenses": "8484000", "investmentIncomeNet": "None", "netInterestIncome": "None", "interestIncome": "None", "interestExpense": "994000", "nonInterestIncome": "None", "otherNonOperatingIncome": "None", "depreciation": "None", "depreciationAndAmortization": "410000", "incomeBeforeTax": "-762000", "incomeTaxExpense": "-323000", "interestAndDebtExpense": "None", "netIncomeFromContinuingOperations": "0", "comprehensiveIncomeNetOfTax": "None", "ebit": "-178000", "ebitda": "232000", "netIncome": "-1196000"}, {"fiscalDateEnding": "2011-06-30", "reportedCurrency": "USD", "grossProfit": "16353000", "totalRevenue": "148731000", "costOfRevenue": "132378000", "costofGoodsAndServicesSold": "132378000", "operatingIncome": "6824000", "sellingGeneralAndAdministrative": "9889000", "researchAndDevelopment": "0", "operatingExpenses": "9529000", "investmentIncomeNet": "None", "netInterestIncome": "None", "interestIncome": "None", "interestExpense": "990000", "nonInterestIncome": "None", "otherNonOperatingIncome": "None", "depreciation": "None", "depreciationAndAmortization": "278000", "incomeBeforeTax": "6233000", "incomeTaxExpense": "2551000", "interestAndDebtExpense": "None", "netIncomeFromContinuingOperations": "0", "comprehensiveIncomeNetOfTax": "None", "ebit": "6945000", "ebitda": "7223000", "netIncome": "2352000"}, {"fiscalDateEnding": "2011-03-31", "reportedCurrency": "USD", "grossProfit": "12970000", "totalRevenue": "121801000", "costOfRevenue": "108831000", "costofGoodsAndServicesSold": "108831000", "operatingIncome": "5888000", "sellingGeneralAndAdministrative": "7087000", "researchAndDevelopment": "0", "operatingExpenses": "7082000", "investmentIncomeNet": "None", "netInterestIncome": "None", "interestIncome": "None", "interestExpense": "805000", "nonInterestIncome": "None", "otherNonOperatingIncome": "None", "depreciation": "None", "depreciationAndAmortization": "306000", "incomeBeforeTax": "5782000", "incomeTaxExpense": "1994000", "interestAndDebtExpense": "None", "netIncomeFromContinuingOperations": "0", "comprehensiveIncomeNetOfTax": "None", "ebit": "6281000", "ebitda": "6587000", "netIncome": "2723000"}, {"fiscalDateEnding": "2010-12-31", "reportedCurrency": "USD", "grossProfit": "20869000", "totalRevenue": "144110000", "costOfRevenue": "123241000", "costofGoodsAndServicesSold": "123241000", "operatingIncome": "10659000", "sellingGeneralAndAdministrative": "12013000", "researchAndDevelopment": "0", "operatingExpenses": "10210000", "investmentIncomeNet": "None", "netInterestIncome": "None", "interestIncome": "None", "interestExpense": "660000", "nonInterestIncome": "None", "otherNonOperatingIncome": "None", "depreciation": "None", "depreciationAndAmortization": "-1679000", "incomeBeforeTax": "10443000", "incomeTaxExpense": "3423000", "interestAndDebtExpense": "None", "netIncomeFromContinuingOperations": "0", "comprehensiveIncomeNetOfTax": "None", "ebit": "12782000", "ebitda": "11103000", "netIncome": "3058000"}, {"fiscalDateEnding": "2010-09-30", "reportedCurrency": "USD", "grossProfit": "15189000", "totalRevenue": "114345000", "costOfRevenue": "99156000", "costofGoodsAndServicesSold": "99156000", "operatingIncome": "7663000", "sellingGeneralAndAdministrative": "7440000", "researchAndDevelopment": "0", "operatingExpenses": "7526000", "investmentIncomeNet": "None", "netInterestIncome": "None", "interestIncome": "None", "interestExpense": "701000", "nonInterestIncome": "None", "otherNonOperatingIncome": "None", "depreciation": "None", "depreciationAndAmortization": "163000", "incomeBeforeTax": "9029000", "incomeTaxExpense": "1880000", "interestAndDebtExpense": "None", "netIncomeFromContinuingOperations": "0", "comprehensiveIncomeNetOfTax": "None", "ebit": "7663000", "ebitda": "7826000", "netIncome": "3644000"}, {"fiscalDateEnding": "2010-06-30", "reportedCurrency": "USD", "grossProfit": "14204000", "totalRevenue": "106007000", "costOfRevenue": "91803000", "costofGoodsAndServicesSold": "91803000", "operatingIncome": "7004000", "sellingGeneralAndAdministrative": "6925000", "researchAndDevelopment": "0", "operatingExpenses": "7200000", "investmentIncomeNet": "None", "netInterestIncome": "None", "interestIncome": "None", "interestExpense": "641000", "nonInterestIncome": "None", "otherNonOperatingIncome": "None", "depreciation": "None", "depreciationAndAmortization": "131000", "incomeBeforeTax": "7073000", "incomeTaxExpense": "2637000", "interestAndDebtExpense": "None", "netIncomeFromContinuingOperations": "0", "comprehensiveIncomeNetOfTax": "None", "ebit": "7004000", "ebitda": "7135000", "netIncome": "3709000"}, {"fiscalDateEnding": "2010-03-31", "reportedCurrency": "USD", "grossProfit": "11426000", "totalRevenue": "104868000", "costOfRevenue": "93442000", "costofGoodsAndServicesSold": "93442000", "operatingIncome": "5168000", "sellingGeneralAndAdministrative": "6133000", "researchAndDevelopment": "0", "operatingExpenses": "6258000", "investmentIncomeNet": "None", "netInterestIncome": "None", "interestIncome": "None", "interestExpense": "559000", "nonInterestIncome": "None", "otherNonOperatingIncome": "None", "depreciation": "None", "depreciationAndAmortization": "1679000", "incomeBeforeTax": "5733000", "incomeTaxExpense": "-1049000", "interestAndDebtExpense": "None", "netIncomeFromContinuingOperations": "0", "comprehensiveIncomeNetOfTax": "None", "ebit": "5244000", "ebitda": "6923000", "netIncome": "3729000"}, {"fiscalDateEnding": "2009-12-31", "reportedCurrency": "USD", "grossProfit": "14421000", "totalRevenue": "109786000", "costOfRevenue": "95365000", "costofGoodsAndServicesSold": "95365000", "operatingIncome": "8731000", "sellingGeneralAndAdministrative": "7771000", "researchAndDevelopment": "0", "operatingExpenses": "5689000", "investmentIncomeNet": "None", "netInterestIncome": "None", "interestIncome": "None", "interestExpense": "608000", "nonInterestIncome": "None", "otherNonOperatingIncome": "None", "depreciation": "None", "depreciationAndAmortization": "-1584000", "incomeBeforeTax": "9914000", "incomeTaxExpense": "5479000", "interestAndDebtExpense": "None", "netIncomeFromContinuingOperations": "0", "comprehensiveIncomeNetOfTax": "None", "ebit": "10390000", "ebitda": "8806000", "netIncome": "4311000"}, {"fiscalDateEnding": "2009-09-30", "reportedCurrency": "USD", "grossProfit": "11600000", "totalRevenue": "101800000", "costOfRevenue": "90200000", "costofGoodsAndServicesSold": "90200000", "operatingIncome": "6600000", "sellingGeneralAndAdministrative": "6500000", "researchAndDevelopment": "0", "operatingExpenses": "5000000", "investmentIncomeNet": "None", "netInterestIncome": "None", "interestIncome": "None", "interestExpense": "300000", "nonInterestIncome": "None", "otherNonOperatingIncome": "None", "depreciation": "None", "depreciationAndAmortization": "-3100000", "incomeBeforeTax": "5100000", "incomeTaxExpense": "1800000", "interestAndDebtExpense": "None", "netIncomeFromContinuingOperations": "0", "comprehensiveIncomeNetOfTax": "None", "ebit": "6600000", "ebitda": "3500000", "netIncome": "2000000"}, {"fiscalDateEnding": "2009-06-30", "reportedCurrency": "USD", "grossProfit": "9683000", "totalRevenue": "67315000", "costOfRevenue": "57632000", "costofGoodsAndServicesSold": "57632000", "operatingIncome": "3444000", "sellingGeneralAndAdministrative": "5807000", "researchAndDevelopment": "0", "operatingExpenses": "6239000", "investmentIncomeNet": "None", "netInterestIncome": "None", "interestIncome": "None", "interestExpense": "768000", "nonInterestIncome": "None", "otherNonOperatingIncome": "None", "depreciation": "None", "depreciationAndAmortization": "1584000", "incomeBeforeTax": "3456000", "incomeTaxExpense": "1199000", "interestAndDebtExpense": "None", "netIncomeFromContinuingOperations": "0", "comprehensiveIncomeNetOfTax": "None", "ebit": "3444000", "ebitda": "5028000", "netIncome": "1505000"}, {"fiscalDateEnding": "2009-03-31", "reportedCurrency": "USD", "grossProfit": "9683000", "totalRevenue": "67315000", "costOfRevenue": "57632000", "costofGoodsAndServicesSold": "57632000", "operatingIncome": "3369000", "sellingGeneralAndAdministrative": "5807000", "researchAndDevelopment": "0", "operatingExpenses": "6239000", "investmentIncomeNet": "None", "netInterestIncome": "None", "interestIncome": "None", "interestExpense": "768000", "nonInterestIncome": "None", "otherNonOperatingIncome": "None", "depreciation": "None", "depreciationAndAmortization": "1584000", "incomeBeforeTax": "3456000", "incomeTaxExpense": "1199000", "interestAndDebtExpense": "None", "netIncomeFromContinuingOperations": "0", "comprehensiveIncomeNetOfTax": "None", "ebit": "4224000", "ebitda": "5808000", "netIncome": "1505000"}, {"fiscalDateEnding": "2008-12-31", "reportedCurrency": "USD", "grossProfit": "20396000", "totalRevenue": "226938000", "costOfRevenue": "234613000", "costofGoodsAndServicesSold": "234613000", "operatingIncome": "0", "sellingGeneralAndAdministrative": "12785000", "researchAndDevelopment": "0", "operatingExpenses": "0", "investmentIncomeNet": "None", "netInterestIncome": "None", "interestIncome": "None", "interestExpense": "2944000", "nonInterestIncome": "None", "otherNonOperatingIncome": "None", "depreciation": "None", "depreciationAndAmortization": "None", "incomeBeforeTax": "0", "incomeTaxExpense": "2132000", "interestAndDebtExpense": "None", "netIncomeFromContinuingOperations": "0", "comprehensiveIncomeNetOfTax": "None", "ebit": "0", "ebitda": "None", "netIncome": "0"}, {"fiscalDateEnding": "2008-09-30", "reportedCurrency": "USD", "grossProfit": "0", "totalRevenue": "273860000", "costOfRevenue": "-253435000", "costofGoodsAndServicesSold": "-253435000", "operatingIncome": "-4166000", "sellingGeneralAndAdministrative": "16259000", "researchAndDevelopment": "0", "operatingExpenses": "0", "investmentIncomeNet": "None", "netInterestIncome": "None", "interestIncome": "None", "interestExpense": "2825000", "nonInterestIncome": "None", "otherNonOperatingIncome": "None", "depreciation": "None", "depreciationAndAmortization": "None", "incomeBeforeTax": "-3761000", "incomeTaxExpense": "-2254000", "interestAndDebtExpense": "None", "netIncomeFromContinuingOperations": "0", "comprehensiveIncomeNetOfTax": "None", "ebit": "0", "ebitda": "None", "netIncome": "-1823000"}, {"fiscalDateEnding": "2008-06-30", "reportedCurrency": "USD", "grossProfit": "0", "totalRevenue": "273860000", "costOfRevenue": "253435000", "costofGoodsAndServicesSold": "253435000", "operatingIncome": "4166000", "sellingGeneralAndAdministrative": "16259000", "researchAndDevelopment": "0", "operatingExpenses": "0", "investmentIncomeNet": "None", "netInterestIncome": "None", "interestIncome": "None", "interestExpense": "2825000", "nonInterestIncome": "None", "otherNonOperatingIncome": "None", "depreciation": "None", "depreciationAndAmortization": "None", "incomeBeforeTax": "3761000", "incomeTaxExpense": "2254000", "interestAndDebtExpense": "None", "netIncomeFromContinuingOperations": "0", "comprehensiveIncomeNetOfTax": "None", "ebit": "0", "ebitda": "None", "netIncome": "1823000"}, {"fiscalDateEnding": "2008-03-31", "reportedCurrency": "USD", "grossProfit": "45676000", "totalRevenue": "127710000", "costOfRevenue": "82034000", "costofGoodsAndServicesSold": "82034000", "operatingIncome": "-366906000", "sellingGeneralAndAdministrative": "None", "researchAndDevelopment": "None", "operatingExpenses": "-26156000", "investmentIncomeNet": "None", "netInterestIncome": "None", "interestIncome": "None", "interestExpense": "7580000", "nonInterestIncome": "None", "otherNonOperatingIncome": "None", "depreciation": "None", "depreciationAndAmortization": "None", "incomeBeforeTax": "4833000", "incomeTaxExpense": "3624000", "interestAndDebtExpense": "None", "netIncomeFromContinuingOperations": "None", "comprehensiveIncomeNetOfTax": "None", "ebit": "None", "ebitda": "-366906000", "netIncome": "1208000"}, {"fiscalDateEnding": "2007-12-31", "reportedCurrency": "USD", "grossProfit": "36807000", "totalRevenue": "117029000", "costOfRevenue": "80222000", "costofGoodsAndServicesSold": "80222000", "operatingIncome": "-321406000", "sellingGeneralAndAdministrative": "29451000", "researchAndDevelopment": "0", "operatingExpenses": "-25536000", "investmentIncomeNet": "None", "netInterestIncome": "None", "interestIncome": "None", "interestExpense": "3427000", "nonInterestIncome": "None", "otherNonOperatingIncome": "None", "depreciation": "None", "depreciationAndAmortization": "None", "incomeBeforeTax": "-4957000", "incomeTaxExpense": "9729000", "interestAndDebtExpense": "None", "netIncomeFromContinuingOperations": "0", "comprehensiveIncomeNetOfTax": "None", "ebit": "0", "ebitda": "-321406000", "netIncome": "3243000"}, {"fiscalDateEnding": "2007-09-30", "reportedCurrency": "USD", "grossProfit": "127710000", "totalRevenue": "127710000", "costOfRevenue": "73925000", "costofGoodsAndServicesSold": "73925000", "operatingIncome": "127710000", "sellingGeneralAndAdministrative": "10700000", "researchAndDevelopment": "None", "operatingExpenses": "10700000", "investmentIncomeNet": "None", "netInterestIncome": "None", "interestIncome": "None", "interestExpense": "819000", "nonInterestIncome": "None", "otherNonOperatingIncome": "None", "depreciation": "None", "depreciationAndAmortization": "1255000", "incomeBeforeTax": "3229000", "incomeTaxExpense": "-1208000", "interestAndDebtExpense": "None", "netIncomeFromContinuingOperations": "None", "comprehensiveIncomeNetOfTax": "None", "ebit": "-335000", "ebitda": "127710000", "netIncome": "1208000"}, {"fiscalDateEnding": "2007-06-30", "reportedCurrency": "USD", "grossProfit": "127710000", "totalRevenue": "127710000", "costOfRevenue": "None", "costofGoodsAndServicesSold": "None", "operatingIncome": "127710000", "sellingGeneralAndAdministrative": "None", "researchAndDevelopment": "None", "operatingExpenses": "None", "investmentIncomeNet": "None", "netInterestIncome": "None", "interestIncome": "None", "interestExpense": "None", "nonInterestIncome": "None", "otherNonOperatingIncome": "None", "depreciation": "None", "depreciationAndAmortization": "None", "incomeBeforeTax": "None", "incomeTaxExpense": "-1208000", "interestAndDebtExpense": "None", "netIncomeFromContinuingOperations": "None", "comprehensiveIncomeNetOfTax": "None", "ebit": "None", "ebitda": "127710000", "netIncome": "1208000"}, {"fiscalDateEnding": "2007-03-31", "reportedCurrency": "USD", "grossProfit": "127710000", "totalRevenue": "127710000", "costOfRevenue": "None", "costofGoodsAndServicesSold": "None", "operatingIncome": "127710000", "sellingGeneralAndAdministrative": "None", "researchAndDevelopment": "None", "operatingExpenses": "None", "investmentIncomeNet": "None", "netInterestIncome": "None", "interestIncome": "None", "interestExpense": "None", "nonInterestIncome": "None", "otherNonOperatingIncome": "None", "depreciation": "None", "depreciationAndAmortization": "None", "incomeBeforeTax": "None", "incomeTaxExpense": "-1208000", "interestAndDebtExpense": "None", "netIncomeFromContinuingOperations": "None", "comprehensiveIncomeNetOfTax": "None", "ebit": "None", "ebitda": "127710000", "netIncome": "1208000"}, {"fiscalDateEnding": "2006-12-31", "reportedCurrency": "USD", "grossProfit": "36807000", "totalRevenue": "117029000", "costOfRevenue": "80222000", "costofGoodsAndServicesSold": "80222000", "operatingIncome": "-321406000", "sellingGeneralAndAdministrative": "28537000", "researchAndDevelopment": "0", "operatingExpenses": "-25536000", "investmentIncomeNet": "None", "netInterestIncome": "None", "interestIncome": "None", "interestExpense": "3427000", "nonInterestIncome": "None", "otherNonOperatingIncome": "None", "depreciation": "None", "depreciationAndAmortization": "None", "incomeBeforeTax": "-4957000", "incomeTaxExpense": "9729000", "interestAndDebtExpense": "None", "netIncomeFromContinuingOperations": "0", "comprehensiveIncomeNetOfTax": "None", "ebit": "0", "ebitda": "-321406000", "netIncome": "3243000"}, {"fiscalDateEnding": "2006-09-30", "reportedCurrency": "USD", "grossProfit": "117029000", "totalRevenue": "117029000", "costOfRevenue": "None", "costofGoodsAndServicesSold": "None", "operatingIncome": "117029000", "sellingGeneralAndAdministrative": "None", "researchAndDevelopment": "None", "operatingExpenses": "None", "investmentIncomeNet": "None", "netInterestIncome": "None", "interestIncome": "None", "interestExpense": "None", "nonInterestIncome": "None", "otherNonOperatingIncome": "None", "depreciation": "None", "depreciationAndAmortization": "None", "incomeBeforeTax": "None", "incomeTaxExpense": "-3243000", "interestAndDebtExpense": "None", "netIncomeFromContinuingOperations": "None", "comprehensiveIncomeNetOfTax": "None", "ebit": "None", "ebitda": "117029000", "netIncome": "3243000"}, {"fiscalDateEnding": "2006-06-30", "reportedCurrency": "USD", "grossProfit": "117029000", "totalRevenue": "117029000", "costOfRevenue": "None", "costofGoodsAndServicesSold": "None", "operatingIncome": "117029000", "sellingGeneralAndAdministrative": "None", "researchAndDevelopment": "None", "operatingExpenses": "None", "investmentIncomeNet": "None", "netInterestIncome": "None", "interestIncome": "None", "interestExpense": "None", "nonInterestIncome": "None", "otherNonOperatingIncome": "None", "depreciation": "None", "depreciationAndAmortization": "None", "incomeBeforeTax": "None", "incomeTaxExpense": "-3243000", "interestAndDebtExpense": "None", "netIncomeFromContinuingOperations": "None", "comprehensiveIncomeNetOfTax": "None", "ebit": "None", "ebitda": "117029000", "netIncome": "3243000"}, {"fiscalDateEnding": "2006-03-31", "reportedCurrency": "USD", "grossProfit": "117029000", "totalRevenue": "117029000", "costOfRevenue": "None", "costofGoodsAndServicesSold": "None", "operatingIncome": "117029000", "sellingGeneralAndAdministrative": "None", "researchAndDevelopment": "None", "operatingExpenses": "None", "investmentIncomeNet": "None", "netInterestIncome": "None", "interestIncome": "None", "interestExpense": "None", "nonInterestIncome": "None", "otherNonOperatingIncome": "None", "depreciation": "None", "depreciationAndAmortization": "None", "incomeBeforeTax": "None", "incomeTaxExpense": "-3243000", "interestAndDebtExpense": "None", "netIncomeFromContinuingOperations": "None", "comprehensiveIncomeNetOfTax": "None", "ebit": "None", "ebitda": "117029000", "netIncome": "3243000"}, {"fiscalDateEnding": "2005-12-31", "reportedCurrency": "USD", "grossProfit": "84315000", "totalRevenue": "84315000", "costOfRevenue": "291026000", "costofGoodsAndServicesSold": "291026000", "operatingIncome": "-242894000", "sellingGeneralAndAdministrative": "26754000", "researchAndDevelopment": "0", "operatingExpenses": "-327209000", "investmentIncomeNet": "None", "netInterestIncome": "None", "interestIncome": "None", "interestExpense": "3427000", "nonInterestIncome": "None", "otherNonOperatingIncome": "None", "depreciation": "None", "depreciationAndAmortization": "None", "incomeBeforeTax": "1686000", "incomeTaxExpense": "1239000", "interestAndDebtExpense": "None", "netIncomeFromContinuingOperations": "0", "comprehensiveIncomeNetOfTax": "None", "ebit": "0", "ebitda": "-242894000", "netIncome": "-1239000"}, {"fiscalDateEnding": "2005-09-30", "reportedCurrency": "USD", "grossProfit": "84316000", "totalRevenue": "84316000", "costOfRevenue": "None", "costofGoodsAndServicesSold": "None", "operatingIncome": "84316000", "sellingGeneralAndAdministrative": "None", "researchAndDevelopment": "None", "operatingExpenses": "None", "investmentIncomeNet": "None", "netInterestIncome": "None", "interestIncome": "None", "interestExpense": "None", "nonInterestIncome": "None", "otherNonOperatingIncome": "None", "depreciation": "None", "depreciationAndAmortization": "None", "incomeBeforeTax": "None", "incomeTaxExpense": "1239000", "interestAndDebtExpense": "None", "netIncomeFromContinuingOperations": "None", "comprehensiveIncomeNetOfTax": "None", "ebit": "None", "ebitda": "84316000", "netIncome": "-1239000"}]}