{"symbol": "ARQQW", "annualReports": [{"fiscalDateEnding": "2025-09-30", "reportedCurrency": "USD", "grossProfit": "-230000", "totalRevenue": "530000", "costOfRevenue": "760000", "costofGoodsAndServicesSold": "760000", "operatingIncome": "-38539000", "sellingGeneralAndAdministrative": "34941000", "researchAndDevelopment": "None", "operatingExpenses": "38739000", "investmentIncomeNet": "None", "netInterestIncome": "1184000", "interestIncome": "1232000", "interestExpense": "48000", "nonInterestIncome": "None", "otherNonOperatingIncome": "None", "depreciation": "None", "depreciationAndAmortization": "760000", "incomeBeforeTax": "-37616000", "incomeTaxExpense": "-2186000", "interestAndDebtExpense": "None", "netIncomeFromContinuingOperations": "-35430000", "comprehensiveIncomeNetOfTax": "None", "ebit": "-37568000", "ebitda": "-36808000", "netIncome": "-35343000"}, {"fiscalDateEnding": "2024-09-30", "reportedCurrency": "USD", "grossProfit": "-1591000", "totalRevenue": "293000", "costOfRevenue": "1884000", "costofGoodsAndServicesSold": "1884000", "operatingIncome": "-24690000", "sellingGeneralAndAdministrative": "31862000", "researchAndDevelopment": "None", "operatingExpenses": "23099000", "investmentIncomeNet": "None", "netInterestIncome": "707000", "interestIncome": "930000", "interestExpense": "223000", "nonInterestIncome": "None", "otherNonOperatingIncome": "None", "depreciation": "None", "depreciationAndAmortization": "3563000", "incomeBeforeTax": "-23977000", "incomeTaxExpense": "None", "interestAndDebtExpense": "None", "netIncomeFromContinuingOperations": "-23977000", "comprehensiveIncomeNetOfTax": "None", "ebit": "-23754000", "ebitda": "-20191000", "netIncome": "-54581000"}, {"fiscalDateEnding": "2023-09-30", "reportedCurrency": "USD", "grossProfit": "-1649000", "totalRevenue": "640000", "costOfRevenue": "2289000", "costofGoodsAndServicesSold": "2289000", "operatingIncome": "-54508000", "sellingGeneralAndAdministrative": "61331000", "researchAndDevelopment": "None", "operatingExpenses": "82795000", "investmentIncomeNet": "None", "netInterestIncome": "-243000", "interestIncome": "41000", "interestExpense": "284000", "nonInterestIncome": "None", "otherNonOperatingIncome": "None", "depreciation": "None", "depreciationAndAmortization": "2634000", "incomeBeforeTax": "-44113000", "incomeTaxExpense": "-141000", "interestAndDebtExpense": "None", "netIncomeFromContinuingOperations": "-73908000", "comprehensiveIncomeNetOfTax": "None", "ebit": "-43829000", "ebitda": "-41195000", "netIncome": "-70393000"}, {"fiscalDateEnding": "2022-09-30", "reportedCurrency": "USD", "grossProfit": "5920000", "totalRevenue": "7212000", "costOfRevenue": "1292000", "costofGoodsAndServicesSold": "1292000", "operatingIncome": "-52098000", "sellingGeneralAndAdministrative": "39168000", "researchAndDevelopment": "None", "operatingExpenses": "70977000", "investmentIncomeNet": "None", "netInterestIncome": "-221000", "interestIncome": "0", "interestExpense": "221000", "nonInterestIncome": "None", "otherNonOperatingIncome": "None", "depreciation": "None", "depreciationAndAmortization": "1292000", "incomeBeforeTax": "53408000", "incomeTaxExpense": "-117173000", "interestAndDebtExpense": "None", "netIncomeFromContinuingOperations": "65075000", "comprehensiveIncomeNetOfTax": "None", "ebit": "53629000", "ebitda": "54921000", "netIncome": "65075000"}, {"fiscalDateEnding": "2021-09-30", "reportedCurrency": "USD", "grossProfit": "-139000", "totalRevenue": "47910", "costOfRevenue": "187000", "costofGoodsAndServicesSold": "187000", "operatingIncome": "-172561000", "sellingGeneralAndAdministrative": "6238000", "researchAndDevelopment": "None", "operatingExpenses": "172609000", "investmentIncomeNet": "None", "netInterestIncome": "-1078070", "interestIncome": "0", "interestExpense": "1078000", "nonInterestIncome": "None", "otherNonOperatingIncome": "None", "depreciation": "None", "depreciationAndAmortization": "52550", "incomeBeforeTax": "-271729000", "incomeTaxExpense": "1078000", "interestAndDebtExpense": "None", "netIncomeFromContinuingOperations": "-271729101", "comprehensiveIncomeNetOfTax": "None", "ebit": "-270650550", "ebitda": "-270598000", "netIncome": "-271729000"}, {"fiscalDateEnding": "2020-09-30", "reportedCurrency": "USD", "grossProfit": "-159000", "totalRevenue": "0", "costOfRevenue": "159000", "costofGoodsAndServicesSold": "159000", "operatingIncome": "-809000", "sellingGeneralAndAdministrative": "2778000", "researchAndDevelopment": "None", "operatingExpenses": "650000", "investmentIncomeNet": "None", "netInterestIncome": "-327881", "interestIncome": "64902", "interestExpense": "393000", "nonInterestIncome": "None", "otherNonOperatingIncome": "None", "depreciation": "None", "depreciationAndAmortization": "5000", "incomeBeforeTax": "-1137000", "incomeTaxExpense": "-569000", "interestAndDebtExpense": "None", "netIncomeFromContinuingOperations": "-568319", "comprehensiveIncomeNetOfTax": "None", "ebit": "-10000", "ebitda": "-5000", "netIncome": "-568000"}, {"fiscalDateEnding": "2019-09-30", "reportedCurrency": "USD", "grossProfit": "-308", "totalRevenue": "None", "costOfRevenue": "308", "costofGoodsAndServicesSold": "308", "operatingIncome": "-828000", "sellingGeneralAndAdministrative": "974234", "researchAndDevelopment": "None", "operatingExpenses": "827440", "investmentIncomeNet": "None", "netInterestIncome": "None", "interestIncome": "None", "interestExpense": "88466", "nonInterestIncome": "None", "otherNonOperatingIncome": "None", "depreciation": "None", "depreciationAndAmortization": "308", "incomeBeforeTax": "783847", "incomeTaxExpense": "-254000", "interestAndDebtExpense": "None", "netIncomeFromContinuingOperations": "None", "comprehensiveIncomeNetOfTax": "None", "ebit": "872313", "ebitda": "872621", "netIncome": "1038000"}], "quarterlyReports": [{"fiscalDateEnding": "2025-09-30", "reportedCurrency": "None", "grossProfit": "143000", "totalRevenue": "463000", "costOfRevenue": "320000", "costofGoodsAndServicesSold": "320000", "operatingIncome": "-21817000", "sellingGeneralAndAdministrative": "16977000", "researchAndDevelopment": "None", "operatingExpenses": "21960000", "investmentIncomeNet": "None", "netInterestIncome": "None", "interestIncome": "None", "interestExpense": "22000", "nonInterestIncome": "None", "otherNonOperatingIncome": "None", "depreciation": "None", "depreciationAndAmortization": "320000", "incomeBeforeTax": "-20359000", "incomeTaxExpense": "-2186000", "interestAndDebtExpense": "None", "netIncomeFromContinuingOperations": "None", "comprehensiveIncomeNetOfTax": "None", "ebit": "-20337000", "ebitda": "-20017000", "netIncome": "-18177000"}, {"fiscalDateEnding": "2025-03-31", "reportedCurrency": "None", "grossProfit": "168000", "totalRevenue": "168000", "costOfRevenue": "None", "costofGoodsAndServicesSold": "None", "operatingIncome": "-17794000", "sellingGeneralAndAdministrative": "17964000", "researchAndDevelopment": "None", "operatingExpenses": "17964000", "investmentIncomeNet": "None", "netInterestIncome": "None", "interestIncome": "None", "interestExpense": "26000", "nonInterestIncome": "None", "otherNonOperatingIncome": "None", "depreciation": "None", "depreciationAndAmortization": "440000", "incomeBeforeTax": "-17256000", "incomeTaxExpense": "None", "interestAndDebtExpense": "None", "netIncomeFromContinuingOperations": "None", "comprehensiveIncomeNetOfTax": "None", "ebit": "-17326000", "ebitda": "-16886000", "netIncome": "-17166000"}, {"fiscalDateEnding": "2024-09-30", "reportedCurrency": "None", "grossProfit": "-576000", "totalRevenue": "174000", "costOfRevenue": "750000", "costofGoodsAndServicesSold": "750000", "operatingIncome": "-8052000", "sellingGeneralAndAdministrative": "25841000", "researchAndDevelopment": "None", "operatingExpenses": "7476000", "investmentIncomeNet": "None", "netInterestIncome": "None", "interestIncome": "None", "interestExpense": "223000", "nonInterestIncome": "None", "otherNonOperatingIncome": "None", "depreciation": "None", "depreciationAndAmortization": "1988000", "incomeBeforeTax": "-7872000", "incomeTaxExpense": "None", "interestAndDebtExpense": "None", "netIncomeFromContinuingOperations": "None", "comprehensiveIncomeNetOfTax": "None", "ebit": "-3137000", "ebitda": "-1149000", "netIncome": "-6909000"}, {"fiscalDateEnding": "2024-03-31", "reportedCurrency": "None", "grossProfit": "-1015000", "totalRevenue": "119000", "costOfRevenue": "1134000", "costofGoodsAndServicesSold": "1134000", "operatingIncome": "-16638000", "sellingGeneralAndAdministrative": "6021000", "researchAndDevelopment": "None", "operatingExpenses": "15623000", "investmentIncomeNet": "None", "netInterestIncome": "None", "interestIncome": "None", "interestExpense": "None", "nonInterestIncome": "None", "otherNonOperatingIncome": "None", "depreciation": "None", "depreciationAndAmortization": "1575000", "incomeBeforeTax": "-16105000", "incomeTaxExpense": "31566999", "interestAndDebtExpense": "None", "netIncomeFromContinuingOperations": "None", "comprehensiveIncomeNetOfTax": "None", "ebit": "-20617000", "ebitda": "-19042000", "netIncome": "-47672000"}, {"fiscalDateEnding": "2023-12-31", "reportedCurrency": "None", "grossProfit": "-507500", "totalRevenue": "59500", "costOfRevenue": "567000", "costofGoodsAndServicesSold": "567000", "operatingIncome": "-10308500", "sellingGeneralAndAdministrative": "3010500", "researchAndDevelopment": "None", "operatingExpenses": "7812000", "investmentIncomeNet": "None", "netInterestIncome": "None", "interestIncome": "None", "interestExpense": "None", "nonInterestIncome": "None", "otherNonOperatingIncome": "None", "depreciation": "None", "depreciationAndAmortization": "787500", "incomeBeforeTax": "-8052500", "incomeTaxExpense": "None", "interestAndDebtExpense": "None", "netIncomeFromContinuingOperations": "None", "comprehensiveIncomeNetOfTax": "None", "ebit": "-10308500", "ebitda": "-9521000", "netIncome": "-8052500"}, {"fiscalDateEnding": "2023-09-30", "reportedCurrency": "None", "grossProfit": "621000", "totalRevenue": "621000", "costOfRevenue": "None", "costofGoodsAndServicesSold": "None", "operatingIncome": "-29749000", "sellingGeneralAndAdministrative": "None", "researchAndDevelopment": "None", "operatingExpenses": "30370000", "investmentIncomeNet": "None", "netInterestIncome": "None", "interestIncome": "None", "interestExpense": "None", "nonInterestIncome": "None", "otherNonOperatingIncome": "None", "depreciation": "None", "depreciationAndAmortization": "43812", "incomeBeforeTax": "-52213000", "incomeTaxExpense": "-141000", "interestAndDebtExpense": "None", "netIncomeFromContinuingOperations": "None", "comprehensiveIncomeNetOfTax": "None", "ebit": "-26277812", "ebitda": "-26234000", "netIncome": "-48557000"}, {"fiscalDateEnding": "2023-06-30", "reportedCurrency": "None", "grossProfit": "None", "totalRevenue": "None", "costOfRevenue": "None", "costofGoodsAndServicesSold": "None", "operatingIncome": "None", "sellingGeneralAndAdministrative": "None", "researchAndDevelopment": "None", "operatingExpenses": "None", "investmentIncomeNet": "None", "netInterestIncome": "None", "interestIncome": "None", "interestExpense": "None", "nonInterestIncome": "None", "otherNonOperatingIncome": "None", "depreciation": "None", "depreciationAndAmortization": "-39586", "incomeBeforeTax": "None", "incomeTaxExpense": "None", "interestAndDebtExpense": "None", "netIncomeFromContinuingOperations": "None", "comprehensiveIncomeNetOfTax": "None", "ebit": "None", "ebitda": "None", "netIncome": "None"}, {"fiscalDateEnding": "2023-03-31", "reportedCurrency": "USD", "grossProfit": "-1341000", "totalRevenue": "19000", "costOfRevenue": "1360000", "costofGoodsAndServicesSold": "1360000", "operatingIncome": "-25364000", "sellingGeneralAndAdministrative": "18624000", "researchAndDevelopment": "None", "operatingExpenses": "24023000", "investmentIncomeNet": "None", "netInterestIncome": "None", "interestIncome": "None", "interestExpense": "169000", "nonInterestIncome": "None", "otherNonOperatingIncome": "None", "depreciation": "None", "depreciationAndAmortization": "1162000", "incomeBeforeTax": "-12623000", "incomeTaxExpense": "18573499", "interestAndDebtExpense": "None", "netIncomeFromContinuingOperations": "None", "comprehensiveIncomeNetOfTax": "None", "ebit": "-33076000", "ebitda": "-31914000", "netIncome": "-21836000"}, {"fiscalDateEnding": "2022-12-31", "reportedCurrency": "USD", "grossProfit": "-1341000", "totalRevenue": "19000", "costOfRevenue": "1360000", "costofGoodsAndServicesSold": "1360000", "operatingIncome": "-25364000", "sellingGeneralAndAdministrative": "18624000", "researchAndDevelopment": "None", "operatingExpenses": "24023000", "investmentIncomeNet": "None", "netInterestIncome": "None", "interestIncome": "None", "interestExpense": "169000", "nonInterestIncome": "None", "otherNonOperatingIncome": "None", "depreciation": "None", "depreciationAndAmortization": "1162000", "incomeBeforeTax": "-12623000", "incomeTaxExpense": "55250", "interestAndDebtExpense": "None", "netIncomeFromContinuingOperations": "None", "comprehensiveIncomeNetOfTax": "None", "ebit": "-33076000", "ebitda": "-31914000", "netIncome": "-21836000"}, {"fiscalDateEnding": "2022-09-30", "reportedCurrency": "USD", "grossProfit": "-3618000", "totalRevenue": "-3611000", "costOfRevenue": "377000", "costofGoodsAndServicesSold": "377000", "operatingIncome": "35028000", "sellingGeneralAndAdministrative": "32093000", "researchAndDevelopment": "None", "operatingExpenses": "-32093000", "investmentIncomeNet": "None", "netInterestIncome": "None", "interestIncome": "None", "interestExpense": "380000", "nonInterestIncome": "None", "otherNonOperatingIncome": "None", "depreciation": "None", "depreciationAndAmortization": "-659000", "incomeBeforeTax": "7029000", "incomeTaxExpense": "-380000", "interestAndDebtExpense": "None", "netIncomeFromContinuingOperations": "None", "comprehensiveIncomeNetOfTax": "None", "ebit": "35015000", "ebitda": "34356000", "netIncome": "35775000"}, {"fiscalDateEnding": "2022-06-30", "reportedCurrency": "USD", "grossProfit": "582599", "totalRevenue": "959599", "costOfRevenue": "377000", "costofGoodsAndServicesSold": "377000", "operatingIncome": "-15049621", "sellingGeneralAndAdministrative": "6872220", "researchAndDevelopment": "None", "operatingExpenses": "3007072", "investmentIncomeNet": "None", "netInterestIncome": "None", "interestIncome": "None", "interestExpense": "55250", "nonInterestIncome": "None", "otherNonOperatingIncome": "None", "depreciation": "None", "depreciationAndAmortization": "-51250", "incomeBeforeTax": "3513503", "incomeTaxExpense": "55250", "interestAndDebtExpense": "None", "netIncomeFromContinuingOperations": "None", "comprehensiveIncomeNetOfTax": "None", "ebit": "-15049621", "ebitda": "-15100871", "netIncome": "3513503"}, {"fiscalDateEnding": "2022-03-31", "reportedCurrency": "USD", "grossProfit": "5293000", "totalRevenue": "5293000", "costOfRevenue": "None", "costofGoodsAndServicesSold": "None", "operatingIncome": "-14348000", "sellingGeneralAndAdministrative": "26600000", "researchAndDevelopment": "None", "operatingExpenses": "19641000", "investmentIncomeNet": "None", "netInterestIncome": "None", "interestIncome": "None", "interestExpense": "69337", "nonInterestIncome": "None", "otherNonOperatingIncome": "None", "depreciation": "None", "depreciationAndAmortization": "91000", "incomeBeforeTax": "58047000", "incomeTaxExpense": "55250", "interestAndDebtExpense": "None", "netIncomeFromContinuingOperations": "None", "comprehensiveIncomeNetOfTax": "None", "ebit": "-21307000", "ebitda": "-21216000", "netIncome": "58047000"}, {"fiscalDateEnding": "2021-12-31", "reportedCurrency": "USD", "grossProfit": "5293000", "totalRevenue": "5293000", "costOfRevenue": "None", "costofGoodsAndServicesSold": "None", "operatingIncome": "-14348000", "sellingGeneralAndAdministrative": "26600000", "researchAndDevelopment": "None", "operatingExpenses": "19641000", "investmentIncomeNet": "None", "netInterestIncome": "None", "interestIncome": "None", "interestExpense": "69337", "nonInterestIncome": "None", "otherNonOperatingIncome": "None", "depreciation": "None", "depreciationAndAmortization": "91000", "incomeBeforeTax": "58047000", "incomeTaxExpense": "269517", "interestAndDebtExpense": "None", "netIncomeFromContinuingOperations": "None", "comprehensiveIncomeNetOfTax": "None", "ebit": "-21307000", "ebitda": "-21216000", "netIncome": "58047000"}, {"fiscalDateEnding": "2021-09-30", "reportedCurrency": "USD", "grossProfit": "-163000", "totalRevenue": "23954", "costOfRevenue": "187000", "costofGoodsAndServicesSold": "187000", "operatingIncome": "-37049000", "sellingGeneralAndAdministrative": "7554000", "researchAndDevelopment": "None", "operatingExpenses": "9108000", "investmentIncomeNet": "None", "netInterestIncome": "None", "interestIncome": "None", "interestExpense": "539034", "nonInterestIncome": "None", "otherNonOperatingIncome": "None", "depreciation": "None", "depreciationAndAmortization": "26500", "incomeBeforeTax": "-135865000", "incomeTaxExpense": "539034", "interestAndDebtExpense": "None", "netIncomeFromContinuingOperations": "None", "comprehensiveIncomeNetOfTax": "None", "ebit": "-8436500", "ebitda": "-8410000", "netIncome": "-265694000"}, {"fiscalDateEnding": "2021-06-30", "reportedCurrency": "USD", "grossProfit": "-81523", "totalRevenue": "11977", "costOfRevenue": "93500", "costofGoodsAndServicesSold": "93500", "operatingIncome": "-67662757.75", "sellingGeneralAndAdministrative": "3429504", "researchAndDevelopment": "None", "operatingExpenses": "-67674735.25", "investmentIncomeNet": "None", "netInterestIncome": "None", "interestIncome": "None", "interestExpense": "269517", "nonInterestIncome": "None", "otherNonOperatingIncome": "None", "depreciation": "None", "depreciationAndAmortization": "1250", "incomeBeforeTax": "-67932275.25", "incomeTaxExpense": "269517", "interestAndDebtExpense": "None", "netIncomeFromContinuingOperations": "None", "comprehensiveIncomeNetOfTax": "None", "ebit": "-12688204", "ebitda": "-12686954", "netIncome": "-68201792.75"}, {"fiscalDateEnding": "2021-03-31", "reportedCurrency": "USD", "grossProfit": "11977", "totalRevenue": "11977", "costOfRevenue": "None", "costofGoodsAndServicesSold": "None", "operatingIncome": "-5451000", "sellingGeneralAndAdministrative": "5451000", "researchAndDevelopment": "None", "operatingExpenses": "5451000", "investmentIncomeNet": "None", "netInterestIncome": "None", "interestIncome": "None", "interestExpense": "583481", "nonInterestIncome": "None", "otherNonOperatingIncome": "None", "depreciation": "None", "depreciationAndAmortization": "2394", "incomeBeforeTax": "-6035000", "incomeTaxExpense": "269517", "interestAndDebtExpense": "None", "netIncomeFromContinuingOperations": "None", "comprehensiveIncomeNetOfTax": "None", "ebit": "-5451394", "ebitda": "-5449000", "netIncome": "-6035000"}, {"fiscalDateEnding": "2020-12-31", "reportedCurrency": "USD", "grossProfit": "None", "totalRevenue": "None", "costOfRevenue": "None", "costofGoodsAndServicesSold": "None", "operatingIncome": "-5451000", "sellingGeneralAndAdministrative": "5451000", "researchAndDevelopment": "None", "operatingExpenses": "5451000", "investmentIncomeNet": "None", "netInterestIncome": "None", "interestIncome": "None", "interestExpense": "583481", "nonInterestIncome": "None", "otherNonOperatingIncome": "None", "depreciation": "None", "depreciationAndAmortization": "2394", "incomeBeforeTax": "-6035000", "incomeTaxExpense": "-142250", "interestAndDebtExpense": "None", "netIncomeFromContinuingOperations": "None", "comprehensiveIncomeNetOfTax": "None", "ebit": "-5451394", "ebitda": "-5449000", "netIncome": "-6035000"}, {"fiscalDateEnding": "2020-09-30", "reportedCurrency": "USD", "grossProfit": "None", "totalRevenue": "None", "costOfRevenue": "None", "costofGoodsAndServicesSold": "None", "operatingIncome": "-372000", "sellingGeneralAndAdministrative": "1389000", "researchAndDevelopment": "None", "operatingExpenses": "-372000", "investmentIncomeNet": "None", "netInterestIncome": "None", "interestIncome": "None", "interestExpense": "196500", "nonInterestIncome": "None", "otherNonOperatingIncome": "None", "depreciation": "None", "depreciationAndAmortization": "2500", "incomeBeforeTax": "-568000", "incomeTaxExpense": "-284000", "interestAndDebtExpense": "None", "netIncomeFromContinuingOperations": "None", "comprehensiveIncomeNetOfTax": "None", "ebit": "-371500", "ebitda": "-369000", "netIncome": "-284000"}, {"fiscalDateEnding": "2020-06-30", "reportedCurrency": "USD", "grossProfit": "None", "totalRevenue": "None", "costOfRevenue": "None", "costofGoodsAndServicesSold": "None", "operatingIncome": "-186000", "sellingGeneralAndAdministrative": "694500", "researchAndDevelopment": "None", "operatingExpenses": "-186000", "investmentIncomeNet": "None", "netInterestIncome": "None", "interestIncome": "None", "interestExpense": "98250", "nonInterestIncome": "None", "otherNonOperatingIncome": "None", "depreciation": "None", "depreciationAndAmortization": "1250", "incomeBeforeTax": "-284250", "incomeTaxExpense": "-142250", "interestAndDebtExpense": "None", "netIncomeFromContinuingOperations": "None", "comprehensiveIncomeNetOfTax": "None", "ebit": "-186000", "ebitda": "-184750", "netIncome": "-142000"}, {"fiscalDateEnding": "2020-03-31", "reportedCurrency": "USD", "grossProfit": "None", "totalRevenue": "None", "costOfRevenue": "None", "costofGoodsAndServicesSold": "None", "operatingIncome": "-186000", "sellingGeneralAndAdministrative": "694500", "researchAndDevelopment": "None", "operatingExpenses": "-186000", "investmentIncomeNet": "None", "netInterestIncome": "None", "interestIncome": "None", "interestExpense": "98250", "nonInterestIncome": "None", "otherNonOperatingIncome": "None", "depreciation": "None", "depreciationAndAmortization": "1250", "incomeBeforeTax": "-284000", "incomeTaxExpense": "-142000", "interestAndDebtExpense": "None", "netIncomeFromContinuingOperations": "None", "comprehensiveIncomeNetOfTax": "None", "ebit": "-186250", "ebitda": "-185000", "netIncome": "-142000"}, {"fiscalDateEnding": "2019-09-30", "reportedCurrency": "None", "grossProfit": "-154", "totalRevenue": "None", "costOfRevenue": "154", "costofGoodsAndServicesSold": "154", "operatingIncome": "-414000", "sellingGeneralAndAdministrative": "487117", "researchAndDevelopment": "None", "operatingExpenses": "413720", "investmentIncomeNet": "None", "netInterestIncome": "None", "interestIncome": "None", "interestExpense": "44233", "nonInterestIncome": "None", "otherNonOperatingIncome": "None", "depreciation": "None", "depreciationAndAmortization": "154", "incomeBeforeTax": "391923", "incomeTaxExpense": "-127000", "interestAndDebtExpense": "None", "netIncomeFromContinuingOperations": "None", "comprehensiveIncomeNetOfTax": "None", "ebit": "436156", "ebitda": "436310", "netIncome": "518782"}, {"fiscalDateEnding": "2019-03-31", "reportedCurrency": "None", "grossProfit": "-154", "totalRevenue": "None", "costOfRevenue": "154", "costofGoodsAndServicesSold": "154", "operatingIncome": "-414000", "sellingGeneralAndAdministrative": "487117", "researchAndDevelopment": "None", "operatingExpenses": "413720", "investmentIncomeNet": "None", "netInterestIncome": "None", "interestIncome": "None", "interestExpense": "44233", "nonInterestIncome": "None", "otherNonOperatingIncome": "None", "depreciation": "None", "depreciationAndAmortization": "154", "incomeBeforeTax": "391923", "incomeTaxExpense": "-127000", "interestAndDebtExpense": "None", "netIncomeFromContinuingOperations": "None", "comprehensiveIncomeNetOfTax": "None", "ebit": "436156", "ebitda": "436310", "netIncome": "518782"}, {"fiscalDateEnding": "2018-12-31", "reportedCurrency": "None", "grossProfit": "-154", "totalRevenue": "None", "costOfRevenue": "154", "costofGoodsAndServicesSold": "154", "operatingIncome": "-414000", "sellingGeneralAndAdministrative": "487117", "researchAndDevelopment": "None", "operatingExpenses": "413720", "investmentIncomeNet": "None", "netInterestIncome": "None", "interestIncome": "None", "interestExpense": "44233", "nonInterestIncome": "None", "otherNonOperatingIncome": "None", "depreciation": "None", "depreciationAndAmortization": "154", "incomeBeforeTax": "391923", "incomeTaxExpense": "-127000", "interestAndDebtExpense": "None", "netIncomeFromContinuingOperations": "None", "comprehensiveIncomeNetOfTax": "None", "ebit": "436156", "ebitda": "436310", "netIncome": "518782"}]}