{"symbol": "CMA", "annualReports": [{"fiscalDateEnding": "2025-12-31", "reportedCurrency": "USD", "grossProfit": "3266000000", "totalRevenue": "4798000000", "costOfRevenue": "1532000000", "costofGoodsAndServicesSold": "1532000000", "operatingIncome": "915000000", "sellingGeneralAndAdministrative": "1479000000", "researchAndDevelopment": "None", "operatingExpenses": "2351000000", "investmentIncomeNet": "None", "netInterestIncome": "None", "interestIncome": "None", "interestExpense": "1432000000", "nonInterestIncome": "None", "otherNonOperatingIncome": "None", "depreciation": "None", "depreciationAndAmortization": "74000000", "incomeBeforeTax": "915000000", "incomeTaxExpense": "192000000", "interestAndDebtExpense": "None", "netIncomeFromContinuingOperations": "None", "comprehensiveIncomeNetOfTax": "None", "ebit": "915000000", "ebitda": "989000000", "netIncome": "723000000"}, {"fiscalDateEnding": "2024-12-31", "reportedCurrency": "USD", "grossProfit": "3195000000", "totalRevenue": "4993000000", "costOfRevenue": "1798000000", "costofGoodsAndServicesSold": "1798000000", "operatingIncome": "888000000", "sellingGeneralAndAdministrative": "1415000000", "researchAndDevelopment": "None", "operatingExpenses": "2307000000", "investmentIncomeNet": "None", "netInterestIncome": "2190000000", "interestIncome": "3939000000", "interestExpense": "1749000000", "nonInterestIncome": "None", "otherNonOperatingIncome": "None", "depreciation": "None", "depreciationAndAmortization": "96000000", "incomeBeforeTax": "888000000", "incomeTaxExpense": "190000000", "interestAndDebtExpense": "None", "netIncomeFromContinuingOperations": "698000000", "comprehensiveIncomeNetOfTax": "None", "ebit": "888000000", "ebitda": "984000000", "netIncome": "698000000"}, {"fiscalDateEnding": "2023-12-31", "reportedCurrency": "USD", "grossProfit": "3503000000", "totalRevenue": "5253000000", "costOfRevenue": "1750000000", "costofGoodsAndServicesSold": "1750000000", "operatingIncome": "1144000000", "sellingGeneralAndAdministrative": "1377000000", "researchAndDevelopment": "None", "operatingExpenses": "2359000000", "investmentIncomeNet": "None", "netInterestIncome": "2672000000", "interestIncome": "4002000000", "interestExpense": "1661000000", "nonInterestIncome": "None", "otherNonOperatingIncome": "None", "depreciation": "None", "depreciationAndAmortization": "87000000", "incomeBeforeTax": "1144000000", "incomeTaxExpense": "263000000", "interestAndDebtExpense": "None", "netIncomeFromContinuingOperations": "1198000000", "comprehensiveIncomeNetOfTax": "None", "ebit": "1144000000", "ebitda": "1231000000", "netIncome": "881000000"}, {"fiscalDateEnding": "2022-12-31", "reportedCurrency": "USD", "grossProfit": "3474000000", "totalRevenue": "3740000000", "costOfRevenue": "266000000", "costofGoodsAndServicesSold": "266000000", "operatingIncome": "1476000000", "sellingGeneralAndAdministrative": "1239000000", "researchAndDevelopment": "None", "operatingExpenses": "1998000000", "investmentIncomeNet": "None", "netInterestIncome": "2466000000", "interestIncome": "2672000000", "interestExpense": "206000000", "nonInterestIncome": "None", "otherNonOperatingIncome": "None", "depreciation": "None", "depreciationAndAmortization": "92000000", "incomeBeforeTax": "1476000000", "incomeTaxExpense": "325000000", "interestAndDebtExpense": "None", "netIncomeFromContinuingOperations": "1151000000", "comprehensiveIncomeNetOfTax": "None", "ebit": "1476000000", "ebitda": "1568000000", "netIncome": "1151000000"}, {"fiscalDateEnding": "2021-12-31", "reportedCurrency": "USD", "grossProfit": "3351000000", "totalRevenue": "3024000000", "costOfRevenue": "-327000000", "costofGoodsAndServicesSold": "-327000000", "operatingIncome": "1490000000", "sellingGeneralAndAdministrative": "1155000000", "researchAndDevelopment": "None", "operatingExpenses": "1861000000", "investmentIncomeNet": "None", "netInterestIncome": "1844000000", "interestIncome": "1901000000", "interestExpense": "57000000", "nonInterestIncome": "None", "otherNonOperatingIncome": "None", "depreciation": "None", "depreciationAndAmortization": "99000000", "incomeBeforeTax": "1490000000", "incomeTaxExpense": "322000000", "interestAndDebtExpense": "None", "netIncomeFromContinuingOperations": "1168000000", "comprehensiveIncomeNetOfTax": "None", "ebit": "1490000000", "ebitda": "1589000000", "netIncome": "1168000000"}, {"fiscalDateEnding": "2020-12-31", "reportedCurrency": "USD", "grossProfit": "2375000000", "totalRevenue": "3094000000", "costOfRevenue": "719000000", "costofGoodsAndServicesSold": "719000000", "operatingIncome": "621000000", "sellingGeneralAndAdministrative": "1052000000", "researchAndDevelopment": "None", "operatingExpenses": "1754000000", "investmentIncomeNet": "None", "netInterestIncome": "1911000000", "interestIncome": "2093000000", "interestExpense": "182000000", "nonInterestIncome": "None", "otherNonOperatingIncome": "None", "depreciation": "None", "depreciationAndAmortization": "108000000", "incomeBeforeTax": "621000000", "incomeTaxExpense": "124000000", "interestAndDebtExpense": "None", "netIncomeFromContinuingOperations": "474000000", "comprehensiveIncomeNetOfTax": "None", "ebit": "621000000", "ebitda": "729000000", "netIncome": "497000000"}, {"fiscalDateEnding": "2019-12-31", "reportedCurrency": "USD", "grossProfit": "3269000000", "totalRevenue": "3811000000", "costOfRevenue": "542000000", "costofGoodsAndServicesSold": "542000000", "operatingIncome": "1538000000", "sellingGeneralAndAdministrative": "1043000000", "researchAndDevelopment": "None", "operatingExpenses": "1731000000", "investmentIncomeNet": "None", "netInterestIncome": "2339000000", "interestIncome": "2807000000", "interestExpense": "468000000", "nonInterestIncome": "None", "otherNonOperatingIncome": "None", "depreciation": "None", "depreciationAndAmortization": "114000000", "incomeBeforeTax": "1538000000", "incomeTaxExpense": "336000000", "interestAndDebtExpense": "None", "netIncomeFromContinuingOperations": "1198000000", "comprehensiveIncomeNetOfTax": "None", "ebit": "1538000000", "ebitda": "1652000000", "netIncome": "1202000000"}, {"fiscalDateEnding": "2018-12-31", "reportedCurrency": "USD", "grossProfit": "3329000000", "totalRevenue": "3595000000", "costOfRevenue": "266000000", "costofGoodsAndServicesSold": "266000000", "operatingIncome": "1535000000", "sellingGeneralAndAdministrative": "1051000000", "researchAndDevelopment": "0", "operatingExpenses": "1794000000", "investmentIncomeNet": "None", "netInterestIncome": "2352000000", "interestIncome": "2619000000", "interestExpense": "267000000", "nonInterestIncome": "None", "otherNonOperatingIncome": "None", "depreciation": "None", "depreciationAndAmortization": "120000000", "incomeBeforeTax": "1535000000", "incomeTaxExpense": "300000000", "interestAndDebtExpense": "None", "netIncomeFromContinuingOperations": "1235000000", "comprehensiveIncomeNetOfTax": "None", "ebit": "1535000000", "ebitda": "1655000000", "netIncome": "1235000000"}, {"fiscalDateEnding": "2017-12-31", "reportedCurrency": "USD", "grossProfit": "3094000000", "totalRevenue": "3289000000", "costOfRevenue": "195000000", "costofGoodsAndServicesSold": "195000000", "operatingIncome": "1234000000", "sellingGeneralAndAdministrative": "1012000000", "researchAndDevelopment": "0", "operatingExpenses": "1860000000", "investmentIncomeNet": "None", "netInterestIncome": "2061000000", "interestIncome": "2182000000", "interestExpense": "121000000", "nonInterestIncome": "None", "otherNonOperatingIncome": "None", "depreciation": "None", "depreciationAndAmortization": "121000000", "incomeBeforeTax": "1234000000", "incomeTaxExpense": "491000000", "interestAndDebtExpense": "None", "netIncomeFromContinuingOperations": "743000000", "comprehensiveIncomeNetOfTax": "None", "ebit": "1234000000", "ebitda": "1355000000", "netIncome": "743000000"}, {"fiscalDateEnding": "2016-12-31", "reportedCurrency": "USD", "grossProfit": "2600000000", "totalRevenue": "2960000000", "costOfRevenue": "360000000", "costofGoodsAndServicesSold": "360000000", "operatingIncome": "670000000", "sellingGeneralAndAdministrative": "1043000000", "researchAndDevelopment": "0", "operatingExpenses": "1930000000", "investmentIncomeNet": "None", "netInterestIncome": "1797000000", "interestIncome": "1909000000", "interestExpense": "112000000", "nonInterestIncome": "None", "otherNonOperatingIncome": "None", "depreciation": "None", "depreciationAndAmortization": "121000000", "incomeBeforeTax": "670000000", "incomeTaxExpense": "193000000", "interestAndDebtExpense": "None", "netIncomeFromContinuingOperations": "477000000", "comprehensiveIncomeNetOfTax": "None", "ebit": "670000000", "ebitda": "791000000", "netIncome": "477000000"}, {"fiscalDateEnding": "2015-12-31", "reportedCurrency": "USD", "grossProfit": "2577000000", "totalRevenue": "2819000000", "costOfRevenue": "242000000", "costofGoodsAndServicesSold": "242000000", "operatingIncome": "750000000", "sellingGeneralAndAdministrative": "1046000000", "researchAndDevelopment": "0", "operatingExpenses": "1827000000", "investmentIncomeNet": "None", "netInterestIncome": "1689000000", "interestIncome": "1784000000", "interestExpense": "95000000", "nonInterestIncome": "None", "otherNonOperatingIncome": "None", "depreciation": "None", "depreciationAndAmortization": "118000000", "incomeBeforeTax": "750000000", "incomeTaxExpense": "229000000", "interestAndDebtExpense": "None", "netIncomeFromContinuingOperations": "521000000", "comprehensiveIncomeNetOfTax": "None", "ebit": "750000000", "ebitda": "868000000", "netIncome": "521000000"}, {"fiscalDateEnding": "2014-12-31", "reportedCurrency": "USD", "grossProfit": "2477000000", "totalRevenue": "2599000000", "costOfRevenue": "122000000", "costofGoodsAndServicesSold": "122000000", "operatingIncome": "870000000", "sellingGeneralAndAdministrative": "1013000000", "researchAndDevelopment": "0", "operatingExpenses": "1607000000", "investmentIncomeNet": "None", "netInterestIncome": "None", "interestIncome": "None", "interestExpense": "95000000", "nonInterestIncome": "None", "otherNonOperatingIncome": "None", "depreciation": "None", "depreciationAndAmortization": "123000000", "incomeBeforeTax": "870000000", "incomeTaxExpense": "277000000", "interestAndDebtExpense": "None", "netIncomeFromContinuingOperations": "593000000", "comprehensiveIncomeNetOfTax": "None", "ebit": "870000000", "ebitda": "993000000", "netIncome": "593000000"}, {"fiscalDateEnding": "2013-12-31", "reportedCurrency": "USD", "grossProfit": "2498000000", "totalRevenue": "2656000000", "costOfRevenue": "158000000", "costofGoodsAndServicesSold": "158000000", "operatingIncome": "786000000", "sellingGeneralAndAdministrative": "1042000000", "researchAndDevelopment": "0", "operatingExpenses": "1712000000", "investmentIncomeNet": "None", "netInterestIncome": "None", "interestIncome": "None", "interestExpense": "112000000", "nonInterestIncome": "None", "otherNonOperatingIncome": "None", "depreciation": "None", "depreciationAndAmortization": "122000000", "incomeBeforeTax": "786000000", "incomeTaxExpense": "245000000", "interestAndDebtExpense": "None", "netIncomeFromContinuingOperations": "541000000", "comprehensiveIncomeNetOfTax": "None", "ebit": "786000000", "ebitda": "908000000", "netIncome": "541000000"}, {"fiscalDateEnding": "2012-12-31", "reportedCurrency": "USD", "grossProfit": "2519000000", "totalRevenue": "2733000000", "costOfRevenue": "214000000", "costofGoodsAndServicesSold": "214000000", "operatingIncome": "762000000", "sellingGeneralAndAdministrative": "1056000000", "researchAndDevelopment": "0", "operatingExpenses": "1757000000", "investmentIncomeNet": "None", "netInterestIncome": "None", "interestIncome": "None", "interestExpense": "135000000", "nonInterestIncome": "None", "otherNonOperatingIncome": "None", "depreciation": "None", "depreciationAndAmortization": "133000000", "incomeBeforeTax": "762000000", "incomeTaxExpense": "241000000", "interestAndDebtExpense": "None", "netIncomeFromContinuingOperations": "521000000", "comprehensiveIncomeNetOfTax": "None", "ebit": "762000000", "ebitda": "895000000", "netIncome": "521000000"}, {"fiscalDateEnding": "2011-12-31", "reportedCurrency": "USD", "grossProfit": "2301000000", "totalRevenue": "2601000000", "costOfRevenue": "300000000", "costofGoodsAndServicesSold": "300000000", "operatingIncome": "530000000", "sellingGeneralAndAdministrative": "1018000000", "researchAndDevelopment": "0", "operatingExpenses": "1771000000", "investmentIncomeNet": "None", "netInterestIncome": "None", "interestIncome": "None", "interestExpense": "156000000", "nonInterestIncome": "None", "otherNonOperatingIncome": "None", "depreciation": "None", "depreciationAndAmortization": "122000000", "incomeBeforeTax": "530000000", "incomeTaxExpense": "137000000", "interestAndDebtExpense": "None", "netIncomeFromContinuingOperations": "393000000", "comprehensiveIncomeNetOfTax": "None", "ebit": "530000000", "ebitda": "652000000", "netIncome": "393000000"}, {"fiscalDateEnding": "2010-12-31", "reportedCurrency": "USD", "grossProfit": "1957000000", "totalRevenue": "2642000000", "costOfRevenue": "685000000", "costofGoodsAndServicesSold": "685000000", "operatingIncome": "315000000", "sellingGeneralAndAdministrative": "981000000", "researchAndDevelopment": "0", "operatingExpenses": "1642000000", "investmentIncomeNet": "None", "netInterestIncome": "None", "interestIncome": "None", "interestExpense": "207000000", "nonInterestIncome": "None", "otherNonOperatingIncome": "None", "depreciation": "None", "depreciationAndAmortization": "124000000", "incomeBeforeTax": "315000000", "incomeTaxExpense": "55000000", "interestAndDebtExpense": "None", "netIncomeFromContinuingOperations": "260000000", "comprehensiveIncomeNetOfTax": "None", "ebit": "315000000", "ebitda": "439000000", "netIncome": "277000000"}, {"fiscalDateEnding": "2009-12-31", "reportedCurrency": "USD", "grossProfit": "1515000000", "totalRevenue": "3135000000", "costOfRevenue": "1620000000", "costofGoodsAndServicesSold": "1620000000", "operatingIncome": "-115000000", "sellingGeneralAndAdministrative": "987000000", "researchAndDevelopment": "None", "operatingExpenses": "1630000000", "investmentIncomeNet": "None", "netInterestIncome": "None", "interestIncome": "None", "interestExpense": "538000000", "nonInterestIncome": "None", "otherNonOperatingIncome": "None", "depreciation": "None", "depreciationAndAmortization": "122000000", "incomeBeforeTax": "-115000000", "incomeTaxExpense": "-131000000", "interestAndDebtExpense": "None", "netIncomeFromContinuingOperations": "None", "comprehensiveIncomeNetOfTax": "None", "ebit": "-115000000", "ebitda": "7000000", "netIncome": "17000000"}, {"fiscalDateEnding": "2008-12-31", "reportedCurrency": "USD", "grossProfit": "2004000000", "totalRevenue": "3944000000", "costOfRevenue": "1940000000", "costofGoodsAndServicesSold": "1940000000", "operatingIncome": "271000000", "sellingGeneralAndAdministrative": "991000000", "researchAndDevelopment": "None", "operatingExpenses": "1733000000", "investmentIncomeNet": "None", "netInterestIncome": "None", "interestIncome": "None", "interestExpense": "1236000000", "nonInterestIncome": "None", "otherNonOperatingIncome": "None", "depreciation": "None", "depreciationAndAmortization": "114000000", "incomeBeforeTax": "271000000", "incomeTaxExpense": "59000000", "interestAndDebtExpense": "None", "netIncomeFromContinuingOperations": "None", "comprehensiveIncomeNetOfTax": "None", "ebit": "271000000", "ebitda": "385000000", "netIncome": "213000000"}, {"fiscalDateEnding": "2007-12-31", "reportedCurrency": "USD", "grossProfit": "2677000000", "totalRevenue": "4615000000", "costOfRevenue": "1938000000", "costofGoodsAndServicesSold": "1938000000", "operatingIncome": "988000000", "sellingGeneralAndAdministrative": "1038000000", "researchAndDevelopment": "None", "operatingExpenses": "1689000000", "investmentIncomeNet": "None", "netInterestIncome": "None", "interestIncome": "None", "interestExpense": "1727000000", "nonInterestIncome": "None", "otherNonOperatingIncome": "None", "depreciation": "None", "depreciationAndAmortization": "96000000", "incomeBeforeTax": "988000000", "incomeTaxExpense": "306000000", "interestAndDebtExpense": "None", "netIncomeFromContinuingOperations": "None", "comprehensiveIncomeNetOfTax": "None", "ebit": "988000000", "ebitda": "1084000000", "netIncome": "686000000"}, {"fiscalDateEnding": "2006-12-31", "reportedCurrency": "USD", "grossProfit": "2761000000", "totalRevenue": "4242000000", "costOfRevenue": "1481000000", "costofGoodsAndServicesSold": "1481000000", "operatingIncome": "1127000000", "sellingGeneralAndAdministrative": "999000000", "researchAndDevelopment": "None", "operatingExpenses": "1634000000", "investmentIncomeNet": "None", "netInterestIncome": "None", "interestIncome": "None", "interestExpense": "1439000000", "nonInterestIncome": "None", "otherNonOperatingIncome": "None", "depreciation": "None", "depreciationAndAmortization": "84000000", "incomeBeforeTax": "1127000000", "incomeTaxExpense": "345000000", "interestAndDebtExpense": "None", "netIncomeFromContinuingOperations": "None", "comprehensiveIncomeNetOfTax": "None", "ebit": "1127000000", "ebitda": "1211000000", "netIncome": "893000000"}], "quarterlyReports": [{"fiscalDateEnding": "2025-12-31", "reportedCurrency": "USD", "grossProfit": "836000000", "totalRevenue": "1205000000", "costOfRevenue": "369000000", "costofGoodsAndServicesSold": "369000000", "operatingIncome": "219000000", "sellingGeneralAndAdministrative": "365000000", "researchAndDevelopment": "None", "operatingExpenses": "617000000", "investmentIncomeNet": "None", "netInterestIncome": "None", "interestIncome": "None", "interestExpense": "355000000", "nonInterestIncome": "None", "otherNonOperatingIncome": "None", "depreciation": "None", "depreciationAndAmortization": "None", "incomeBeforeTax": "219000000", "incomeTaxExpense": "43000000", "interestAndDebtExpense": "None", "netIncomeFromContinuingOperations": "None", "comprehensiveIncomeNetOfTax": "None", "ebit": "None", "ebitda": "219000000", "netIncome": "176000000"}, {"fiscalDateEnding": "2025-09-30", "reportedCurrency": "USD", "grossProfit": "816000000", "totalRevenue": "1210000000", "costOfRevenue": "394000000", "costofGoodsAndServicesSold": "394000000", "operatingIncome": "227000000", "sellingGeneralAndAdministrative": "363000000", "researchAndDevelopment": "None", "operatingExpenses": "589000000", "investmentIncomeNet": "None", "netInterestIncome": "574000000", "interestIncome": "946000000", "interestExpense": "372000000", "nonInterestIncome": "None", "otherNonOperatingIncome": "None", "depreciation": "None", "depreciationAndAmortization": "24000000", "incomeBeforeTax": "227000000", "incomeTaxExpense": "51000000", "interestAndDebtExpense": "None", "netIncomeFromContinuingOperations": "176000000", "comprehensiveIncomeNetOfTax": "None", "ebit": "227000000", "ebitda": "251000000", "netIncome": "176000000"}, {"fiscalDateEnding": "2025-06-30", "reportedCurrency": "USD", "grossProfit": "805000000", "totalRevenue": "1205000000", "costOfRevenue": "400000000", "costofGoodsAndServicesSold": "400000000", "operatingIncome": "244000000", "sellingGeneralAndAdministrative": "369000000", "researchAndDevelopment": "None", "operatingExpenses": "561000000", "investmentIncomeNet": "None", "netInterestIncome": "575000000", "interestIncome": "931000000", "interestExpense": "356000000", "nonInterestIncome": "None", "otherNonOperatingIncome": "None", "depreciation": "None", "depreciationAndAmortization": "25000000", "incomeBeforeTax": "244000000", "incomeTaxExpense": "45000000", "interestAndDebtExpense": "None", "netIncomeFromContinuingOperations": "199000000", "comprehensiveIncomeNetOfTax": "None", "ebit": "244000000", "ebitda": "269000000", "netIncome": "199000000"}, {"fiscalDateEnding": "2025-03-31", "reportedCurrency": "USD", "grossProfit": "809000000", "totalRevenue": "1178000000", "costOfRevenue": "369000000", "costofGoodsAndServicesSold": "369000000", "operatingIncome": "225000000", "sellingGeneralAndAdministrative": "382000000", "researchAndDevelopment": "None", "operatingExpenses": "584000000", "investmentIncomeNet": "None", "netInterestIncome": "575000000", "interestIncome": "924000000", "interestExpense": "349000000", "nonInterestIncome": "None", "otherNonOperatingIncome": "None", "depreciation": "None", "depreciationAndAmortization": "25000000", "incomeBeforeTax": "225000000", "incomeTaxExpense": "53000000", "interestAndDebtExpense": "None", "netIncomeFromContinuingOperations": "172000000", "comprehensiveIncomeNetOfTax": "None", "ebit": "225000000", "ebitda": "250000000", "netIncome": "172000000"}, {"fiscalDateEnding": "2024-12-31", "reportedCurrency": "USD", "grossProfit": "804000000", "totalRevenue": "1217000000", "costOfRevenue": "413000000", "costofGoodsAndServicesSold": "413000000", "operatingIncome": "217000000", "sellingGeneralAndAdministrative": "343000000", "researchAndDevelopment": "None", "operatingExpenses": "587000000", "investmentIncomeNet": "None", "netInterestIncome": "575000000", "interestIncome": "967000000", "interestExpense": "392000000", "nonInterestIncome": "None", "otherNonOperatingIncome": "None", "depreciation": "None", "depreciationAndAmortization": "26000000", "incomeBeforeTax": "217000000", "incomeTaxExpense": "47000000", "interestAndDebtExpense": "None", "netIncomeFromContinuingOperations": "170000000", "comprehensiveIncomeNetOfTax": "None", "ebit": "217000000", "ebitda": "243000000", "netIncome": "170000000"}, {"fiscalDateEnding": "2024-09-30", "reportedCurrency": "USD", "grossProfit": "797000000", "totalRevenue": "1259000000", "costOfRevenue": "462000000", "costofGoodsAndServicesSold": "462000000", "operatingIncome": "235000000", "sellingGeneralAndAdministrative": "346000000", "researchAndDevelopment": "None", "operatingExpenses": "562000000", "investmentIncomeNet": "None", "netInterestIncome": "534000000", "interestIncome": "982000000", "interestExpense": "448000000", "nonInterestIncome": "None", "otherNonOperatingIncome": "None", "depreciation": "None", "depreciationAndAmortization": "23000000", "incomeBeforeTax": "235000000", "incomeTaxExpense": "51000000", "interestAndDebtExpense": "None", "netIncomeFromContinuingOperations": "184000000", "comprehensiveIncomeNetOfTax": "None", "ebit": "235000000", "ebitda": "258000000", "netIncome": "184000000"}, {"fiscalDateEnding": "2024-06-30", "reportedCurrency": "USD", "grossProfit": "824000000", "totalRevenue": "1262000000", "costOfRevenue": "438000000", "costofGoodsAndServicesSold": "438000000", "operatingIncome": "269000000", "sellingGeneralAndAdministrative": "342000000", "researchAndDevelopment": "None", "operatingExpenses": "555000000", "investmentIncomeNet": "None", "netInterestIncome": "533000000", "interestIncome": "971000000", "interestExpense": "438000000", "nonInterestIncome": "None", "otherNonOperatingIncome": "None", "depreciation": "None", "depreciationAndAmortization": "25000000", "incomeBeforeTax": "269000000", "incomeTaxExpense": "63000000", "interestAndDebtExpense": "None", "netIncomeFromContinuingOperations": "206000000", "comprehensiveIncomeNetOfTax": "None", "ebit": "269000000", "ebitda": "294000000", "netIncome": "206000000"}, {"fiscalDateEnding": "2024-03-31", "reportedCurrency": "USD", "grossProfit": "770000000", "totalRevenue": "1255000000", "costOfRevenue": "485000000", "costofGoodsAndServicesSold": "485000000", "operatingIncome": "167000000", "sellingGeneralAndAdministrative": "368000000", "researchAndDevelopment": "None", "operatingExpenses": "603000000", "investmentIncomeNet": "None", "netInterestIncome": "548000000", "interestIncome": "1019000000", "interestExpense": "471000000", "nonInterestIncome": "None", "otherNonOperatingIncome": "None", "depreciation": "None", "depreciationAndAmortization": "22000000", "incomeBeforeTax": "167000000", "incomeTaxExpense": "29000000", "interestAndDebtExpense": "None", "netIncomeFromContinuingOperations": "138000000", "comprehensiveIncomeNetOfTax": "None", "ebit": "167000000", "ebitda": "189000000", "netIncome": "138000000"}, {"fiscalDateEnding": "2023-12-31", "reportedCurrency": "USD", "grossProfit": "770000000", "totalRevenue": "1247000000", "costOfRevenue": "477000000", "costofGoodsAndServicesSold": "477000000", "operatingIncome": "52000000", "sellingGeneralAndAdministrative": "382000000", "researchAndDevelopment": "None", "operatingExpenses": "718000000", "investmentIncomeNet": "None", "netInterestIncome": "584000000", "interestIncome": "1049000000", "interestExpense": "465000000", "nonInterestIncome": "None", "otherNonOperatingIncome": "None", "depreciation": "None", "depreciationAndAmortization": "23000000", "incomeBeforeTax": "52000000", "incomeTaxExpense": "19000000", "interestAndDebtExpense": "None", "netIncomeFromContinuingOperations": "33000000", "comprehensiveIncomeNetOfTax": "None", "ebit": "52000000", "ebitda": "75000000", "netIncome": "33000000"}, {"fiscalDateEnding": "2023-09-30", "reportedCurrency": "USD", "grossProfit": "882000000", "totalRevenue": "1398000000", "costOfRevenue": "516000000", "costofGoodsAndServicesSold": "516000000", "operatingIncome": "327000000", "sellingGeneralAndAdministrative": "334000000", "researchAndDevelopment": "None", "operatingExpenses": "555000000", "investmentIncomeNet": "None", "netInterestIncome": "601000000", "interestIncome": "1103000000", "interestExpense": "502000000", "nonInterestIncome": "None", "otherNonOperatingIncome": "None", "depreciation": "None", "depreciationAndAmortization": "22000000", "incomeBeforeTax": "327000000", "incomeTaxExpense": "76000000", "interestAndDebtExpense": "None", "netIncomeFromContinuingOperations": "251000000", "comprehensiveIncomeNetOfTax": "None", "ebit": "327000000", "ebitda": "349000000", "netIncome": "251000000"}, {"fiscalDateEnding": "2023-06-30", "reportedCurrency": "USD", "grossProfit": "891000000", "totalRevenue": "1377000000", "costOfRevenue": "486000000", "costofGoodsAndServicesSold": "486000000", "operatingIncome": "356000000", "sellingGeneralAndAdministrative": "322000000", "researchAndDevelopment": "None", "operatingExpenses": "535000000", "investmentIncomeNet": "None", "netInterestIncome": "621000000", "interestIncome": "1074000000", "interestExpense": "453000000", "nonInterestIncome": "None", "otherNonOperatingIncome": "None", "depreciation": "None", "depreciationAndAmortization": "22000000", "incomeBeforeTax": "356000000", "incomeTaxExpense": "83000000", "interestAndDebtExpense": "None", "netIncomeFromContinuingOperations": "273000000", "comprehensiveIncomeNetOfTax": "None", "ebit": "356000000", "ebitda": "378000000", "netIncome": "273000000"}, {"fiscalDateEnding": "2023-03-31", "reportedCurrency": "USD", "grossProfit": "960000000", "totalRevenue": "1231000000", "costOfRevenue": "271000000", "costofGoodsAndServicesSold": "271000000", "operatingIncome": "409000000", "sellingGeneralAndAdministrative": "339000000", "researchAndDevelopment": "None", "operatingExpenses": "551000000", "investmentIncomeNet": "None", "netInterestIncome": "708000000", "interestIncome": "949000000", "interestExpense": "241000000", "nonInterestIncome": "None", "otherNonOperatingIncome": "None", "depreciation": "None", "depreciationAndAmortization": "20000000", "incomeBeforeTax": "409000000", "incomeTaxExpense": "85000000", "interestAndDebtExpense": "None", "netIncomeFromContinuingOperations": "324000000", "comprehensiveIncomeNetOfTax": "None", "ebit": "409000000", "ebitda": "429000000", "netIncome": "324000000"}, {"fiscalDateEnding": "2022-12-31", "reportedCurrency": "USD", "grossProfit": "987000000", "totalRevenue": "1154000000", "costOfRevenue": "167000000", "costofGoodsAndServicesSold": "167000000", "operatingIncome": "446000000", "sellingGeneralAndAdministrative": "325000000", "researchAndDevelopment": "None", "operatingExpenses": "541000000", "investmentIncomeNet": "None", "netInterestIncome": "742000000", "interestIncome": "876000000", "interestExpense": "134000000", "nonInterestIncome": "None", "otherNonOperatingIncome": "None", "depreciation": "None", "depreciationAndAmortization": "21000000", "incomeBeforeTax": "446000000", "incomeTaxExpense": "96000000", "interestAndDebtExpense": "None", "netIncomeFromContinuingOperations": "350000000", "comprehensiveIncomeNetOfTax": "None", "ebit": "446000000", "ebitda": "467000000", "netIncome": "350000000"}, {"fiscalDateEnding": "2022-09-30", "reportedCurrency": "USD", "grossProfit": "957000000", "totalRevenue": "1028000000", "costOfRevenue": "71000000", "costofGoodsAndServicesSold": "71000000", "operatingIncome": "455000000", "sellingGeneralAndAdministrative": "315000000", "researchAndDevelopment": "None", "operatingExpenses": "502000000", "investmentIncomeNet": "None", "netInterestIncome": "561000000", "interestIncome": "577000000", "interestExpense": "43000000", "nonInterestIncome": "None", "otherNonOperatingIncome": "None", "depreciation": "None", "depreciationAndAmortization": "25000000", "incomeBeforeTax": "455000000", "incomeTaxExpense": "104000000", "interestAndDebtExpense": "None", "netIncomeFromContinuingOperations": "261000000", "comprehensiveIncomeNetOfTax": "None", "ebit": "455000000", "ebitda": "480000000", "netIncome": "351000000"}, {"fiscalDateEnding": "2022-06-30", "reportedCurrency": "USD", "grossProfit": "819000000", "totalRevenue": "845000000", "costOfRevenue": "26000000", "costofGoodsAndServicesSold": "26000000", "operatingIncome": "337000000", "sellingGeneralAndAdministrative": "302000000", "researchAndDevelopment": "None", "operatingExpenses": "482000000", "investmentIncomeNet": "None", "netInterestIncome": "561000000", "interestIncome": "577000000", "interestExpense": "16000000", "nonInterestIncome": "None", "otherNonOperatingIncome": "None", "depreciation": "None", "depreciationAndAmortization": "23000000", "incomeBeforeTax": "337000000", "incomeTaxExpense": "76000000", "interestAndDebtExpense": "None", "netIncomeFromContinuingOperations": "261000000", "comprehensiveIncomeNetOfTax": "None", "ebit": "337000000", "ebitda": "360000000", "netIncome": "261000000"}, {"fiscalDateEnding": "2022-03-31", "reportedCurrency": "USD", "grossProfit": "711000000", "totalRevenue": "713000000", "costOfRevenue": "2000000", "costofGoodsAndServicesSold": "2000000", "operatingIncome": "238000000", "sellingGeneralAndAdministrative": "297000000", "researchAndDevelopment": "None", "operatingExpenses": "473000000", "investmentIncomeNet": "None", "netInterestIncome": "456000000", "interestIncome": "469000000", "interestExpense": "13000000", "nonInterestIncome": "None", "otherNonOperatingIncome": "None", "depreciation": "None", "depreciationAndAmortization": "23000000", "incomeBeforeTax": "238000000", "incomeTaxExpense": "49000000", "interestAndDebtExpense": "None", "netIncomeFromContinuingOperations": "189000000", "comprehensiveIncomeNetOfTax": "None", "ebit": "238000000", "ebitda": "261000000", "netIncome": "189000000"}, {"fiscalDateEnding": "2021-12-31", "reportedCurrency": "USD", "grossProfit": "775000000", "totalRevenue": "763000000", "costOfRevenue": "-12000000", "costofGoodsAndServicesSold": "-12000000", "operatingIncome": "289000000", "sellingGeneralAndAdministrative": "297000000", "researchAndDevelopment": "None", "operatingExpenses": "486000000", "investmentIncomeNet": "None", "netInterestIncome": "461000000", "interestIncome": "474000000", "interestExpense": "13000000", "nonInterestIncome": "None", "otherNonOperatingIncome": "None", "depreciation": "None", "depreciationAndAmortization": "23000000", "incomeBeforeTax": "289000000", "incomeTaxExpense": "61000000", "interestAndDebtExpense": "None", "netIncomeFromContinuingOperations": "228000000", "comprehensiveIncomeNetOfTax": "None", "ebit": "289000000", "ebitda": "312000000", "netIncome": "228000000"}, {"fiscalDateEnding": "2021-09-30", "reportedCurrency": "USD", "grossProfit": "797000000", "totalRevenue": "769000000", "costOfRevenue": "-28000000", "costofGoodsAndServicesSold": "-28000000", "operatingIncome": "332000000", "sellingGeneralAndAdministrative": "286000000", "researchAndDevelopment": "None", "operatingExpenses": "465000000", "investmentIncomeNet": "None", "netInterestIncome": "475000000", "interestIncome": "489000000", "interestExpense": "14000000", "nonInterestIncome": "None", "otherNonOperatingIncome": "None", "depreciation": "None", "depreciationAndAmortization": "25000000", "incomeBeforeTax": "332000000", "incomeTaxExpense": "70000000", "interestAndDebtExpense": "None", "netIncomeFromContinuingOperations": "262000000", "comprehensiveIncomeNetOfTax": "None", "ebit": "332000000", "ebitda": "357000000", "netIncome": "262000000"}, {"fiscalDateEnding": "2021-06-30", "reportedCurrency": "USD", "grossProfit": "884000000", "totalRevenue": "763000000", "costOfRevenue": "-121000000", "costofGoodsAndServicesSold": "-121000000", "operatingIncome": "421000000", "sellingGeneralAndAdministrative": "284000000", "researchAndDevelopment": "None", "operatingExpenses": "463000000", "investmentIncomeNet": "None", "netInterestIncome": "465000000", "interestIncome": "479000000", "interestExpense": "14000000", "nonInterestIncome": "None", "otherNonOperatingIncome": "None", "depreciation": "None", "depreciationAndAmortization": "26000000", "incomeBeforeTax": "421000000", "incomeTaxExpense": "93000000", "interestAndDebtExpense": "None", "netIncomeFromContinuingOperations": "328000000", "comprehensiveIncomeNetOfTax": "None", "ebit": "421000000", "ebitda": "447000000", "netIncome": "328000000"}, {"fiscalDateEnding": "2021-03-31", "reportedCurrency": "USD", "grossProfit": "895000000", "totalRevenue": "729000000", "costOfRevenue": "-166000000", "costofGoodsAndServicesSold": "-166000000", "operatingIncome": "448000000", "sellingGeneralAndAdministrative": "288000000", "researchAndDevelopment": "None", "operatingExpenses": "447000000", "investmentIncomeNet": "None", "netInterestIncome": "443000000", "interestIncome": "459000000", "interestExpense": "16000000", "nonInterestIncome": "None", "otherNonOperatingIncome": "None", "depreciation": "None", "depreciationAndAmortization": "25000000", "incomeBeforeTax": "448000000", "incomeTaxExpense": "98000000", "interestAndDebtExpense": "None", "netIncomeFromContinuingOperations": "350000000", "comprehensiveIncomeNetOfTax": "None", "ebit": "448000000", "ebitda": "473000000", "netIncome": "350000000"}, {"fiscalDateEnding": "2020-12-31", "reportedCurrency": "USD", "grossProfit": "751000000", "totalRevenue": "754000000", "costOfRevenue": "3000000", "costofGoodsAndServicesSold": "3000000", "operatingIncome": "278000000", "sellingGeneralAndAdministrative": "280000000", "researchAndDevelopment": "None", "operatingExpenses": "473000000", "investmentIncomeNet": "None", "netInterestIncome": "469000000", "interestIncome": "489000000", "interestExpense": "20000000", "nonInterestIncome": "None", "otherNonOperatingIncome": "None", "depreciation": "None", "depreciationAndAmortization": "26000000", "incomeBeforeTax": "278000000", "incomeTaxExpense": "63000000", "interestAndDebtExpense": "None", "netIncomeFromContinuingOperations": "215000000", "comprehensiveIncomeNetOfTax": "None", "ebit": "278000000", "ebitda": "304000000", "netIncome": "215000000"}, {"fiscalDateEnding": "2020-09-30", "reportedCurrency": "USD", "grossProfit": "705000000", "totalRevenue": "736000000", "costOfRevenue": "31000000", "costofGoodsAndServicesSold": "31000000", "operatingIncome": "267000000", "sellingGeneralAndAdministrative": "265000000", "researchAndDevelopment": "None", "operatingExpenses": "438000000", "investmentIncomeNet": "None", "netInterestIncome": "458000000", "interestIncome": "484000000", "interestExpense": "26000000", "nonInterestIncome": "None", "otherNonOperatingIncome": "None", "depreciation": "None", "depreciationAndAmortization": "27000000", "incomeBeforeTax": "267000000", "incomeTaxExpense": "50000000", "interestAndDebtExpense": "None", "netIncomeFromContinuingOperations": "211000000", "comprehensiveIncomeNetOfTax": "None", "ebit": "267000000", "ebitda": "294000000", "netIncome": "217000000"}, {"fiscalDateEnding": "2020-06-30", "reportedCurrency": "USD", "grossProfit": "580000000", "totalRevenue": "758000000", "costOfRevenue": "178000000", "costofGoodsAndServicesSold": "178000000", "operatingIncome": "146000000", "sellingGeneralAndAdministrative": "257000000", "researchAndDevelopment": "None", "operatingExpenses": "434000000", "investmentIncomeNet": "None", "netInterestIncome": "471000000", "interestIncome": "511000000", "interestExpense": "40000000", "nonInterestIncome": "None", "otherNonOperatingIncome": "None", "depreciation": "None", "depreciationAndAmortization": "29000000", "incomeBeforeTax": "146000000", "incomeTaxExpense": "28000000", "interestAndDebtExpense": "None", "netIncomeFromContinuingOperations": "113000000", "comprehensiveIncomeNetOfTax": "None", "ebit": "146000000", "ebitda": "175000000", "netIncome": "118000000"}, {"fiscalDateEnding": "2020-03-31", "reportedCurrency": "USD", "grossProfit": "339000000", "totalRevenue": "846000000", "costOfRevenue": "507000000", "costofGoodsAndServicesSold": "507000000", "operatingIncome": "-78000000", "sellingGeneralAndAdministrative": "250000000", "researchAndDevelopment": "None", "operatingExpenses": "417000000", "investmentIncomeNet": "None", "netInterestIncome": "513000000", "interestIncome": "609000000", "interestExpense": "96000000", "nonInterestIncome": "None", "otherNonOperatingIncome": "None", "depreciation": "None", "depreciationAndAmortization": "26000000", "incomeBeforeTax": "-78000000", "incomeTaxExpense": "-19000000", "interestAndDebtExpense": "None", "netIncomeFromContinuingOperations": "-65000000", "comprehensiveIncomeNetOfTax": "None", "ebit": "-78000000", "ebitda": "-52000000", "netIncome": "-59000000"}, {"fiscalDateEnding": "2019-12-31", "reportedCurrency": "USD", "grossProfit": "796000000", "totalRevenue": "919000000", "costOfRevenue": "123000000", "costofGoodsAndServicesSold": "123000000", "operatingIncome": "351000000", "sellingGeneralAndAdministrative": "263000000", "researchAndDevelopment": "None", "operatingExpenses": "445000000", "investmentIncomeNet": "None", "netInterestIncome": "544000000", "interestIncome": "659000000", "interestExpense": "115000000", "nonInterestIncome": "None", "otherNonOperatingIncome": "None", "depreciation": "None", "depreciationAndAmortization": "30000000", "incomeBeforeTax": "351000000", "incomeTaxExpense": "82000000", "interestAndDebtExpense": "None", "netIncomeFromContinuingOperations": "269000000", "comprehensiveIncomeNetOfTax": "None", "ebit": "351000000", "ebitda": "381000000", "netIncome": "269000000"}, {"fiscalDateEnding": "2019-09-30", "reportedCurrency": "USD", "grossProfit": "807000000", "totalRevenue": "967000000", "costOfRevenue": "160000000", "costofGoodsAndServicesSold": "160000000", "operatingIncome": "372000000", "sellingGeneralAndAdministrative": "259000000", "researchAndDevelopment": "None", "operatingExpenses": "435000000", "investmentIncomeNet": "None", "netInterestIncome": "586000000", "interestIncome": "711000000", "interestExpense": "125000000", "nonInterestIncome": "None", "otherNonOperatingIncome": "None", "depreciation": "None", "depreciationAndAmortization": "27000000", "incomeBeforeTax": "372000000", "incomeTaxExpense": "80000000", "interestAndDebtExpense": "None", "netIncomeFromContinuingOperations": "292000000", "comprehensiveIncomeNetOfTax": "None", "ebit": "372000000", "ebitda": "399000000", "netIncome": "292000000"}, {"fiscalDateEnding": "2019-06-30", "reportedCurrency": "USD", "grossProfit": "809000000", "totalRevenue": "977000000", "costOfRevenue": "168000000", "costofGoodsAndServicesSold": "168000000", "operatingIncome": "385000000", "sellingGeneralAndAdministrative": "251000000", "researchAndDevelopment": "None", "operatingExpenses": "424000000", "investmentIncomeNet": "None", "netInterestIncome": "603000000", "interestIncome": "727000000", "interestExpense": "124000000", "nonInterestIncome": "None", "otherNonOperatingIncome": "None", "depreciation": "None", "depreciationAndAmortization": "28000000", "incomeBeforeTax": "385000000", "incomeTaxExpense": "87000000", "interestAndDebtExpense": "None", "netIncomeFromContinuingOperations": "298000000", "comprehensiveIncomeNetOfTax": "None", "ebit": "385000000", "ebitda": "413000000", "netIncome": "298000000"}, {"fiscalDateEnding": "2019-03-31", "reportedCurrency": "USD", "grossProfit": "857000000", "totalRevenue": "948000000", "costOfRevenue": "91000000", "costofGoodsAndServicesSold": "91000000", "operatingIncome": "424000000", "sellingGeneralAndAdministrative": "270000000", "researchAndDevelopment": "None", "operatingExpenses": "433000000", "investmentIncomeNet": "None", "netInterestIncome": "606000000", "interestIncome": "710000000", "interestExpense": "104000000", "nonInterestIncome": "None", "otherNonOperatingIncome": "None", "depreciation": "None", "depreciationAndAmortization": "29000000", "incomeBeforeTax": "424000000", "incomeTaxExpense": "85000000", "interestAndDebtExpense": "None", "netIncomeFromContinuingOperations": "339000000", "comprehensiveIncomeNetOfTax": "None", "ebit": "424000000", "ebitda": "453000000", "netIncome": "339000000"}, {"fiscalDateEnding": "2018-12-31", "reportedCurrency": "USD", "grossProfit": "848000000", "totalRevenue": "954000000", "costOfRevenue": "106000000", "costofGoodsAndServicesSold": "106000000", "operatingIncome": "400000000", "sellingGeneralAndAdministrative": "256000000", "researchAndDevelopment": "0", "operatingExpenses": "448000000", "investmentIncomeNet": "None", "netInterestIncome": "None", "interestIncome": "None", "interestExpense": "90000000", "nonInterestIncome": "None", "otherNonOperatingIncome": "None", "depreciation": "None", "depreciationAndAmortization": "30000000", "incomeBeforeTax": "400000000", "incomeTaxExpense": "90000000", "interestAndDebtExpense": "None", "netIncomeFromContinuingOperations": "310000000", "comprehensiveIncomeNetOfTax": "None", "ebit": "400000000", "ebitda": "430000000", "netIncome": "310000000"}, {"fiscalDateEnding": "2018-09-30", "reportedCurrency": "USD", "grossProfit": "833000000", "totalRevenue": "909000000", "costOfRevenue": "76000000", "costofGoodsAndServicesSold": "76000000", "operatingIncome": "381000000", "sellingGeneralAndAdministrative": "265000000", "researchAndDevelopment": "0", "operatingExpenses": "452000000", "investmentIncomeNet": "None", "netInterestIncome": "None", "interestIncome": "None", "interestExpense": "76000000", "nonInterestIncome": "None", "otherNonOperatingIncome": "None", "depreciation": "None", "depreciationAndAmortization": "30000000", "incomeBeforeTax": "381000000", "incomeTaxExpense": "63000000", "interestAndDebtExpense": "None", "netIncomeFromContinuingOperations": "318000000", "comprehensiveIncomeNetOfTax": "None", "ebit": "381000000", "ebitda": "411000000", "netIncome": "318000000"}, {"fiscalDateEnding": "2018-06-30", "reportedCurrency": "USD", "grossProfit": "867000000", "totalRevenue": "898000000", "costOfRevenue": "31000000", "costofGoodsAndServicesSold": "31000000", "operatingIncome": "419000000", "sellingGeneralAndAdministrative": "262000000", "researchAndDevelopment": "0", "operatingExpenses": "448000000", "investmentIncomeNet": "None", "netInterestIncome": "None", "interestIncome": "None", "interestExpense": "60000000", "nonInterestIncome": "None", "otherNonOperatingIncome": "None", "depreciation": "None", "depreciationAndAmortization": "29000000", "incomeBeforeTax": "419000000", "incomeTaxExpense": "93000000", "interestAndDebtExpense": "None", "netIncomeFromContinuingOperations": "326000000", "comprehensiveIncomeNetOfTax": "None", "ebit": "419000000", "ebitda": "448000000", "netIncome": "326000000"}, {"fiscalDateEnding": "2018-03-31", "reportedCurrency": "USD", "grossProfit": "781000000", "totalRevenue": "834000000", "costOfRevenue": "53000000", "costofGoodsAndServicesSold": "53000000", "operatingIncome": "335000000", "sellingGeneralAndAdministrative": "268000000", "researchAndDevelopment": "0", "operatingExpenses": "446000000", "investmentIncomeNet": "None", "netInterestIncome": "None", "interestIncome": "None", "interestExpense": "41000000", "nonInterestIncome": "None", "otherNonOperatingIncome": "None", "depreciation": "None", "depreciationAndAmortization": "31000000", "incomeBeforeTax": "335000000", "incomeTaxExpense": "54000000", "interestAndDebtExpense": "None", "netIncomeFromContinuingOperations": "281000000", "comprehensiveIncomeNetOfTax": "None", "ebit": "335000000", "ebitda": "366000000", "netIncome": "281000000"}, {"fiscalDateEnding": "2017-12-31", "reportedCurrency": "USD", "grossProfit": "813000000", "totalRevenue": "863000000", "costOfRevenue": "50000000", "costofGoodsAndServicesSold": "50000000", "operatingIncome": "330000000", "sellingGeneralAndAdministrative": "248000000", "researchAndDevelopment": "0", "operatingExpenses": "483000000", "investmentIncomeNet": "None", "netInterestIncome": "None", "interestIncome": "None", "interestExpense": "33000000", "nonInterestIncome": "None", "otherNonOperatingIncome": "None", "depreciation": "None", "depreciationAndAmortization": "30000000", "incomeBeforeTax": "330000000", "incomeTaxExpense": "218000000", "interestAndDebtExpense": "None", "netIncomeFromContinuingOperations": "112000000", "comprehensiveIncomeNetOfTax": "None", "ebit": "330000000", "ebitda": "360000000", "netIncome": "112000000"}, {"fiscalDateEnding": "2017-09-30", "reportedCurrency": "USD", "grossProfit": "797000000", "totalRevenue": "854000000", "costOfRevenue": "57000000", "costofGoodsAndServicesSold": "57000000", "operatingIncome": "334000000", "sellingGeneralAndAdministrative": "250000000", "researchAndDevelopment": "0", "operatingExpenses": "463000000", "investmentIncomeNet": "None", "netInterestIncome": "None", "interestIncome": "None", "interestExpense": "33000000", "nonInterestIncome": "None", "otherNonOperatingIncome": "None", "depreciation": "None", "depreciationAndAmortization": "31000000", "incomeBeforeTax": "334000000", "incomeTaxExpense": "108000000", "interestAndDebtExpense": "None", "netIncomeFromContinuingOperations": "226000000", "comprehensiveIncomeNetOfTax": "None", "ebit": "334000000", "ebitda": "365000000", "netIncome": "226000000"}, {"fiscalDateEnding": "2017-06-30", "reportedCurrency": "USD", "grossProfit": "759000000", "totalRevenue": "805000000", "costOfRevenue": "46000000", "costofGoodsAndServicesSold": "46000000", "operatingIncome": "302000000", "sellingGeneralAndAdministrative": "243000000", "researchAndDevelopment": "0", "operatingExpenses": "457000000", "investmentIncomeNet": "None", "netInterestIncome": "None", "interestIncome": "None", "interestExpense": "29000000", "nonInterestIncome": "None", "otherNonOperatingIncome": "None", "depreciation": "None", "depreciationAndAmortization": "29000000", "incomeBeforeTax": "302000000", "incomeTaxExpense": "99000000", "interestAndDebtExpense": "None", "netIncomeFromContinuingOperations": "203000000", "comprehensiveIncomeNetOfTax": "None", "ebit": "302000000", "ebitda": "331000000", "netIncome": "203000000"}, {"fiscalDateEnding": "2017-03-31", "reportedCurrency": "USD", "grossProfit": "725000000", "totalRevenue": "767000000", "costOfRevenue": "42000000", "costofGoodsAndServicesSold": "42000000", "operatingIncome": "268000000", "sellingGeneralAndAdministrative": "258000000", "researchAndDevelopment": "0", "operatingExpenses": "457000000", "investmentIncomeNet": "None", "netInterestIncome": "None", "interestIncome": "None", "interestExpense": "26000000", "nonInterestIncome": "None", "otherNonOperatingIncome": "None", "depreciation": "None", "depreciationAndAmortization": "31000000", "incomeBeforeTax": "268000000", "incomeTaxExpense": "66000000", "interestAndDebtExpense": "None", "netIncomeFromContinuingOperations": "202000000", "comprehensiveIncomeNetOfTax": "None", "ebit": "268000000", "ebitda": "299000000", "netIncome": "202000000"}, {"fiscalDateEnding": "2016-12-31", "reportedCurrency": "USD", "grossProfit": "687000000", "totalRevenue": "751000000", "costOfRevenue": "64000000", "costofGoodsAndServicesSold": "64000000", "operatingIncome": "226000000", "sellingGeneralAndAdministrative": "234000000", "researchAndDevelopment": "0", "operatingExpenses": "461000000", "investmentIncomeNet": "None", "netInterestIncome": "None", "interestIncome": "None", "interestExpense": "29000000", "nonInterestIncome": "None", "otherNonOperatingIncome": "None", "depreciation": "None", "depreciationAndAmortization": "30000000", "incomeBeforeTax": "226000000", "incomeTaxExpense": "62000000", "interestAndDebtExpense": "None", "netIncomeFromContinuingOperations": "164000000", "comprehensiveIncomeNetOfTax": "None", "ebit": "226000000", "ebitda": "256000000", "netIncome": "164000000"}, {"fiscalDateEnding": "2016-09-30", "reportedCurrency": "USD", "grossProfit": "706000000", "totalRevenue": "752000000", "costOfRevenue": "46000000", "costofGoodsAndServicesSold": "46000000", "operatingIncome": "213000000", "sellingGeneralAndAdministrative": "261000000", "researchAndDevelopment": "0", "operatingExpenses": "493000000", "investmentIncomeNet": "None", "netInterestIncome": "None", "interestIncome": "None", "interestExpense": "30000000", "nonInterestIncome": "None", "otherNonOperatingIncome": "None", "depreciation": "None", "depreciationAndAmortization": "32000000", "incomeBeforeTax": "213000000", "incomeTaxExpense": "64000000", "interestAndDebtExpense": "None", "netIncomeFromContinuingOperations": "149000000", "comprehensiveIncomeNetOfTax": "None", "ebit": "213000000", "ebitda": "245000000", "netIncome": "149000000"}, {"fiscalDateEnding": "2016-06-30", "reportedCurrency": "USD", "grossProfit": "664000000", "totalRevenue": "741000000", "costOfRevenue": "77000000", "costofGoodsAndServicesSold": "77000000", "operatingIncome": "146000000", "sellingGeneralAndAdministrative": "261000000", "researchAndDevelopment": "0", "operatingExpenses": "518000000", "investmentIncomeNet": "None", "netInterestIncome": "None", "interestIncome": "None", "interestExpense": "28000000", "nonInterestIncome": "None", "otherNonOperatingIncome": "None", "depreciation": "None", "depreciationAndAmortization": "29000000", "incomeBeforeTax": "146000000", "incomeTaxExpense": "42000000", "interestAndDebtExpense": "None", "netIncomeFromContinuingOperations": "104000000", "comprehensiveIncomeNetOfTax": "None", "ebit": "146000000", "ebitda": "175000000", "netIncome": "104000000"}, {"fiscalDateEnding": "2016-03-31", "reportedCurrency": "USD", "grossProfit": "543000000", "totalRevenue": "716000000", "costOfRevenue": "173000000", "costofGoodsAndServicesSold": "173000000", "operatingIncome": "85000000", "sellingGeneralAndAdministrative": "259000000", "researchAndDevelopment": "0", "operatingExpenses": "458000000", "investmentIncomeNet": "None", "netInterestIncome": "None", "interestIncome": "None", "interestExpense": "25000000", "nonInterestIncome": "None", "otherNonOperatingIncome": "None", "depreciation": "None", "depreciationAndAmortization": "30000000", "incomeBeforeTax": "85000000", "incomeTaxExpense": "25000000", "interestAndDebtExpense": "None", "netIncomeFromContinuingOperations": "60000000", "comprehensiveIncomeNetOfTax": "None", "ebit": "85000000", "ebitda": "115000000", "netIncome": "60000000"}, {"fiscalDateEnding": "2015-12-31", "reportedCurrency": "USD", "grossProfit": "644000000", "totalRevenue": "728000000", "costOfRevenue": "84000000", "costofGoodsAndServicesSold": "84000000", "operatingIncome": "157000000", "sellingGeneralAndAdministrative": "272000000", "researchAndDevelopment": "0", "operatingExpenses": "487000000", "investmentIncomeNet": "None", "netInterestIncome": "None", "interestIncome": "None", "interestExpense": "24000000", "nonInterestIncome": "None", "otherNonOperatingIncome": "None", "depreciation": "None", "depreciationAndAmortization": "28000000", "incomeBeforeTax": "157000000", "incomeTaxExpense": "41000000", "interestAndDebtExpense": "None", "netIncomeFromContinuingOperations": "116000000", "comprehensiveIncomeNetOfTax": "None", "ebit": "157000000", "ebitda": "185000000", "netIncome": "116000000"}, {"fiscalDateEnding": "2015-09-30", "reportedCurrency": "USD", "grossProfit": "656000000", "totalRevenue": "708000000", "costOfRevenue": "52000000", "costofGoodsAndServicesSold": "52000000", "operatingIncome": "199000000", "sellingGeneralAndAdministrative": "252000000", "researchAndDevelopment": "0", "operatingExpenses": "457000000", "investmentIncomeNet": "None", "netInterestIncome": "None", "interestIncome": "None", "interestExpense": "26000000", "nonInterestIncome": "None", "otherNonOperatingIncome": "None", "depreciation": "None", "depreciationAndAmortization": "30000000", "incomeBeforeTax": "199000000", "incomeTaxExpense": "63000000", "interestAndDebtExpense": "None", "netIncomeFromContinuingOperations": "136000000", "comprehensiveIncomeNetOfTax": "None", "ebit": "199000000", "ebitda": "229000000", "netIncome": "136000000"}, {"fiscalDateEnding": "2015-06-30", "reportedCurrency": "USD", "grossProfit": "631000000", "totalRevenue": "701000000", "costOfRevenue": "70000000", "costofGoodsAndServicesSold": "70000000", "operatingIncome": "199000000", "sellingGeneralAndAdministrative": "260000000", "researchAndDevelopment": "0", "operatingExpenses": "432000000", "investmentIncomeNet": "None", "netInterestIncome": "None", "interestIncome": "None", "interestExpense": "23000000", "nonInterestIncome": "None", "otherNonOperatingIncome": "None", "depreciation": "None", "depreciationAndAmortization": "30000000", "incomeBeforeTax": "199000000", "incomeTaxExpense": "64000000", "interestAndDebtExpense": "None", "netIncomeFromContinuingOperations": "135000000", "comprehensiveIncomeNetOfTax": "None", "ebit": "199000000", "ebitda": "229000000", "netIncome": "135000000"}, {"fiscalDateEnding": "2015-03-31", "reportedCurrency": "USD", "grossProfit": "649000000", "totalRevenue": "685000000", "costOfRevenue": "36000000", "costofGoodsAndServicesSold": "36000000", "operatingIncome": "195000000", "sellingGeneralAndAdministrative": "262000000", "researchAndDevelopment": "0", "operatingExpenses": "454000000", "investmentIncomeNet": "None", "netInterestIncome": "None", "interestIncome": "None", "interestExpense": "22000000", "nonInterestIncome": "None", "otherNonOperatingIncome": "None", "depreciation": "None", "depreciationAndAmortization": "30000000", "incomeBeforeTax": "195000000", "incomeTaxExpense": "61000000", "interestAndDebtExpense": "None", "netIncomeFromContinuingOperations": "134000000", "comprehensiveIncomeNetOfTax": "None", "ebit": "195000000", "ebitda": "225000000", "netIncome": "134000000"}, {"fiscalDateEnding": "2014-12-31", "reportedCurrency": "USD", "grossProfit": "638000000", "totalRevenue": "664000000", "costOfRevenue": "26000000", "costofGoodsAndServicesSold": "26000000", "operatingIncome": "219000000", "sellingGeneralAndAdministrative": "253000000", "researchAndDevelopment": "0", "operatingExpenses": "419000000", "investmentIncomeNet": "None", "netInterestIncome": "None", "interestIncome": "None", "interestExpense": "24000000", "nonInterestIncome": "None", "otherNonOperatingIncome": "None", "depreciation": "None", "depreciationAndAmortization": "31000000", "incomeBeforeTax": "219000000", "incomeTaxExpense": "70000000", "interestAndDebtExpense": "None", "netIncomeFromContinuingOperations": "149000000", "comprehensiveIncomeNetOfTax": "None", "ebit": "219000000", "ebitda": "250000000", "netIncome": "149000000"}, {"fiscalDateEnding": "2014-09-30", "reportedCurrency": "USD", "grossProfit": "622000000", "totalRevenue": "649000000", "costOfRevenue": "27000000", "costofGoodsAndServicesSold": "27000000", "operatingIncome": "227000000", "sellingGeneralAndAdministrative": "251000000", "researchAndDevelopment": "0", "operatingExpenses": "395000000", "investmentIncomeNet": "None", "netInterestIncome": "None", "interestIncome": "None", "interestExpense": "22000000", "nonInterestIncome": "None", "otherNonOperatingIncome": "None", "depreciation": "None", "depreciationAndAmortization": "31000000", "incomeBeforeTax": "227000000", "incomeTaxExpense": "73000000", "interestAndDebtExpense": "None", "netIncomeFromContinuingOperations": "154000000", "comprehensiveIncomeNetOfTax": "None", "ebit": "227000000", "ebitda": "258000000", "netIncome": "154000000"}, {"fiscalDateEnding": "2014-06-30", "reportedCurrency": "USD", "grossProfit": "623000000", "totalRevenue": "659000000", "costOfRevenue": "36000000", "costofGoodsAndServicesSold": "36000000", "operatingIncome": "221000000", "sellingGeneralAndAdministrative": "248000000", "researchAndDevelopment": "0", "operatingExpenses": "402000000", "investmentIncomeNet": "None", "netInterestIncome": "None", "interestIncome": "None", "interestExpense": "25000000", "nonInterestIncome": "None", "otherNonOperatingIncome": "None", "depreciation": "None", "depreciationAndAmortization": "32000000", "incomeBeforeTax": "221000000", "incomeTaxExpense": "70000000", "interestAndDebtExpense": "None", "netIncomeFromContinuingOperations": "151000000", "comprehensiveIncomeNetOfTax": "None", "ebit": "221000000", "ebitda": "253000000", "netIncome": "151000000"}, {"fiscalDateEnding": "2014-03-31", "reportedCurrency": "USD", "grossProfit": "606000000", "totalRevenue": "640000000", "costOfRevenue": "34000000", "costofGoodsAndServicesSold": "34000000", "operatingIncome": "203000000", "sellingGeneralAndAdministrative": "255000000", "researchAndDevelopment": "0", "operatingExpenses": "403000000", "investmentIncomeNet": "None", "netInterestIncome": "None", "interestIncome": "None", "interestExpense": "25000000", "nonInterestIncome": "None", "otherNonOperatingIncome": "None", "depreciation": "None", "depreciationAndAmortization": "29000000", "incomeBeforeTax": "203000000", "incomeTaxExpense": "64000000", "interestAndDebtExpense": "None", "netIncomeFromContinuingOperations": "139000000", "comprehensiveIncomeNetOfTax": "None", "ebit": "203000000", "ebitda": "232000000", "netIncome": "139000000"}, {"fiscalDateEnding": "2013-12-31", "reportedCurrency": "USD", "grossProfit": "625000000", "totalRevenue": "660000000", "costOfRevenue": "35000000", "costofGoodsAndServicesSold": "35000000", "operatingIncome": "152000000", "sellingGeneralAndAdministrative": "265000000", "researchAndDevelopment": "0", "operatingExpenses": "473000000", "investmentIncomeNet": "None", "netInterestIncome": "None", "interestIncome": "None", "interestExpense": "26000000", "nonInterestIncome": "None", "otherNonOperatingIncome": "None", "depreciation": "None", "depreciationAndAmortization": "30000000", "incomeBeforeTax": "152000000", "incomeTaxExpense": "35000000", "interestAndDebtExpense": "None", "netIncomeFromContinuingOperations": "117000000", "comprehensiveIncomeNetOfTax": "None", "ebit": "152000000", "ebitda": "182000000", "netIncome": "117000000"}, {"fiscalDateEnding": "2013-09-30", "reportedCurrency": "USD", "grossProfit": "632000000", "totalRevenue": "667000000", "costOfRevenue": "35000000", "costofGoodsAndServicesSold": "35000000", "operatingIncome": "215000000", "sellingGeneralAndAdministrative": "264000000", "researchAndDevelopment": "0", "operatingExpenses": "417000000", "investmentIncomeNet": "None", "netInterestIncome": "None", "interestIncome": "None", "interestExpense": "27000000", "nonInterestIncome": "None", "otherNonOperatingIncome": "None", "depreciation": "None", "depreciationAndAmortization": "30000000", "incomeBeforeTax": "215000000", "incomeTaxExpense": "68000000", "interestAndDebtExpense": "None", "netIncomeFromContinuingOperations": "147000000", "comprehensiveIncomeNetOfTax": "None", "ebit": "215000000", "ebitda": "245000000", "netIncome": "147000000"}, {"fiscalDateEnding": "2013-06-30", "reportedCurrency": "USD", "grossProfit": "623000000", "totalRevenue": "665000000", "costOfRevenue": "42000000", "costofGoodsAndServicesSold": "42000000", "operatingIncome": "207000000", "sellingGeneralAndAdministrative": "253000000", "researchAndDevelopment": "0", "operatingExpenses": "416000000", "investmentIncomeNet": "None", "netInterestIncome": "None", "interestIncome": "None", "interestExpense": "29000000", "nonInterestIncome": "None", "otherNonOperatingIncome": "None", "depreciation": "None", "depreciationAndAmortization": "32000000", "incomeBeforeTax": "207000000", "incomeTaxExpense": "64000000", "interestAndDebtExpense": "None", "netIncomeFromContinuingOperations": "143000000", "comprehensiveIncomeNetOfTax": "None", "ebit": "207000000", "ebitda": "239000000", "netIncome": "143000000"}, {"fiscalDateEnding": "2013-03-31", "reportedCurrency": "USD", "grossProfit": "613000000", "totalRevenue": "659000000", "costOfRevenue": "46000000", "costofGoodsAndServicesSold": "46000000", "operatingIncome": "197000000", "sellingGeneralAndAdministrative": "260000000", "researchAndDevelopment": "0", "operatingExpenses": "416000000", "investmentIncomeNet": "None", "netInterestIncome": "None", "interestIncome": "None", "interestExpense": "30000000", "nonInterestIncome": "None", "otherNonOperatingIncome": "None", "depreciation": "None", "depreciationAndAmortization": "30000000", "incomeBeforeTax": "197000000", "incomeTaxExpense": "63000000", "interestAndDebtExpense": "None", "netIncomeFromContinuingOperations": "134000000", "comprehensiveIncomeNetOfTax": "None", "ebit": "197000000", "ebitda": "227000000", "netIncome": "134000000"}, {"fiscalDateEnding": "2012-12-31", "reportedCurrency": "USD", "grossProfit": "612000000", "totalRevenue": "660000000", "costOfRevenue": "48000000", "costofGoodsAndServicesSold": "48000000", "operatingIncome": "185000000", "sellingGeneralAndAdministrative": "118000000", "researchAndDevelopment": "0", "operatingExpenses": "427000000", "investmentIncomeNet": "None", "netInterestIncome": "None", "interestIncome": "None", "interestExpense": "32000000", "nonInterestIncome": "None", "otherNonOperatingIncome": "None", "depreciation": "None", "depreciationAndAmortization": "33000000", "incomeBeforeTax": "185000000", "incomeTaxExpense": "55000000", "interestAndDebtExpense": "None", "netIncomeFromContinuingOperations": "130000000", "comprehensiveIncomeNetOfTax": "None", "ebit": "185000000", "ebitda": "218000000", "netIncome": "130000000"}, {"fiscalDateEnding": "2012-09-30", "reportedCurrency": "USD", "grossProfit": "602000000", "totalRevenue": "657000000", "costOfRevenue": "55000000", "costofGoodsAndServicesSold": "55000000", "operatingIncome": "153000000", "sellingGeneralAndAdministrative": "262000000", "researchAndDevelopment": "0", "operatingExpenses": "449000000", "investmentIncomeNet": "None", "netInterestIncome": "None", "interestIncome": "None", "interestExpense": "33000000", "nonInterestIncome": "None", "otherNonOperatingIncome": "None", "depreciation": "None", "depreciationAndAmortization": "33000000", "incomeBeforeTax": "153000000", "incomeTaxExpense": "36000000", "interestAndDebtExpense": "None", "netIncomeFromContinuingOperations": "117000000", "comprehensiveIncomeNetOfTax": "None", "ebit": "153000000", "ebitda": "186000000", "netIncome": "117000000"}, {"fiscalDateEnding": "2012-06-30", "reportedCurrency": "USD", "grossProfit": "627000000", "totalRevenue": "681000000", "costOfRevenue": "54000000", "costofGoodsAndServicesSold": "54000000", "operatingIncome": "193000000", "sellingGeneralAndAdministrative": "260000000", "researchAndDevelopment": "0", "operatingExpenses": "434000000", "investmentIncomeNet": "None", "netInterestIncome": "None", "interestIncome": "None", "interestExpense": "35000000", "nonInterestIncome": "None", "otherNonOperatingIncome": "None", "depreciation": "None", "depreciationAndAmortization": "34000000", "incomeBeforeTax": "193000000", "incomeTaxExpense": "50000000", "interestAndDebtExpense": "None", "netIncomeFromContinuingOperations": "144000000", "comprehensiveIncomeNetOfTax": "None", "ebit": "193000000", "ebitda": "227000000", "netIncome": "143000000"}, {"fiscalDateEnding": "2012-03-31", "reportedCurrency": "USD", "grossProfit": "626000000", "totalRevenue": "683000000", "costOfRevenue": "57000000", "costofGoodsAndServicesSold": "57000000", "operatingIncome": "178000000", "sellingGeneralAndAdministrative": "270000000", "researchAndDevelopment": "0", "operatingExpenses": "448000000", "investmentIncomeNet": "None", "netInterestIncome": "None", "interestIncome": "None", "interestExpense": "35000000", "nonInterestIncome": "None", "otherNonOperatingIncome": "None", "depreciation": "None", "depreciationAndAmortization": "33000000", "incomeBeforeTax": "178000000", "incomeTaxExpense": "48000000", "interestAndDebtExpense": "None", "netIncomeFromContinuingOperations": "130000000", "comprehensiveIncomeNetOfTax": "None", "ebit": "178000000", "ebitda": "211000000", "netIncome": "130000000"}, {"fiscalDateEnding": "2011-12-31", "reportedCurrency": "USD", "grossProfit": "616000000", "totalRevenue": "663000000", "costOfRevenue": "47000000", "costofGoodsAndServicesSold": "47000000", "operatingIncome": "129000000", "sellingGeneralAndAdministrative": "81000000", "researchAndDevelopment": "0", "operatingExpenses": "487000000", "investmentIncomeNet": "None", "netInterestIncome": "None", "interestIncome": "None", "interestExpense": "37000000", "nonInterestIncome": "None", "otherNonOperatingIncome": "None", "depreciation": "None", "depreciationAndAmortization": "32000000", "incomeBeforeTax": "129000000", "incomeTaxExpense": "33000000", "interestAndDebtExpense": "None", "netIncomeFromContinuingOperations": "96000000", "comprehensiveIncomeNetOfTax": "None", "ebit": "129000000", "ebitda": "161000000", "netIncome": "96000000"}, {"fiscalDateEnding": "2011-09-30", "reportedCurrency": "USD", "grossProfit": "589000000", "totalRevenue": "664000000", "costOfRevenue": "75000000", "costofGoodsAndServicesSold": "75000000", "operatingIncome": "126000000", "sellingGeneralAndAdministrative": "300000000", "researchAndDevelopment": "0", "operatingExpenses": "463000000", "investmentIncomeNet": "None", "netInterestIncome": "None", "interestIncome": "None", "interestExpense": "40000000", "nonInterestIncome": "None", "otherNonOperatingIncome": "None", "depreciation": "None", "depreciationAndAmortization": "31000000", "incomeBeforeTax": "126000000", "incomeTaxExpense": "28000000", "interestAndDebtExpense": "None", "netIncomeFromContinuingOperations": "98000000", "comprehensiveIncomeNetOfTax": "None", "ebit": "126000000", "ebitda": "157000000", "netIncome": "98000000"}, {"fiscalDateEnding": "2011-06-30", "reportedCurrency": "USD", "grossProfit": "548000000", "totalRevenue": "633000000", "costOfRevenue": "85000000", "costofGoodsAndServicesSold": "85000000", "operatingIncome": "137000000", "sellingGeneralAndAdministrative": "292000000", "researchAndDevelopment": "0", "operatingExpenses": "411000000", "investmentIncomeNet": "None", "netInterestIncome": "None", "interestIncome": "None", "interestExpense": "40000000", "nonInterestIncome": "None", "otherNonOperatingIncome": "None", "depreciation": "None", "depreciationAndAmortization": "30000000", "incomeBeforeTax": "137000000", "incomeTaxExpense": "41000000", "interestAndDebtExpense": "None", "netIncomeFromContinuingOperations": "96000000", "comprehensiveIncomeNetOfTax": "None", "ebit": "137000000", "ebitda": "167000000", "netIncome": "96000000"}, {"fiscalDateEnding": "2011-03-31", "reportedCurrency": "USD", "grossProfit": "553000000", "totalRevenue": "641000000", "costOfRevenue": "88000000", "costofGoodsAndServicesSold": "88000000", "operatingIncome": "138000000", "sellingGeneralAndAdministrative": "300000000", "researchAndDevelopment": "0", "operatingExpenses": "415000000", "investmentIncomeNet": "None", "netInterestIncome": "None", "interestIncome": "None", "interestExpense": "39000000", "nonInterestIncome": "None", "otherNonOperatingIncome": "None", "depreciation": "None", "depreciationAndAmortization": "29000000", "incomeBeforeTax": "138000000", "incomeTaxExpense": "35000000", "interestAndDebtExpense": "None", "netIncomeFromContinuingOperations": "103000000", "comprehensiveIncomeNetOfTax": "None", "ebit": "138000000", "ebitda": "167000000", "netIncome": "103000000"}, {"fiscalDateEnding": "2010-12-31", "reportedCurrency": "USD", "grossProfit": "563000000", "totalRevenue": "658000000", "costOfRevenue": "95000000", "costofGoodsAndServicesSold": "95000000", "operatingIncome": "126000000", "sellingGeneralAndAdministrative": "97000000", "researchAndDevelopment": "0", "operatingExpenses": "437000000", "investmentIncomeNet": "None", "netInterestIncome": "None", "interestIncome": "None", "interestExpense": "40000000", "nonInterestIncome": "None", "otherNonOperatingIncome": "None", "depreciation": "None", "depreciationAndAmortization": "30000000", "incomeBeforeTax": "126000000", "incomeTaxExpense": "30000000", "interestAndDebtExpense": "None", "netIncomeFromContinuingOperations": "0", "comprehensiveIncomeNetOfTax": "None", "ebit": "126000000", "ebitda": "156000000", "netIncome": "96000000"}, {"fiscalDateEnding": "2010-09-30", "reportedCurrency": "USD", "grossProfit": "468000000", "totalRevenue": "642000000", "costOfRevenue": "174000000", "costofGoodsAndServicesSold": "174000000", "operatingIncome": "66000000", "sellingGeneralAndAdministrative": "304000000", "researchAndDevelopment": "0", "operatingExpenses": "402000000", "investmentIncomeNet": "None", "netInterestIncome": "None", "interestIncome": "None", "interestExpense": "52000000", "nonInterestIncome": "None", "otherNonOperatingIncome": "None", "depreciation": "None", "depreciationAndAmortization": "32000000", "incomeBeforeTax": "66000000", "incomeTaxExpense": "7000000", "interestAndDebtExpense": "None", "netIncomeFromContinuingOperations": "59000000", "comprehensiveIncomeNetOfTax": "None", "ebit": "66000000", "ebitda": "98000000", "netIncome": "59000000"}, {"fiscalDateEnding": "2010-06-30", "reportedCurrency": "USD", "grossProfit": "490000000", "totalRevenue": "670000000", "costOfRevenue": "180000000", "costofGoodsAndServicesSold": "180000000", "operatingIncome": "93000000", "sellingGeneralAndAdministrative": "296000000", "researchAndDevelopment": "0", "operatingExpenses": "397000000", "investmentIncomeNet": "None", "netInterestIncome": "None", "interestIncome": "None", "interestExpense": "54000000", "nonInterestIncome": "None", "otherNonOperatingIncome": "None", "depreciation": "None", "depreciationAndAmortization": "30000000", "incomeBeforeTax": "93000000", "incomeTaxExpense": "23000000", "interestAndDebtExpense": "None", "netIncomeFromContinuingOperations": "70000000", "comprehensiveIncomeNetOfTax": "None", "ebit": "93000000", "ebitda": "123000000", "netIncome": "70000000"}, {"fiscalDateEnding": "2010-03-31", "reportedCurrency": "USD", "grossProfit": "434000000", "totalRevenue": "670000000", "costOfRevenue": "236000000", "costofGoodsAndServicesSold": "236000000", "operatingIncome": "30000000", "sellingGeneralAndAdministrative": "284000000", "researchAndDevelopment": "0", "operatingExpenses": "404000000", "investmentIncomeNet": "None", "netInterestIncome": "None", "interestIncome": "None", "interestExpense": "61000000", "nonInterestIncome": "None", "otherNonOperatingIncome": "None", "depreciation": "None", "depreciationAndAmortization": "32000000", "incomeBeforeTax": "30000000", "incomeTaxExpense": "-5000000", "interestAndDebtExpense": "None", "netIncomeFromContinuingOperations": "0", "comprehensiveIncomeNetOfTax": "None", "ebit": "30000000", "ebitda": "62000000", "netIncome": "52000000"}, {"fiscalDateEnding": "2009-12-31", "reportedCurrency": "USD", "grossProfit": "334000000", "totalRevenue": "673000000", "costOfRevenue": "339000000", "costofGoodsAndServicesSold": "339000000", "operatingIncome": "-71000000", "sellingGeneralAndAdministrative": "78000000", "researchAndDevelopment": "0", "operatingExpenses": "405000000", "investmentIncomeNet": "None", "netInterestIncome": "None", "interestIncome": "None", "interestExpense": "83000000", "nonInterestIncome": "None", "otherNonOperatingIncome": "None", "depreciation": "None", "depreciationAndAmortization": "31000000", "incomeBeforeTax": "-71000000", "incomeTaxExpense": "-42000000", "interestAndDebtExpense": "None", "netIncomeFromContinuingOperations": "0", "comprehensiveIncomeNetOfTax": "None", "ebit": "-71000000", "ebitda": "-40000000", "netIncome": "-29000000"}, {"fiscalDateEnding": "2009-09-30", "reportedCurrency": "USD", "grossProfit": "389000000", "totalRevenue": "826000000", "costOfRevenue": "437000000", "costofGoodsAndServicesSold": "437000000", "operatingIncome": "-10000000", "sellingGeneralAndAdministrative": "293000000", "researchAndDevelopment": "0", "operatingExpenses": "399000000", "investmentIncomeNet": "None", "netInterestIncome": "None", "interestIncome": "None", "interestExpense": "126000000", "nonInterestIncome": "None", "otherNonOperatingIncome": "None", "depreciation": "None", "depreciationAndAmortization": "30000000", "incomeBeforeTax": "-10000000", "incomeTaxExpense": "-29000000", "interestAndDebtExpense": "None", "netIncomeFromContinuingOperations": "0", "comprehensiveIncomeNetOfTax": "None", "ebit": "-10000000", "ebitda": "20000000", "netIncome": "19000000"}, {"fiscalDateEnding": "2009-06-30", "reportedCurrency": "USD", "grossProfit": "388000000", "totalRevenue": "850000000", "costOfRevenue": "462000000", "costofGoodsAndServicesSold": "462000000", "operatingIncome": "-41000000", "sellingGeneralAndAdministrative": "301000000", "researchAndDevelopment": "0", "operatingExpenses": "429000000", "investmentIncomeNet": "None", "netInterestIncome": "None", "interestIncome": "None", "interestExpense": "150000000", "nonInterestIncome": "None", "otherNonOperatingIncome": "None", "depreciation": "None", "depreciationAndAmortization": "31000000", "incomeBeforeTax": "-41000000", "incomeTaxExpense": "-59000000", "interestAndDebtExpense": "None", "netIncomeFromContinuingOperations": "0", "comprehensiveIncomeNetOfTax": "None", "ebit": "-41000000", "ebitda": "-10000000", "netIncome": "18000000"}, {"fiscalDateEnding": "2009-03-31", "reportedCurrency": "USD", "grossProfit": "404000000", "totalRevenue": "786000000", "costOfRevenue": "382000000", "costofGoodsAndServicesSold": "382000000", "operatingIncome": "7000000", "sellingGeneralAndAdministrative": "295000000", "researchAndDevelopment": "0", "operatingExpenses": "397000000", "investmentIncomeNet": "None", "netInterestIncome": "None", "interestIncome": "None", "interestExpense": "179000000", "nonInterestIncome": "None", "otherNonOperatingIncome": "None", "depreciation": "None", "depreciationAndAmortization": "30000000", "incomeBeforeTax": "7000000", "incomeTaxExpense": "-1000000", "interestAndDebtExpense": "None", "netIncomeFromContinuingOperations": "0", "comprehensiveIncomeNetOfTax": "None", "ebit": "7000000", "ebitda": "37000000", "netIncome": "9000000"}, {"fiscalDateEnding": "2008-12-31", "reportedCurrency": "USD", "grossProfit": "395000000", "totalRevenue": "890000000", "costOfRevenue": "495000000", "costofGoodsAndServicesSold": "495000000", "operatingIncome": "2000000", "sellingGeneralAndAdministrative": "206000000", "researchAndDevelopment": "0", "operatingExpenses": "393000000", "investmentIncomeNet": "None", "netInterestIncome": "None", "interestIncome": "None", "interestExpense": "285000000", "nonInterestIncome": "None", "otherNonOperatingIncome": "None", "depreciation": "None", "depreciationAndAmortization": "38000000", "incomeBeforeTax": "2000000", "incomeTaxExpense": "-17000000", "interestAndDebtExpense": "None", "netIncomeFromContinuingOperations": "0", "comprehensiveIncomeNetOfTax": "None", "ebit": "2000000", "ebitda": "40000000", "netIncome": "20000000"}, {"fiscalDateEnding": "2008-09-30", "reportedCurrency": "USD", "grossProfit": "541000000", "totalRevenue": "975000000", "costOfRevenue": "434000000", "costofGoodsAndServicesSold": "434000000", "operatingIncome": "27000000", "sellingGeneralAndAdministrative": "394000000", "researchAndDevelopment": "0", "operatingExpenses": "514000000", "investmentIncomeNet": "None", "netInterestIncome": "None", "interestIncome": "None", "interestExpense": "269000000", "nonInterestIncome": "None", "otherNonOperatingIncome": "None", "depreciation": "None", "depreciationAndAmortization": "30000000", "incomeBeforeTax": "27000000", "incomeTaxExpense": "-1000000", "interestAndDebtExpense": "None", "netIncomeFromContinuingOperations": "0", "comprehensiveIncomeNetOfTax": "None", "ebit": "27000000", "ebitda": "57000000", "netIncome": "28000000"}, {"fiscalDateEnding": "2008-06-30", "reportedCurrency": "USD", "grossProfit": "514000000", "totalRevenue": "979000000", "costOfRevenue": "465000000", "costofGoodsAndServicesSold": "465000000", "operatingIncome": "91000000", "sellingGeneralAndAdministrative": "306000000", "researchAndDevelopment": "0", "operatingExpenses": "423000000", "investmentIncomeNet": "None", "netInterestIncome": "None", "interestIncome": "None", "interestExpense": "295000000", "nonInterestIncome": "None", "otherNonOperatingIncome": "None", "depreciation": "None", "depreciationAndAmortization": "29000000", "incomeBeforeTax": "91000000", "incomeTaxExpense": "35000000", "interestAndDebtExpense": "None", "netIncomeFromContinuingOperations": "0", "comprehensiveIncomeNetOfTax": "None", "ebit": "91000000", "ebitda": "120000000", "netIncome": "56000000"}, {"fiscalDateEnding": "2008-03-31", "reportedCurrency": "USD", "grossProfit": "554000000", "totalRevenue": "1100000000", "costOfRevenue": "546000000", "costofGoodsAndServicesSold": "546000000", "operatingIncome": "151000000", "sellingGeneralAndAdministrative": "305000000", "researchAndDevelopment": "0", "operatingExpenses": "403000000", "investmentIncomeNet": "None", "netInterestIncome": "None", "interestIncome": "None", "interestExpense": "387000000", "nonInterestIncome": "None", "otherNonOperatingIncome": "None", "depreciation": "None", "depreciationAndAmortization": "26000000", "incomeBeforeTax": "151000000", "incomeTaxExpense": "41000000", "interestAndDebtExpense": "None", "netIncomeFromContinuingOperations": "0", "comprehensiveIncomeNetOfTax": "None", "ebit": "151000000", "ebitda": "177000000", "netIncome": "109000000"}, {"fiscalDateEnding": "2007-12-31", "reportedCurrency": "USD", "grossProfit": "609000000", "totalRevenue": "1171000000", "costOfRevenue": "562000000", "costofGoodsAndServicesSold": "562000000", "operatingIncome": "161000000", "sellingGeneralAndAdministrative": "260000000", "researchAndDevelopment": "0", "operatingExpenses": "448000000", "investmentIncomeNet": "None", "netInterestIncome": "None", "interestIncome": "None", "interestExpense": "455000000", "nonInterestIncome": "None", "otherNonOperatingIncome": "None", "depreciation": "None", "depreciationAndAmortization": "29000000", "incomeBeforeTax": "161000000", "incomeTaxExpense": "44000000", "interestAndDebtExpense": "None", "netIncomeFromContinuingOperations": "0", "comprehensiveIncomeNetOfTax": "None", "ebit": "161000000", "ebitda": "190000000", "netIncome": "119000000"}, {"fiscalDateEnding": "2007-09-30", "reportedCurrency": "USD", "grossProfit": "688000000", "totalRevenue": "1182000000", "costOfRevenue": "494000000", "costofGoodsAndServicesSold": "494000000", "operatingIncome": "265000000", "sellingGeneralAndAdministrative": "256000000", "researchAndDevelopment": "0", "operatingExpenses": "423000000", "investmentIncomeNet": "None", "netInterestIncome": "None", "interestIncome": "None", "interestExpense": "449000000", "nonInterestIncome": "None", "otherNonOperatingIncome": "None", "depreciation": "None", "depreciationAndAmortization": "23000000", "incomeBeforeTax": "265000000", "incomeTaxExpense": "85000000", "interestAndDebtExpense": "None", "netIncomeFromContinuingOperations": "0", "comprehensiveIncomeNetOfTax": "None", "ebit": "265000000", "ebitda": "288000000", "netIncome": "181000000"}, {"fiscalDateEnding": "2007-06-30", "reportedCurrency": "USD", "grossProfit": "698000000", "totalRevenue": "1158000000", "costOfRevenue": "460000000", "costofGoodsAndServicesSold": "460000000", "operatingIncome": "287000000", "sellingGeneralAndAdministrative": "265000000", "researchAndDevelopment": "0", "operatingExpenses": "411000000", "investmentIncomeNet": "None", "netInterestIncome": "None", "interestIncome": "None", "interestExpense": "424000000", "nonInterestIncome": "None", "otherNonOperatingIncome": "None", "depreciation": "None", "depreciationAndAmortization": "22000000", "incomeBeforeTax": "287000000", "incomeTaxExpense": "91000000", "interestAndDebtExpense": "None", "netIncomeFromContinuingOperations": "0", "comprehensiveIncomeNetOfTax": "None", "ebit": "287000000", "ebitda": "309000000", "netIncome": "196000000"}, {"fiscalDateEnding": "2007-03-31", "reportedCurrency": "USD", "grossProfit": "682000000", "totalRevenue": "1104000000", "costOfRevenue": "422000000", "costofGoodsAndServicesSold": "422000000", "operatingIncome": "275000000", "sellingGeneralAndAdministrative": "252000000", "researchAndDevelopment": "0", "operatingExpenses": "407000000", "investmentIncomeNet": "None", "netInterestIncome": "None", "interestIncome": "None", "interestExpense": "399000000", "nonInterestIncome": "None", "otherNonOperatingIncome": "None", "depreciation": "None", "depreciationAndAmortization": "22000000", "incomeBeforeTax": "275000000", "incomeTaxExpense": "86000000", "interestAndDebtExpense": "None", "netIncomeFromContinuingOperations": "0", "comprehensiveIncomeNetOfTax": "None", "ebit": "275000000", "ebitda": "297000000", "netIncome": "190000000"}, {"fiscalDateEnding": "2006-12-31", "reportedCurrency": "USD", "grossProfit": "698000000", "totalRevenue": "1135000000", "costOfRevenue": "437000000", "costofGoodsAndServicesSold": "437000000", "operatingIncome": "285000000", "sellingGeneralAndAdministrative": "265000000", "researchAndDevelopment": "0", "operatingExpenses": "413000000", "investmentIncomeNet": "None", "netInterestIncome": "None", "interestIncome": "None", "interestExpense": "410000000", "nonInterestIncome": "None", "otherNonOperatingIncome": "None", "depreciation": "None", "depreciationAndAmortization": "24000000", "incomeBeforeTax": "285000000", "incomeTaxExpense": "100000000", "interestAndDebtExpense": "None", "netIncomeFromContinuingOperations": "0", "comprehensiveIncomeNetOfTax": "None", "ebit": "285000000", "ebitda": "309000000", "netIncome": "299000000"}, {"fiscalDateEnding": "2006-09-30", "reportedCurrency": "USD", "grossProfit": "682000000", "totalRevenue": "1088000000", "costOfRevenue": "406000000", "costofGoodsAndServicesSold": "406000000", "operatingIncome": "283000000", "sellingGeneralAndAdministrative": "250000000", "researchAndDevelopment": "0", "operatingExpenses": "399000000", "investmentIncomeNet": "None", "netInterestIncome": "None", "interestIncome": "None", "interestExpense": "391000000", "nonInterestIncome": "None", "otherNonOperatingIncome": "None", "depreciation": "None", "depreciationAndAmortization": "18000000", "incomeBeforeTax": "283000000", "incomeTaxExpense": "88000000", "interestAndDebtExpense": "None", "netIncomeFromContinuingOperations": "0", "comprehensiveIncomeNetOfTax": "None", "ebit": "283000000", "ebitda": "301000000", "netIncome": "200000000"}, {"fiscalDateEnding": "2006-06-30", "reportedCurrency": "USD", "grossProfit": "678000000", "totalRevenue": "1050000000", "costOfRevenue": "372000000", "costofGoodsAndServicesSold": "372000000", "operatingIncome": "287000000", "sellingGeneralAndAdministrative": "241000000", "researchAndDevelopment": "0", "operatingExpenses": "391000000", "investmentIncomeNet": "None", "netInterestIncome": "None", "interestIncome": "None", "interestExpense": "345000000", "nonInterestIncome": "None", "otherNonOperatingIncome": "None", "depreciation": "None", "depreciationAndAmortization": "23000000", "incomeBeforeTax": "287000000", "incomeTaxExpense": "92000000", "interestAndDebtExpense": "None", "netIncomeFromContinuingOperations": "0", "comprehensiveIncomeNetOfTax": "None", "ebit": "287000000", "ebitda": "310000000", "netIncome": "200000000"}, {"fiscalDateEnding": "2006-03-31", "reportedCurrency": "USD", "grossProfit": "701000000", "totalRevenue": "967000000", "costOfRevenue": "266000000", "costofGoodsAndServicesSold": "266000000", "operatingIncome": "272000000", "sellingGeneralAndAdministrative": "243000000", "researchAndDevelopment": "0", "operatingExpenses": "429000000", "investmentIncomeNet": "None", "netInterestIncome": "None", "interestIncome": "None", "interestExpense": "293000000", "nonInterestIncome": "None", "otherNonOperatingIncome": "None", "depreciation": "None", "depreciationAndAmortization": "19000000", "incomeBeforeTax": "272000000", "incomeTaxExpense": "65000000", "interestAndDebtExpense": "None", "netIncomeFromContinuingOperations": "0", "comprehensiveIncomeNetOfTax": "None", "ebit": "272000000", "ebitda": "291000000", "netIncome": "194000000"}, {"fiscalDateEnding": "2005-12-31", "reportedCurrency": "USD", "grossProfit": "802000000", "totalRevenue": "1026000000", "costOfRevenue": "224000000", "costofGoodsAndServicesSold": "224000000", "operatingIncome": "315000000", "sellingGeneralAndAdministrative": "272000000", "researchAndDevelopment": "0", "operatingExpenses": "487000000", "investmentIncomeNet": "None", "netInterestIncome": "None", "interestIncome": "None", "interestExpense": "244000000", "nonInterestIncome": "None", "otherNonOperatingIncome": "None", "depreciation": "None", "depreciationAndAmortization": "32000000", "incomeBeforeTax": "315000000", "incomeTaxExpense": "108000000", "interestAndDebtExpense": "None", "netIncomeFromContinuingOperations": "0", "comprehensiveIncomeNetOfTax": "None", "ebit": "315000000", "ebitda": "347000000", "netIncome": "207000000"}]}