{"symbol": "AAOI", "annualReports": [{"fiscalDateEnding": "2024-12-31", "reportedCurrency": "USD", "grossProfit": "61800000", "totalRevenue": "249365000", "costOfRevenue": "187565000", "costofGoodsAndServicesSold": "187565000", "operatingIncome": "-70908000", "sellingGeneralAndAdministrative": "59599000", "researchAndDevelopment": "54955000", "operatingExpenses": "132708000", "investmentIncomeNet": "None", "netInterestIncome": "-5952000", "interestIncome": "874000", "interestExpense": "6826000", "nonInterestIncome": "None", "otherNonOperatingIncome": "None", "depreciation": "None", "depreciationAndAmortization": "20649000", "incomeBeforeTax": "-186731000", "incomeTaxExpense": "2000", "interestAndDebtExpense": "None", "netIncomeFromContinuingOperations": "-186733000", "comprehensiveIncomeNetOfTax": "None", "ebit": "-179905000", "ebitda": "-159256000", "netIncome": "-186733000"}, {"fiscalDateEnding": "2023-12-31", "reportedCurrency": "USD", "grossProfit": "58921000", "totalRevenue": "217646000", "costOfRevenue": "158725000", "costofGoodsAndServicesSold": "158725000", "operatingIncome": "-41349000", "sellingGeneralAndAdministrative": "53226000", "researchAndDevelopment": "35975000", "operatingExpenses": "100270000", "investmentIncomeNet": "None", "netInterestIncome": "-8020000", "interestIncome": "169000", "interestExpense": "9428000", "nonInterestIncome": "None", "otherNonOperatingIncome": "None", "depreciation": "None", "depreciationAndAmortization": "20427000", "incomeBeforeTax": "-56039000", "incomeTaxExpense": "9000", "interestAndDebtExpense": "None", "netIncomeFromContinuingOperations": "-62440000", "comprehensiveIncomeNetOfTax": "None", "ebit": "-46611000", "ebitda": "-26184000", "netIncome": "-56048000"}, {"fiscalDateEnding": "2022-12-31", "reportedCurrency": "USD", "grossProfit": "33627000", "totalRevenue": "222818000", "costOfRevenue": "189191000", "costofGoodsAndServicesSold": "189191000", "operatingIncome": "-58998000", "sellingGeneralAndAdministrative": "46658000", "researchAndDevelopment": "36244000", "operatingExpenses": "92625000", "investmentIncomeNet": "None", "netInterestIncome": "-6193000", "interestIncome": "126000", "interestExpense": "6319000", "nonInterestIncome": "None", "otherNonOperatingIncome": "None", "depreciation": "None", "depreciationAndAmortization": "23202000", "incomeBeforeTax": "-66396000", "incomeTaxExpense": "1000", "interestAndDebtExpense": "None", "netIncomeFromContinuingOperations": "-66397000", "comprehensiveIncomeNetOfTax": "None", "ebit": "-60077000", "ebitda": "-36875000", "netIncome": "-66397000"}, {"fiscalDateEnding": "2021-12-31", "reportedCurrency": "USD", "grossProfit": "37715000", "totalRevenue": "211565000", "costOfRevenue": "173850000", "costofGoodsAndServicesSold": "173850000", "operatingIncome": "-56766000", "sellingGeneralAndAdministrative": "42362000", "researchAndDevelopment": "41220000", "operatingExpenses": "94481000", "investmentIncomeNet": "None", "netInterestIncome": "-5550000", "interestIncome": "70000", "interestExpense": "5619000", "nonInterestIncome": "None", "otherNonOperatingIncome": "None", "depreciation": "None", "depreciationAndAmortization": "25371000", "incomeBeforeTax": "-54160000", "incomeTaxExpense": "2000", "interestAndDebtExpense": "None", "netIncomeFromContinuingOperations": "-54162000", "comprehensiveIncomeNetOfTax": "None", "ebit": "-48540000", "ebitda": "-23169000", "netIncome": "-54162000"}, {"fiscalDateEnding": "2020-12-31", "reportedCurrency": "USD", "grossProfit": "50541000", "totalRevenue": "234623000", "costOfRevenue": "184082000", "costofGoodsAndServicesSold": "184082000", "operatingIncome": "-48842000", "sellingGeneralAndAdministrative": "41903000", "researchAndDevelopment": "43393000", "operatingExpenses": "99383000", "investmentIncomeNet": "None", "netInterestIncome": "-5380000", "interestIncome": "255000", "interestExpense": "5635000", "nonInterestIncome": "None", "otherNonOperatingIncome": "3253000", "depreciation": "None", "depreciationAndAmortization": "24733000", "incomeBeforeTax": "-51224000", "incomeTaxExpense": "7228000", "interestAndDebtExpense": "None", "netIncomeFromContinuingOperations": "-58452000", "comprehensiveIncomeNetOfTax": "None", "ebit": "-45589000", "ebitda": "-20856000", "netIncome": "-58452000"}, {"fiscalDateEnding": "2019-12-31", "reportedCurrency": "USD", "grossProfit": "46201000", "totalRevenue": "190872000", "costOfRevenue": "144671000", "costofGoodsAndServicesSold": "144671000", "operatingIncome": "-48747000", "sellingGeneralAndAdministrative": "41489000", "researchAndDevelopment": "43399000", "operatingExpenses": "94948000", "investmentIncomeNet": "None", "netInterestIncome": "-4480000", "interestIncome": "925000", "interestExpense": "5405000", "nonInterestIncome": "None", "otherNonOperatingIncome": "2765000", "depreciation": "None", "depreciationAndAmortization": "24014000", "incomeBeforeTax": "-51387000", "incomeTaxExpense": "14662000", "interestAndDebtExpense": "None", "netIncomeFromContinuingOperations": "-66049000", "comprehensiveIncomeNetOfTax": "None", "ebit": "-45982000", "ebitda": "-21968000", "netIncome": "-66049000"}, {"fiscalDateEnding": "2018-12-31", "reportedCurrency": "USD", "grossProfit": "87773000", "totalRevenue": "267465000", "costOfRevenue": "179692000", "costofGoodsAndServicesSold": "179692000", "operatingIncome": "-10768000", "sellingGeneralAndAdministrative": "39497000", "researchAndDevelopment": "49903000", "operatingExpenses": "98541000", "investmentIncomeNet": "None", "netInterestIncome": "-824000", "interestIncome": "282000", "interestExpense": "1106000", "nonInterestIncome": "None", "otherNonOperatingIncome": "990000", "depreciation": "None", "depreciationAndAmortization": "29698000", "incomeBeforeTax": "-9778000", "incomeTaxExpense": "-7632000", "interestAndDebtExpense": "None", "netIncomeFromContinuingOperations": "-2146000", "comprehensiveIncomeNetOfTax": "None", "ebit": "-8672000", "ebitda": "21026000", "netIncome": "-2146000"}, {"fiscalDateEnding": "2017-12-31", "reportedCurrency": "USD", "grossProfit": "166280000", "totalRevenue": "382329000", "costOfRevenue": "216049000", "costofGoodsAndServicesSold": "216049000", "operatingIncome": "86951000", "sellingGeneralAndAdministrative": "35262000", "researchAndDevelopment": "35365000", "operatingExpenses": "79329000", "investmentIncomeNet": "None", "netInterestIncome": "-637000", "interestIncome": "221000", "interestExpense": "858000", "nonInterestIncome": "None", "otherNonOperatingIncome": "-2425000", "depreciation": "None", "depreciationAndAmortization": "20381000", "incomeBeforeTax": "84526000", "incomeTaxExpense": "10575000", "interestAndDebtExpense": "None", "netIncomeFromContinuingOperations": "73951000", "comprehensiveIncomeNetOfTax": "None", "ebit": "85384000", "ebitda": "105765000", "netIncome": "73951000"}, {"fiscalDateEnding": "2016-12-31", "reportedCurrency": "USD", "grossProfit": "86954000", "totalRevenue": "260713000", "costOfRevenue": "173759000", "costofGoodsAndServicesSold": "173759000", "operatingIncome": "23020000", "sellingGeneralAndAdministrative": "25527000", "researchAndDevelopment": "31780000", "operatingExpenses": "63934000", "investmentIncomeNet": "None", "netInterestIncome": "-1470000", "interestIncome": "247000", "interestExpense": "1717000", "nonInterestIncome": "None", "otherNonOperatingIncome": "-2017000", "depreciation": "None", "depreciationAndAmortization": "14188000", "incomeBeforeTax": "21003000", "incomeTaxExpense": "-10231000", "interestAndDebtExpense": "None", "netIncomeFromContinuingOperations": "31234000", "comprehensiveIncomeNetOfTax": "None", "ebit": "22720000", "ebitda": "36908000", "netIncome": "31234000"}, {"fiscalDateEnding": "2015-12-31", "reportedCurrency": "USD", "grossProfit": "60453000", "totalRevenue": "189903000", "costOfRevenue": "129450000", "costofGoodsAndServicesSold": "129450000", "operatingIncome": "13449000", "sellingGeneralAndAdministrative": "19771000", "researchAndDevelopment": "20852000", "operatingExpenses": "47004000", "investmentIncomeNet": "None", "netInterestIncome": "None", "interestIncome": "2537000", "interestExpense": "1018000", "nonInterestIncome": "None", "otherNonOperatingIncome": "-2281000", "depreciation": "None", "depreciationAndAmortization": "9424000", "incomeBeforeTax": "11168000", "incomeTaxExpense": "375000", "interestAndDebtExpense": "None", "netIncomeFromContinuingOperations": "10793000", "comprehensiveIncomeNetOfTax": "None", "ebit": "12186000", "ebitda": "21610000", "netIncome": "10793000"}, {"fiscalDateEnding": "2014-12-31", "reportedCurrency": "USD", "grossProfit": "44246000", "totalRevenue": "130449000", "costOfRevenue": "86203000", "costofGoodsAndServicesSold": "86203000", "operatingIncome": "5138000", "sellingGeneralAndAdministrative": "17095000", "researchAndDevelopment": "15970000", "operatingExpenses": "39108000", "investmentIncomeNet": "None", "netInterestIncome": "None", "interestIncome": "None", "interestExpense": "326000", "nonInterestIncome": "None", "otherNonOperatingIncome": "-656000", "depreciation": "None", "depreciationAndAmortization": "6169000", "incomeBeforeTax": "4482000", "incomeTaxExpense": "199000", "interestAndDebtExpense": "None", "netIncomeFromContinuingOperations": "4283000", "comprehensiveIncomeNetOfTax": "None", "ebit": "4808000", "ebitda": "10977000", "netIncome": "4283000"}, {"fiscalDateEnding": "2013-12-31", "reportedCurrency": "USD", "grossProfit": "23028000", "totalRevenue": "78424000", "costOfRevenue": "55396000", "costofGoodsAndServicesSold": "55396000", "operatingIncome": "-307000", "sellingGeneralAndAdministrative": "10632000", "researchAndDevelopment": "8512000", "operatingExpenses": "23335000", "investmentIncomeNet": "None", "netInterestIncome": "None", "interestIncome": "None", "interestExpense": "1125000", "nonInterestIncome": "None", "otherNonOperatingIncome": "-1099000", "depreciation": "None", "depreciationAndAmortization": "3407000", "incomeBeforeTax": "-1406000", "incomeTaxExpense": "-2360000", "interestAndDebtExpense": "None", "netIncomeFromContinuingOperations": "-1406000", "comprehensiveIncomeNetOfTax": "None", "ebit": "-281000", "ebitda": "3126000", "netIncome": "-1406000"}, {"fiscalDateEnding": "2012-12-31", "reportedCurrency": "USD", "grossProfit": "18929000", "totalRevenue": "63421000", "costOfRevenue": "44492000", "costofGoodsAndServicesSold": "44492000", "operatingIncome": "179000", "sellingGeneralAndAdministrative": "8012000", "researchAndDevelopment": "7603000", "operatingExpenses": "18750000", "investmentIncomeNet": "None", "netInterestIncome": "None", "interestIncome": "None", "interestExpense": "1381000", "nonInterestIncome": "None", "otherNonOperatingIncome": "None", "depreciation": "None", "depreciationAndAmortization": "2942000", "incomeBeforeTax": "-945000", "incomeTaxExpense": "1419000", "interestAndDebtExpense": "None", "netIncomeFromContinuingOperations": "None", "comprehensiveIncomeNetOfTax": "None", "ebit": "436000", "ebitda": "3378000", "netIncome": "-945000"}, {"fiscalDateEnding": "2011-12-31", "reportedCurrency": "USD", "grossProfit": "13372000", "totalRevenue": "47840000", "costOfRevenue": "34468000", "costofGoodsAndServicesSold": "34468000", "operatingIncome": "-3734000", "sellingGeneralAndAdministrative": "8243000", "researchAndDevelopment": "6451000", "operatingExpenses": "17106000", "investmentIncomeNet": "None", "netInterestIncome": "None", "interestIncome": "None", "interestExpense": "1338000", "nonInterestIncome": "None", "otherNonOperatingIncome": "None", "depreciation": "None", "depreciationAndAmortization": "3112000", "incomeBeforeTax": "-5328000", "incomeTaxExpense": "1339000", "interestAndDebtExpense": "None", "netIncomeFromContinuingOperations": "None", "comprehensiveIncomeNetOfTax": "None", "ebit": "-3990000", "ebitda": "-878000", "netIncome": "-5328000"}, {"fiscalDateEnding": "2010-12-31", "reportedCurrency": "USD", "grossProfit": "12950000", "totalRevenue": "40489000", "costOfRevenue": "27539000", "costofGoodsAndServicesSold": "27539000", "operatingIncome": "-3093000", "sellingGeneralAndAdministrative": "8382000", "researchAndDevelopment": "5176000", "operatingExpenses": "16043000", "investmentIncomeNet": "None", "netInterestIncome": "None", "interestIncome": "None", "interestExpense": "906000", "nonInterestIncome": "None", "otherNonOperatingIncome": "None", "depreciation": "None", "depreciationAndAmortization": "3340000", "incomeBeforeTax": "-3380000", "incomeTaxExpense": "915000", "interestAndDebtExpense": "None", "netIncomeFromContinuingOperations": "None", "comprehensiveIncomeNetOfTax": "None", "ebit": "-2474000", "ebitda": "866000", "netIncome": "-3380000"}], "quarterlyReports": [{"fiscalDateEnding": "2025-09-30", "reportedCurrency": "USD", "grossProfit": "33262999", "totalRevenue": "118630000", "costOfRevenue": "85367000", "costofGoodsAndServicesSold": "85367000", "operatingIncome": "-18187000", "sellingGeneralAndAdministrative": "20314000", "researchAndDevelopment": "21265000", "operatingExpenses": "51450000", "investmentIncomeNet": "None", "netInterestIncome": "-451000", "interestIncome": "451000", "interestExpense": "451000", "nonInterestIncome": "None", "otherNonOperatingIncome": "None", "depreciation": "None", "depreciationAndAmortization": "7366000", "incomeBeforeTax": "-17936000", "incomeTaxExpense": "None", "interestAndDebtExpense": "None", "netIncomeFromContinuingOperations": "-17936000", "comprehensiveIncomeNetOfTax": "None", "ebit": "-17485000", "ebitda": "-10119000", "netIncome": "-17936000"}, {"fiscalDateEnding": "2025-06-30", "reportedCurrency": "USD", "grossProfit": "31162000", "totalRevenue": "102952000", "costOfRevenue": "71790000", "costofGoodsAndServicesSold": "71790000", "operatingIncome": "-15976000", "sellingGeneralAndAdministrative": "18391000", "researchAndDevelopment": "20612000", "operatingExpenses": "47138000", "investmentIncomeNet": "None", "netInterestIncome": "-532000", "interestIncome": "286000", "interestExpense": "818000", "nonInterestIncome": "None", "otherNonOperatingIncome": "None", "depreciation": "None", "depreciationAndAmortization": "6400000", "incomeBeforeTax": "-9098000", "incomeTaxExpense": "None", "interestAndDebtExpense": "None", "netIncomeFromContinuingOperations": "-9098000", "comprehensiveIncomeNetOfTax": "None", "ebit": "-8280000", "ebitda": "-1880000", "netIncome": "-9098000"}, {"fiscalDateEnding": "2025-03-31", "reportedCurrency": "USD", "grossProfit": "30544000", "totalRevenue": "99859000", "costOfRevenue": "69315000", "costofGoodsAndServicesSold": "69315000", "operatingIncome": "-8937000", "sellingGeneralAndAdministrative": "16314000", "researchAndDevelopment": "17810000", "operatingExpenses": "39481000", "investmentIncomeNet": "None", "netInterestIncome": "-710000", "interestIncome": "224000", "interestExpense": "934000", "nonInterestIncome": "None", "otherNonOperatingIncome": "None", "depreciation": "None", "depreciationAndAmortization": "5725000", "incomeBeforeTax": "-9172000", "incomeTaxExpense": "None", "interestAndDebtExpense": "None", "netIncomeFromContinuingOperations": "-9172000", "comprehensiveIncomeNetOfTax": "None", "ebit": "-8238000", "ebitda": "-2513000", "netIncome": "-9172000"}, {"fiscalDateEnding": "2024-12-31", "reportedCurrency": "USD", "grossProfit": "28729000", "totalRevenue": "100271000", "costOfRevenue": "71542000", "costofGoodsAndServicesSold": "71542000", "operatingIncome": "-6472000", "sellingGeneralAndAdministrative": "14813000", "researchAndDevelopment": "16737000", "operatingExpenses": "35201000", "investmentIncomeNet": "None", "netInterestIncome": "-1389000", "interestIncome": "365000", "interestExpense": "1754000", "nonInterestIncome": "None", "otherNonOperatingIncome": "None", "depreciation": "None", "depreciationAndAmortization": "5356000", "incomeBeforeTax": "-119689000", "incomeTaxExpense": "2000", "interestAndDebtExpense": "None", "netIncomeFromContinuingOperations": "-119691000", "comprehensiveIncomeNetOfTax": "None", "ebit": "-117935000", "ebitda": "-112579000", "netIncome": "-119691000"}, {"fiscalDateEnding": "2024-09-30", "reportedCurrency": "USD", "grossProfit": "15917000", "totalRevenue": "65151000", "costOfRevenue": "49234000", "costofGoodsAndServicesSold": "49234000", "operatingIncome": "-16547000", "sellingGeneralAndAdministrative": "14240000", "researchAndDevelopment": "13428000", "operatingExpenses": "32464000", "investmentIncomeNet": "None", "netInterestIncome": "-1546000", "interestIncome": "156000", "interestExpense": "1702000", "nonInterestIncome": "None", "otherNonOperatingIncome": "None", "depreciation": "None", "depreciationAndAmortization": "5231000", "incomeBeforeTax": "-17757000", "incomeTaxExpense": "None", "interestAndDebtExpense": "None", "netIncomeFromContinuingOperations": "-17757000", "comprehensiveIncomeNetOfTax": "None", "ebit": "-16055000", "ebitda": "-10824000", "netIncome": "-17757000"}, {"fiscalDateEnding": "2024-06-30", "reportedCurrency": "USD", "grossProfit": "9562000", "totalRevenue": "43270000", "costOfRevenue": "33708000", "costofGoodsAndServicesSold": "33708000", "operatingIncome": "-26244000", "sellingGeneralAndAdministrative": "16818000", "researchAndDevelopment": "13078000", "operatingExpenses": "35806000", "investmentIncomeNet": "None", "netInterestIncome": "-1600000", "interestIncome": "93000", "interestExpense": "1693000", "nonInterestIncome": "None", "otherNonOperatingIncome": "None", "depreciation": "None", "depreciationAndAmortization": "5067000", "incomeBeforeTax": "-26115000", "incomeTaxExpense": "None", "interestAndDebtExpense": "None", "netIncomeFromContinuingOperations": "-26115000", "comprehensiveIncomeNetOfTax": "None", "ebit": "-24422000", "ebitda": "-19355000", "netIncome": "-26115000"}, {"fiscalDateEnding": "2024-03-31", "reportedCurrency": "USD", "grossProfit": "7591000", "totalRevenue": "40673000", "costOfRevenue": "33082000", "costofGoodsAndServicesSold": "33082000", "operatingIncome": "-21646000", "sellingGeneralAndAdministrative": "13727000", "researchAndDevelopment": "11712000", "operatingExpenses": "29237000", "investmentIncomeNet": "None", "netInterestIncome": "-1416000", "interestIncome": "260000", "interestExpense": "1676000", "nonInterestIncome": "None", "otherNonOperatingIncome": "None", "depreciation": "None", "depreciationAndAmortization": "4995000", "incomeBeforeTax": "-23170000", "incomeTaxExpense": "4951724", "interestAndDebtExpense": "None", "netIncomeFromContinuingOperations": "-23170000", "comprehensiveIncomeNetOfTax": "None", "ebit": "-21494000", "ebitda": "-16499000", "netIncome": "-23170000"}, {"fiscalDateEnding": "2023-12-31", "reportedCurrency": "USD", "grossProfit": "21604000", "totalRevenue": "60453000", "costOfRevenue": "38849000", "costofGoodsAndServicesSold": "38849000", "operatingIncome": "-4532000", "sellingGeneralAndAdministrative": "13856000", "researchAndDevelopment": "9342000", "operatingExpenses": "26136000", "investmentIncomeNet": "None", "netInterestIncome": "-2651000", "interestIncome": "476000", "interestExpense": "3127000", "nonInterestIncome": "None", "otherNonOperatingIncome": "None", "depreciation": "None", "depreciationAndAmortization": "4928000", "incomeBeforeTax": "-13857000", "incomeTaxExpense": "1000", "interestAndDebtExpense": "None", "netIncomeFromContinuingOperations": "-13858000", "comprehensiveIncomeNetOfTax": "None", "ebit": "-10730000", "ebitda": "-5802000", "netIncome": "-13858000"}, {"fiscalDateEnding": "2023-09-30", "reportedCurrency": "USD", "grossProfit": "20174000", "totalRevenue": "62547000", "costOfRevenue": "42373000", "costofGoodsAndServicesSold": "42373000", "operatingIncome": "-6686000", "sellingGeneralAndAdministrative": "14368000", "researchAndDevelopment": "9457000", "operatingExpenses": "26860000", "investmentIncomeNet": "None", "netInterestIncome": "-1924000", "interestIncome": "65000", "interestExpense": "1989000", "nonInterestIncome": "None", "otherNonOperatingIncome": "None", "depreciation": "None", "depreciationAndAmortization": "4977000", "incomeBeforeTax": "-8953000", "incomeTaxExpense": "-4977000", "interestAndDebtExpense": "None", "netIncomeFromContinuingOperations": "-8953000", "comprehensiveIncomeNetOfTax": "None", "ebit": "-6964000", "ebitda": "-1987000", "netIncome": "-8953000"}, {"fiscalDateEnding": "2023-06-30", "reportedCurrency": "USD", "grossProfit": "7898000", "totalRevenue": "41615000", "costOfRevenue": "33717000", "costofGoodsAndServicesSold": "33717000", "operatingIncome": "-15965000", "sellingGeneralAndAdministrative": "12954000", "researchAndDevelopment": "8640000", "operatingExpenses": "23863000", "investmentIncomeNet": "None", "netInterestIncome": "-2138000", "interestIncome": "37000", "interestExpense": "2175000", "nonInterestIncome": "None", "otherNonOperatingIncome": "1204000", "depreciation": "None", "depreciationAndAmortization": "5193000", "incomeBeforeTax": "-16936000", "incomeTaxExpense": "8000", "interestAndDebtExpense": "None", "netIncomeFromContinuingOperations": "-16944000", "comprehensiveIncomeNetOfTax": "None", "ebit": "-14761000", "ebitda": "-9568000", "netIncome": "-16944000"}, {"fiscalDateEnding": "2023-03-31", "reportedCurrency": "USD", "grossProfit": "9244000", "totalRevenue": "53030000", "costOfRevenue": "43786000", "costofGoodsAndServicesSold": "43786000", "operatingIncome": "-14167000", "sellingGeneralAndAdministrative": "12548000", "researchAndDevelopment": "8536000", "operatingExpenses": "23411000", "investmentIncomeNet": "None", "netInterestIncome": "-2104000", "interestIncome": "33000", "interestExpense": "2137000", "nonInterestIncome": "None", "otherNonOperatingIncome": "12000", "depreciation": "None", "depreciationAndAmortization": "5329000", "incomeBeforeTax": "-16292000", "incomeTaxExpense": "4262000", "interestAndDebtExpense": "None", "netIncomeFromContinuingOperations": "-16292000", "comprehensiveIncomeNetOfTax": "None", "ebit": "-14155000", "ebitda": "-8826000", "netIncome": "-16292000"}, {"fiscalDateEnding": "2022-12-31", "reportedCurrency": "USD", "grossProfit": "6226000", "totalRevenue": "61585000", "costOfRevenue": "55359000", "costofGoodsAndServicesSold": "55359000", "operatingIncome": "-18363000", "sellingGeneralAndAdministrative": "12750000", "researchAndDevelopment": "9224000", "operatingExpenses": "24589000", "investmentIncomeNet": "None", "netInterestIncome": "-1852000", "interestIncome": "36000", "interestExpense": "1888000", "nonInterestIncome": "None", "otherNonOperatingIncome": "None", "depreciation": "None", "depreciationAndAmortization": "5504000", "incomeBeforeTax": "-20250000", "incomeTaxExpense": "1000", "interestAndDebtExpense": "None", "netIncomeFromContinuingOperations": "-20250000", "comprehensiveIncomeNetOfTax": "None", "ebit": "-18361000", "ebitda": "-12857000", "netIncome": "-20250000"}, {"fiscalDateEnding": "2022-09-30", "reportedCurrency": "USD", "grossProfit": "9749000", "totalRevenue": "56693000", "costOfRevenue": "46944000", "costofGoodsAndServicesSold": "46944000", "operatingIncome": "-13496000", "sellingGeneralAndAdministrative": "11454000", "researchAndDevelopment": "9206000", "operatingExpenses": "23245000", "investmentIncomeNet": "None", "netInterestIncome": "-1590000", "interestIncome": "31000", "interestExpense": "1621000", "nonInterestIncome": "None", "otherNonOperatingIncome": "-510000", "depreciation": "None", "depreciationAndAmortization": "5703000", "incomeBeforeTax": "-15627000", "incomeTaxExpense": "1630000", "interestAndDebtExpense": "None", "netIncomeFromContinuingOperations": "-15627000", "comprehensiveIncomeNetOfTax": "None", "ebit": "-14006000", "ebitda": "-8303000", "netIncome": "-15627000"}, {"fiscalDateEnding": "2022-06-30", "reportedCurrency": "USD", "grossProfit": "8628000", "totalRevenue": "52299000", "costOfRevenue": "43671000", "costofGoodsAndServicesSold": "43671000", "operatingIncome": "-12899000", "sellingGeneralAndAdministrative": "11035000", "researchAndDevelopment": "8328000", "operatingExpenses": "21527000", "investmentIncomeNet": "None", "netInterestIncome": "-1377000", "interestIncome": "31000", "interestExpense": "1408000", "nonInterestIncome": "None", "otherNonOperatingIncome": "None", "depreciation": "None", "depreciationAndAmortization": "5887000", "incomeBeforeTax": "-14456000", "incomeTaxExpense": "1641000", "interestAndDebtExpense": "None", "netIncomeFromContinuingOperations": "-14456000", "comprehensiveIncomeNetOfTax": "None", "ebit": "-13048000", "ebitda": "-7161000", "netIncome": "-14456000"}, {"fiscalDateEnding": "2022-03-31", "reportedCurrency": "USD", "grossProfit": "9025000", "totalRevenue": "52242000", "costOfRevenue": "43217000", "costofGoodsAndServicesSold": "43217000", "operatingIncome": "-14239000", "sellingGeneralAndAdministrative": "11220000", "researchAndDevelopment": "9486000", "operatingExpenses": "23264000", "investmentIncomeNet": "None", "netInterestIncome": "-1373000", "interestIncome": "28000", "interestExpense": "1401000", "nonInterestIncome": "None", "otherNonOperatingIncome": "None", "depreciation": "None", "depreciationAndAmortization": "6108000", "incomeBeforeTax": "-16062000", "incomeTaxExpense": "1841000", "interestAndDebtExpense": "None", "netIncomeFromContinuingOperations": "-16062000", "comprehensiveIncomeNetOfTax": "None", "ebit": "-14661000", "ebitda": "-8553000", "netIncome": "-16062000"}, {"fiscalDateEnding": "2021-12-31", "reportedCurrency": "USD", "grossProfit": "8095000", "totalRevenue": "54408000", "costOfRevenue": "46313000", "costofGoodsAndServicesSold": "46313000", "operatingIncome": "-13625000", "sellingGeneralAndAdministrative": "10167000", "researchAndDevelopment": "9229000", "operatingExpenses": "21720000", "investmentIncomeNet": "None", "netInterestIncome": "-1441000", "interestIncome": "21000", "interestExpense": "1462000", "nonInterestIncome": "None", "otherNonOperatingIncome": "None", "depreciation": "None", "depreciationAndAmortization": "6183000", "incomeBeforeTax": "-14538000", "incomeTaxExpense": "2000", "interestAndDebtExpense": "None", "netIncomeFromContinuingOperations": "-14540000", "comprehensiveIncomeNetOfTax": "None", "ebit": "-13076000", "ebitda": "-6893000", "netIncome": "-14540000"}, {"fiscalDateEnding": "2021-09-30", "reportedCurrency": "USD", "grossProfit": "8124000", "totalRevenue": "53267000", "costOfRevenue": "45143000", "costofGoodsAndServicesSold": "45143000", "operatingIncome": "-15453000", "sellingGeneralAndAdministrative": "10645000", "researchAndDevelopment": "10149000", "operatingExpenses": "23577000", "investmentIncomeNet": "None", "netInterestIncome": "-1342000", "interestIncome": "17000", "interestExpense": "1359000", "nonInterestIncome": "None", "otherNonOperatingIncome": "1015000", "depreciation": "None", "depreciationAndAmortization": "6318000", "incomeBeforeTax": "-15797000", "incomeTaxExpense": "1530000", "interestAndDebtExpense": "None", "netIncomeFromContinuingOperations": "-15797000", "comprehensiveIncomeNetOfTax": "None", "ebit": "-14438000", "ebitda": "-8120000", "netIncome": "-15797000"}, {"fiscalDateEnding": "2021-06-30", "reportedCurrency": "USD", "grossProfit": "10778000", "totalRevenue": "54189000", "costOfRevenue": "43411000", "costofGoodsAndServicesSold": "43411000", "operatingIncome": "-13649000", "sellingGeneralAndAdministrative": "10681000", "researchAndDevelopment": "10914000", "operatingExpenses": "24427000", "investmentIncomeNet": "None", "netInterestIncome": "-1351000", "interestIncome": "16000", "interestExpense": "1367000", "nonInterestIncome": "None", "otherNonOperatingIncome": "6813000", "depreciation": "None", "depreciationAndAmortization": "6426000", "incomeBeforeTax": "-8203000", "incomeTaxExpense": "1398000", "interestAndDebtExpense": "None", "netIncomeFromContinuingOperations": "-8203000", "comprehensiveIncomeNetOfTax": "None", "ebit": "-6836000", "ebitda": "-410000", "netIncome": "-8203000"}, {"fiscalDateEnding": "2021-03-31", "reportedCurrency": "USD", "grossProfit": "10719000", "totalRevenue": "49701000", "costOfRevenue": "38982000", "costofGoodsAndServicesSold": "38982000", "operatingIncome": "-14038000", "sellingGeneralAndAdministrative": "10869000", "researchAndDevelopment": "10928000", "operatingExpenses": "24757000", "investmentIncomeNet": "None", "netInterestIncome": "-1415000", "interestIncome": "16000", "interestExpense": "1431000", "nonInterestIncome": "None", "otherNonOperatingIncome": "-153000", "depreciation": "None", "depreciationAndAmortization": "6444000", "incomeBeforeTax": "-15622000", "incomeTaxExpense": "1432000", "interestAndDebtExpense": "None", "netIncomeFromContinuingOperations": "-15622000", "comprehensiveIncomeNetOfTax": "None", "ebit": "-14191000", "ebitda": "-7747000", "netIncome": "-15622000"}, {"fiscalDateEnding": "2020-12-31", "reportedCurrency": "USD", "grossProfit": "11277000", "totalRevenue": "52325000", "costOfRevenue": "41048000", "costofGoodsAndServicesSold": "41048000", "operatingIncome": "-13161000", "sellingGeneralAndAdministrative": "10383000", "researchAndDevelopment": "10826000", "operatingExpenses": "24438000", "investmentIncomeNet": "None", "netInterestIncome": "-1176000", "interestIncome": "35000", "interestExpense": "1211000", "nonInterestIncome": "None", "otherNonOperatingIncome": "937000", "depreciation": "None", "depreciationAndAmortization": "6383000", "incomeBeforeTax": "-13435000", "incomeTaxExpense": "4000", "interestAndDebtExpense": "None", "netIncomeFromContinuingOperations": "-13439000", "comprehensiveIncomeNetOfTax": "None", "ebit": "-12224000", "ebitda": "-5841000", "netIncome": "-13439000"}, {"fiscalDateEnding": "2020-09-30", "reportedCurrency": "USD", "grossProfit": "19190000", "totalRevenue": "76608000", "costOfRevenue": "57418000", "costofGoodsAndServicesSold": "57418000", "operatingIncome": "-6779000", "sellingGeneralAndAdministrative": "10272000", "researchAndDevelopment": "11206000", "operatingExpenses": "25969000", "investmentIncomeNet": "None", "netInterestIncome": "-1454000", "interestIncome": "26000", "interestExpense": "1480000", "nonInterestIncome": "None", "otherNonOperatingIncome": "892000", "depreciation": "None", "depreciationAndAmortization": "6196000", "incomeBeforeTax": "-7367000", "incomeTaxExpense": "2249000", "interestAndDebtExpense": "None", "netIncomeFromContinuingOperations": "-9616000", "comprehensiveIncomeNetOfTax": "None", "ebit": "-5887000", "ebitda": "309000", "netIncome": "-9616000"}, {"fiscalDateEnding": "2020-06-30", "reportedCurrency": "USD", "grossProfit": "13736000", "totalRevenue": "65222000", "costOfRevenue": "51486000", "costofGoodsAndServicesSold": "51486000", "operatingIncome": "-11108000", "sellingGeneralAndAdministrative": "10611000", "researchAndDevelopment": "10803000", "operatingExpenses": "24844000", "investmentIncomeNet": "None", "netInterestIncome": "-1442000", "interestIncome": "47000", "interestExpense": "1489000", "nonInterestIncome": "None", "otherNonOperatingIncome": "1021000", "depreciation": "None", "depreciationAndAmortization": "6123000", "incomeBeforeTax": "-11576000", "incomeTaxExpense": "7024000", "interestAndDebtExpense": "None", "netIncomeFromContinuingOperations": "-18600000", "comprehensiveIncomeNetOfTax": "None", "ebit": "-10087000", "ebitda": "-3964000", "netIncome": "-18600000"}, {"fiscalDateEnding": "2020-03-31", "reportedCurrency": "USD", "grossProfit": "6338000", "totalRevenue": "40467000", "costOfRevenue": "34129000", "costofGoodsAndServicesSold": "34129000", "operatingIncome": "-17794000", "sellingGeneralAndAdministrative": "10638000", "researchAndDevelopment": "10558000", "operatingExpenses": "24132000", "investmentIncomeNet": "None", "netInterestIncome": "-1308000", "interestIncome": "147000", "interestExpense": "1455000", "nonInterestIncome": "None", "otherNonOperatingIncome": "403000", "depreciation": "None", "depreciationAndAmortization": "6031000", "incomeBeforeTax": "-18846000", "incomeTaxExpense": "-2049000", "interestAndDebtExpense": "None", "netIncomeFromContinuingOperations": "-16797000", "comprehensiveIncomeNetOfTax": "None", "ebit": "-17391000", "ebitda": "-11360000", "netIncome": "-16797000"}, {"fiscalDateEnding": "2019-12-31", "reportedCurrency": "USD", "grossProfit": "11336000", "totalRevenue": "48658000", "costOfRevenue": "37322000", "costofGoodsAndServicesSold": "37322000", "operatingIncome": "-12054000", "sellingGeneralAndAdministrative": "10177000", "researchAndDevelopment": "10597000", "operatingExpenses": "23390000", "investmentIncomeNet": "None", "netInterestIncome": "-1206000", "interestIncome": "196000", "interestExpense": "1402000", "nonInterestIncome": "None", "otherNonOperatingIncome": "4297000", "depreciation": "None", "depreciationAndAmortization": "6032000", "incomeBeforeTax": "-13163000", "incomeTaxExpense": "22267000", "interestAndDebtExpense": "None", "netIncomeFromContinuingOperations": "-35429000", "comprehensiveIncomeNetOfTax": "None", "ebit": "-11760000", "ebitda": "-5728000", "netIncome": "-35429000"}, {"fiscalDateEnding": "2019-09-30", "reportedCurrency": "USD", "grossProfit": "11976000", "totalRevenue": "46084000", "costOfRevenue": "34108000", "costofGoodsAndServicesSold": "34108000", "operatingIncome": "-10996000", "sellingGeneralAndAdministrative": "9988000", "researchAndDevelopment": "10466000", "operatingExpenses": "22972000", "investmentIncomeNet": "None", "netInterestIncome": "-1170000", "interestIncome": "347000", "interestExpense": "1517000", "nonInterestIncome": "None", "otherNonOperatingIncome": "276000", "depreciation": "None", "depreciationAndAmortization": "6018000", "incomeBeforeTax": "-10720000", "incomeTaxExpense": "-1940000", "interestAndDebtExpense": "None", "netIncomeFromContinuingOperations": "-8780000", "comprehensiveIncomeNetOfTax": "None", "ebit": "-9203000", "ebitda": "-3185000", "netIncome": "-8780000"}, {"fiscalDateEnding": "2019-06-30", "reportedCurrency": "USD", "grossProfit": "10538000", "totalRevenue": "43411000", "costOfRevenue": "32873000", "costofGoodsAndServicesSold": "32873000", "operatingIncome": "-13828000", "sellingGeneralAndAdministrative": "10884000", "researchAndDevelopment": "11151000", "operatingExpenses": "24366000", "investmentIncomeNet": "None", "netInterestIncome": "-1180000", "interestIncome": "310000", "interestExpense": "1490000", "nonInterestIncome": "None", "otherNonOperatingIncome": "-729000", "depreciation": "None", "depreciationAndAmortization": "6016000", "incomeBeforeTax": "-14557000", "incomeTaxExpense": "-3191000", "interestAndDebtExpense": "None", "netIncomeFromContinuingOperations": "-11366000", "comprehensiveIncomeNetOfTax": "None", "ebit": "-13067000", "ebitda": "-7051000", "netIncome": "-11366000"}, {"fiscalDateEnding": "2019-03-31", "reportedCurrency": "USD", "grossProfit": "12351000", "totalRevenue": "52719000", "costOfRevenue": "40368000", "costofGoodsAndServicesSold": "40368000", "operatingIncome": "-11869000", "sellingGeneralAndAdministrative": "10440000", "researchAndDevelopment": "11185000", "operatingExpenses": "24220000", "investmentIncomeNet": "None", "netInterestIncome": "-924000", "interestIncome": "1157000", "interestExpense": "996000", "nonInterestIncome": "None", "otherNonOperatingIncome": "-1079000", "depreciation": "None", "depreciationAndAmortization": "5948000", "incomeBeforeTax": "-12948000", "incomeTaxExpense": "-2474000", "interestAndDebtExpense": "None", "netIncomeFromContinuingOperations": "-10474000", "comprehensiveIncomeNetOfTax": "None", "ebit": "-11952000", "ebitda": "-6004000", "netIncome": "-10474000"}, {"fiscalDateEnding": "2018-12-31", "reportedCurrency": "USD", "grossProfit": "10537000", "totalRevenue": "58018000", "costOfRevenue": "47481000", "costofGoodsAndServicesSold": "47481000", "operatingIncome": "-12277000", "sellingGeneralAndAdministrative": "9552000", "researchAndDevelopment": "11342000", "operatingExpenses": "22814000", "investmentIncomeNet": "None", "netInterestIncome": "None", "interestIncome": "None", "interestExpense": "482000", "nonInterestIncome": "None", "otherNonOperatingIncome": "71000", "depreciation": "None", "depreciationAndAmortization": "7891000", "incomeBeforeTax": "-12206000", "incomeTaxExpense": "-3638000", "interestAndDebtExpense": "None", "netIncomeFromContinuingOperations": "-8568000", "comprehensiveIncomeNetOfTax": "None", "ebit": "-11724000", "ebitda": "-3833000", "netIncome": "-8568000"}, {"fiscalDateEnding": "2018-09-30", "reportedCurrency": "USD", "grossProfit": "17537000", "totalRevenue": "56386000", "costOfRevenue": "38849000", "costofGoodsAndServicesSold": "38849000", "operatingIncome": "-9604000", "sellingGeneralAndAdministrative": "10591000", "researchAndDevelopment": "14180000", "operatingExpenses": "27141000", "investmentIncomeNet": "None", "netInterestIncome": "None", "interestIncome": "None", "interestExpense": "274000", "nonInterestIncome": "None", "otherNonOperatingIncome": "578000", "depreciation": "None", "depreciationAndAmortization": "7516000", "incomeBeforeTax": "-9026000", "incomeTaxExpense": "-5294000", "interestAndDebtExpense": "None", "netIncomeFromContinuingOperations": "-3732000", "comprehensiveIncomeNetOfTax": "None", "ebit": "-8752000", "ebitda": "-1236000", "netIncome": "-3732000"}, {"fiscalDateEnding": "2018-06-30", "reportedCurrency": "USD", "grossProfit": "33863000", "totalRevenue": "87822000", "costOfRevenue": "53959000", "costofGoodsAndServicesSold": "53959000", "operatingIncome": "8943000", "sellingGeneralAndAdministrative": "9898000", "researchAndDevelopment": "12645000", "operatingExpenses": "24920000", "investmentIncomeNet": "None", "netInterestIncome": "None", "interestIncome": "None", "interestExpense": "279000", "nonInterestIncome": "None", "otherNonOperatingIncome": "1387000", "depreciation": "None", "depreciationAndAmortization": "7327000", "incomeBeforeTax": "10330000", "incomeTaxExpense": "2296000", "interestAndDebtExpense": "None", "netIncomeFromContinuingOperations": "8034000", "comprehensiveIncomeNetOfTax": "None", "ebit": "10609000", "ebitda": "17936000", "netIncome": "8034000"}, {"fiscalDateEnding": "2018-03-31", "reportedCurrency": "USD", "grossProfit": "25836000", "totalRevenue": "65239000", "costOfRevenue": "39403000", "costofGoodsAndServicesSold": "39403000", "operatingIncome": "2170000", "sellingGeneralAndAdministrative": "9456000", "researchAndDevelopment": "11736000", "operatingExpenses": "23666000", "investmentIncomeNet": "None", "netInterestIncome": "None", "interestIncome": "None", "interestExpense": "71000", "nonInterestIncome": "None", "otherNonOperatingIncome": "-1046000", "depreciation": "None", "depreciationAndAmortization": "6964000", "incomeBeforeTax": "1124000", "incomeTaxExpense": "-996000", "interestAndDebtExpense": "None", "netIncomeFromContinuingOperations": "2120000", "comprehensiveIncomeNetOfTax": "None", "ebit": "1195000", "ebitda": "8159000", "netIncome": "2120000"}, {"fiscalDateEnding": "2017-12-31", "reportedCurrency": "USD", "grossProfit": "32154000", "totalRevenue": "79855000", "costOfRevenue": "47701000", "costofGoodsAndServicesSold": "47701000", "operatingIncome": "10320000", "sellingGeneralAndAdministrative": "9074000", "researchAndDevelopment": "10670000", "operatingExpenses": "21834000", "investmentIncomeNet": "None", "netInterestIncome": "None", "interestIncome": "None", "interestExpense": "66000", "nonInterestIncome": "None", "otherNonOperatingIncome": "-901000", "depreciation": "None", "depreciationAndAmortization": "6049000", "incomeBeforeTax": "9419000", "incomeTaxExpense": "3703000", "interestAndDebtExpense": "None", "netIncomeFromContinuingOperations": "5716000", "comprehensiveIncomeNetOfTax": "None", "ebit": "9485000", "ebitda": "15534000", "netIncome": "5716000"}, {"fiscalDateEnding": "2017-09-30", "reportedCurrency": "USD", "grossProfit": "39372000", "totalRevenue": "88879000", "costOfRevenue": "49507000", "costofGoodsAndServicesSold": "49507000", "operatingIncome": "18051000", "sellingGeneralAndAdministrative": "9580000", "researchAndDevelopment": "9190000", "operatingExpenses": "21321000", "investmentIncomeNet": "None", "netInterestIncome": "None", "interestIncome": "None", "interestExpense": "248000", "nonInterestIncome": "None", "otherNonOperatingIncome": "-541000", "depreciation": "None", "depreciationAndAmortization": "5403000", "incomeBeforeTax": "17510000", "incomeTaxExpense": "-1865000", "interestAndDebtExpense": "None", "netIncomeFromContinuingOperations": "19375000", "comprehensiveIncomeNetOfTax": "None", "ebit": "17758000", "ebitda": "23161000", "netIncome": "19375000"}, {"fiscalDateEnding": "2017-06-30", "reportedCurrency": "USD", "grossProfit": "53282000", "totalRevenue": "117371000", "costOfRevenue": "64089000", "costofGoodsAndServicesSold": "64089000", "operatingIncome": "34265000", "sellingGeneralAndAdministrative": "8786000", "researchAndDevelopment": "8073000", "operatingExpenses": "19017000", "investmentIncomeNet": "None", "netInterestIncome": "None", "interestIncome": "None", "interestExpense": "245000", "nonInterestIncome": "None", "otherNonOperatingIncome": "-111000", "depreciation": "None", "depreciationAndAmortization": "4627000", "incomeBeforeTax": "34154000", "incomeTaxExpense": "5083000", "interestAndDebtExpense": "None", "netIncomeFromContinuingOperations": "29071000", "comprehensiveIncomeNetOfTax": "None", "ebit": "34399000", "ebitda": "39026000", "netIncome": "29071000"}, {"fiscalDateEnding": "2017-03-31", "reportedCurrency": "USD", "grossProfit": "41472000", "totalRevenue": "96224000", "costOfRevenue": "54752000", "costofGoodsAndServicesSold": "54752000", "operatingIncome": "24315000", "sellingGeneralAndAdministrative": "7822000", "researchAndDevelopment": "7432000", "operatingExpenses": "17157000", "investmentIncomeNet": "None", "netInterestIncome": "None", "interestIncome": "None", "interestExpense": "299000", "nonInterestIncome": "None", "otherNonOperatingIncome": "-872000", "depreciation": "None", "depreciationAndAmortization": "4302000", "incomeBeforeTax": "23443000", "incomeTaxExpense": "3654000", "interestAndDebtExpense": "None", "netIncomeFromContinuingOperations": "19789000", "comprehensiveIncomeNetOfTax": "None", "ebit": "23742000", "ebitda": "28044000", "netIncome": "19789000"}, {"fiscalDateEnding": "2016-12-31", "reportedCurrency": "USD", "grossProfit": "32238000", "totalRevenue": "84900000", "costOfRevenue": "52662000", "costofGoodsAndServicesSold": "52662000", "operatingIncome": "15844000", "sellingGeneralAndAdministrative": "7443000", "researchAndDevelopment": "7208000", "operatingExpenses": "16394000", "investmentIncomeNet": "None", "netInterestIncome": "None", "interestIncome": "None", "interestExpense": "404000", "nonInterestIncome": "None", "otherNonOperatingIncome": "-1691000", "depreciation": "None", "depreciationAndAmortization": "4262000", "incomeBeforeTax": "15466000", "incomeTaxExpense": "1241000", "interestAndDebtExpense": "None", "netIncomeFromContinuingOperations": "14225000", "comprehensiveIncomeNetOfTax": "None", "ebit": "15870000", "ebitda": "20132000", "netIncome": "14225000"}, {"fiscalDateEnding": "2016-09-30", "reportedCurrency": "USD", "grossProfit": "23161000", "totalRevenue": "70137000", "costOfRevenue": "46976000", "costofGoodsAndServicesSold": "46976000", "operatingIncome": "6760000", "sellingGeneralAndAdministrative": "6445000", "researchAndDevelopment": "8362000", "operatingExpenses": "16401000", "investmentIncomeNet": "None", "netInterestIncome": "None", "interestIncome": "None", "interestExpense": "462000", "nonInterestIncome": "None", "otherNonOperatingIncome": "106000", "depreciation": "None", "depreciationAndAmortization": "3685000", "incomeBeforeTax": "6404000", "incomeTaxExpense": "-11332000", "interestAndDebtExpense": "None", "netIncomeFromContinuingOperations": "17736000", "comprehensiveIncomeNetOfTax": "None", "ebit": "6866000", "ebitda": "10551000", "netIncome": "17736000"}, {"fiscalDateEnding": "2016-06-30", "reportedCurrency": "USD", "grossProfit": "17302000", "totalRevenue": "55254000", "costOfRevenue": "37952000", "costofGoodsAndServicesSold": "37952000", "operatingIncome": "1972000", "sellingGeneralAndAdministrative": "5906000", "researchAndDevelopment": "7814000", "operatingExpenses": "15330000", "investmentIncomeNet": "None", "netInterestIncome": "None", "interestIncome": "None", "interestExpense": "450000", "nonInterestIncome": "None", "otherNonOperatingIncome": "-867000", "depreciation": "None", "depreciationAndAmortization": "3284000", "incomeBeforeTax": "655000", "incomeTaxExpense": "52000", "interestAndDebtExpense": "None", "netIncomeFromContinuingOperations": "603000", "comprehensiveIncomeNetOfTax": "None", "ebit": "1105000", "ebitda": "4389000", "netIncome": "603000"}, {"fiscalDateEnding": "2016-03-31", "reportedCurrency": "USD", "grossProfit": "14253000", "totalRevenue": "50422000", "costOfRevenue": "36169000", "costofGoodsAndServicesSold": "36169000", "operatingIncome": "-1556000", "sellingGeneralAndAdministrative": "5733000", "researchAndDevelopment": "8396000", "operatingExpenses": "15809000", "investmentIncomeNet": "None", "netInterestIncome": "None", "interestIncome": "None", "interestExpense": "401000", "nonInterestIncome": "None", "otherNonOperatingIncome": "435000", "depreciation": "None", "depreciationAndAmortization": "2957000", "incomeBeforeTax": "-1522000", "incomeTaxExpense": "-192000", "interestAndDebtExpense": "None", "netIncomeFromContinuingOperations": "-1330000", "comprehensiveIncomeNetOfTax": "None", "ebit": "-1121000", "ebitda": "1836000", "netIncome": "-1330000"}, {"fiscalDateEnding": "2015-12-31", "reportedCurrency": "USD", "grossProfit": "15618000", "totalRevenue": "52952000", "costOfRevenue": "37334000", "costofGoodsAndServicesSold": "37334000", "operatingIncome": "2754000", "sellingGeneralAndAdministrative": "5271000", "researchAndDevelopment": "5960000", "operatingExpenses": "12864000", "investmentIncomeNet": "None", "netInterestIncome": "None", "interestIncome": "None", "interestExpense": "242000", "nonInterestIncome": "None", "otherNonOperatingIncome": "-1017000", "depreciation": "None", "depreciationAndAmortization": "2691000", "incomeBeforeTax": "2513000", "incomeTaxExpense": "-166000", "interestAndDebtExpense": "None", "netIncomeFromContinuingOperations": "2679000", "comprehensiveIncomeNetOfTax": "None", "ebit": "2755000", "ebitda": "5446000", "netIncome": "2679000"}, {"fiscalDateEnding": "2015-09-30", "reportedCurrency": "USD", "grossProfit": "18053000", "totalRevenue": "57085000", "costOfRevenue": "39032000", "costofGoodsAndServicesSold": "39032000", "operatingIncome": "6122000", "sellingGeneralAndAdministrative": "4963000", "researchAndDevelopment": "5386000", "operatingExpenses": "11931000", "investmentIncomeNet": "None", "netInterestIncome": "None", "interestIncome": "None", "interestExpense": "351000", "nonInterestIncome": "None", "otherNonOperatingIncome": "-2665000", "depreciation": "None", "depreciationAndAmortization": "2420000", "incomeBeforeTax": "3106000", "incomeTaxExpense": "406000", "interestAndDebtExpense": "None", "netIncomeFromContinuingOperations": "2700000", "comprehensiveIncomeNetOfTax": "None", "ebit": "3457000", "ebitda": "5877000", "netIncome": "2700000"}, {"fiscalDateEnding": "2015-06-30", "reportedCurrency": "USD", "grossProfit": "16731000", "totalRevenue": "49632000", "costOfRevenue": "32901000", "costofGoodsAndServicesSold": "32901000", "operatingIncome": "5889000", "sellingGeneralAndAdministrative": "4534000", "researchAndDevelopment": "4701000", "operatingExpenses": "10842000", "investmentIncomeNet": "None", "netInterestIncome": "None", "interestIncome": "None", "interestExpense": "300000", "nonInterestIncome": "None", "otherNonOperatingIncome": "635000", "depreciation": "None", "depreciationAndAmortization": "2279000", "incomeBeforeTax": "6224000", "incomeTaxExpense": "135000", "interestAndDebtExpense": "None", "netIncomeFromContinuingOperations": "6089000", "comprehensiveIncomeNetOfTax": "None", "ebit": "6524000", "ebitda": "8803000", "netIncome": "6089000"}, {"fiscalDateEnding": "2015-03-31", "reportedCurrency": "USD", "grossProfit": "10051000", "totalRevenue": "30234000", "costOfRevenue": "20183000", "costofGoodsAndServicesSold": "20183000", "operatingIncome": "-1316000", "sellingGeneralAndAdministrative": "5003000", "researchAndDevelopment": "4805000", "operatingExpenses": "11367000", "investmentIncomeNet": "None", "netInterestIncome": "None", "interestIncome": "None", "interestExpense": "125000", "nonInterestIncome": "None", "otherNonOperatingIncome": "766000", "depreciation": "None", "depreciationAndAmortization": "2034000", "incomeBeforeTax": "-675000", "incomeTaxExpense": "-1579000", "interestAndDebtExpense": "None", "netIncomeFromContinuingOperations": "-675000", "comprehensiveIncomeNetOfTax": "None", "ebit": "-550000", "ebitda": "1484000", "netIncome": "-675000"}, {"fiscalDateEnding": "2014-12-31", "reportedCurrency": "USD", "grossProfit": "12259000", "totalRevenue": "36391000", "costOfRevenue": "24132000", "costofGoodsAndServicesSold": "24132000", "operatingIncome": "1316000", "sellingGeneralAndAdministrative": "5131000", "researchAndDevelopment": "4221000", "operatingExpenses": "10943000", "investmentIncomeNet": "None", "netInterestIncome": "None", "interestIncome": "None", "interestExpense": "50000", "nonInterestIncome": "None", "otherNonOperatingIncome": "-717000", "depreciation": "None", "depreciationAndAmortization": "1820000", "incomeBeforeTax": "714000", "incomeTaxExpense": "12000", "interestAndDebtExpense": "None", "netIncomeFromContinuingOperations": "702000", "comprehensiveIncomeNetOfTax": "None", "ebit": "763000", "ebitda": "2583000", "netIncome": "702000"}, {"fiscalDateEnding": "2014-09-30", "reportedCurrency": "USD", "grossProfit": "12146000", "totalRevenue": "36549000", "costOfRevenue": "24403000", "costofGoodsAndServicesSold": "24403000", "operatingIncome": "1872000", "sellingGeneralAndAdministrative": "4458000", "researchAndDevelopment": "4194000", "operatingExpenses": "10274000", "investmentIncomeNet": "None", "netInterestIncome": "None", "interestIncome": "None", "interestExpense": "55000", "nonInterestIncome": "None", "otherNonOperatingIncome": "-163000", "depreciation": "None", "depreciationAndAmortization": "1679000", "incomeBeforeTax": "1654000", "incomeTaxExpense": "77000", "interestAndDebtExpense": "None", "netIncomeFromContinuingOperations": "1577000", "comprehensiveIncomeNetOfTax": "None", "ebit": "1709000", "ebitda": "3388000", "netIncome": "1577000"}, {"fiscalDateEnding": "2014-06-30", "reportedCurrency": "USD", "grossProfit": "11188000", "totalRevenue": "32650000", "costOfRevenue": "21462000", "costofGoodsAndServicesSold": "21462000", "operatingIncome": "1730000", "sellingGeneralAndAdministrative": "3952000", "researchAndDevelopment": "4009000", "operatingExpenses": "9458000", "investmentIncomeNet": "None", "netInterestIncome": "None", "interestIncome": "None", "interestExpense": "60000", "nonInterestIncome": "None", "otherNonOperatingIncome": "334000", "depreciation": "None", "depreciationAndAmortization": "1431000", "incomeBeforeTax": "2004000", "incomeTaxExpense": "85000", "interestAndDebtExpense": "None", "netIncomeFromContinuingOperations": "1919000", "comprehensiveIncomeNetOfTax": "None", "ebit": "2064000", "ebitda": "3495000", "netIncome": "1919000"}, {"fiscalDateEnding": "2014-03-31", "reportedCurrency": "USD", "grossProfit": "8653000", "totalRevenue": "24859000", "costOfRevenue": "16206000", "costofGoodsAndServicesSold": "16206000", "operatingIncome": "220000", "sellingGeneralAndAdministrative": "3554000", "researchAndDevelopment": "3546000", "operatingExpenses": "8433000", "investmentIncomeNet": "None", "netInterestIncome": "None", "interestIncome": "None", "interestExpense": "162000", "nonInterestIncome": "None", "otherNonOperatingIncome": "-110000", "depreciation": "None", "depreciationAndAmortization": "1239000", "incomeBeforeTax": "110000", "incomeTaxExpense": "25000", "interestAndDebtExpense": "None", "netIncomeFromContinuingOperations": "85000", "comprehensiveIncomeNetOfTax": "None", "ebit": "272000", "ebitda": "1511000", "netIncome": "85000"}, {"fiscalDateEnding": "2013-12-31", "reportedCurrency": "USD", "grossProfit": "6675000", "totalRevenue": "23744000", "costOfRevenue": "17069000", "costofGoodsAndServicesSold": "17069000", "operatingIncome": "-297000", "sellingGeneralAndAdministrative": "3375000", "researchAndDevelopment": "2400000", "operatingExpenses": "6972000", "investmentIncomeNet": "None", "netInterestIncome": "None", "interestIncome": "None", "interestExpense": "200000", "nonInterestIncome": "None", "otherNonOperatingIncome": "None", "depreciation": "None", "depreciationAndAmortization": "971000", "incomeBeforeTax": "-520000", "incomeTaxExpense": "-849000", "interestAndDebtExpense": "None", "netIncomeFromContinuingOperations": "0", "comprehensiveIncomeNetOfTax": "None", "ebit": "-321000", "ebitda": "650000", "netIncome": "-521000"}, {"fiscalDateEnding": "2013-09-30", "reportedCurrency": "USD", "grossProfit": "6321000", "totalRevenue": "20766000", "costOfRevenue": "14445000", "costofGoodsAndServicesSold": "14445000", "operatingIncome": "641000", "sellingGeneralAndAdministrative": "2436000", "researchAndDevelopment": "2211000", "operatingExpenses": "5680000", "investmentIncomeNet": "None", "netInterestIncome": "None", "interestIncome": "None", "interestExpense": "323000", "nonInterestIncome": "None", "otherNonOperatingIncome": "-250000", "depreciation": "None", "depreciationAndAmortization": "877000", "incomeBeforeTax": "390000", "incomeTaxExpense": "-496000", "interestAndDebtExpense": "None", "netIncomeFromContinuingOperations": "390000", "comprehensiveIncomeNetOfTax": "None", "ebit": "714000", "ebitda": "1591000", "netIncome": "391000"}, {"fiscalDateEnding": "2013-06-30", "reportedCurrency": "USD", "grossProfit": "5447000", "totalRevenue": "19597000", "costOfRevenue": "14150000", "costofGoodsAndServicesSold": "14150000", "operatingIncome": "49000", "sellingGeneralAndAdministrative": "2447000", "researchAndDevelopment": "1898000", "operatingExpenses": "5398000", "investmentIncomeNet": "None", "netInterestIncome": "None", "interestIncome": "None", "interestExpense": "296000", "nonInterestIncome": "None", "otherNonOperatingIncome": "None", "depreciation": "None", "depreciationAndAmortization": "789000", "incomeBeforeTax": "-282000", "incomeTaxExpense": "287000", "interestAndDebtExpense": "None", "netIncomeFromContinuingOperations": "0", "comprehensiveIncomeNetOfTax": "None", "ebit": "14000", "ebitda": "803000", "netIncome": "-282000"}, {"fiscalDateEnding": "2013-03-31", "reportedCurrency": "USD", "grossProfit": "4585000", "totalRevenue": "14317000", "costOfRevenue": "9732000", "costofGoodsAndServicesSold": "9732000", "operatingIncome": "-700000", "sellingGeneralAndAdministrative": "2374000", "researchAndDevelopment": "2004000", "operatingExpenses": "5285000", "investmentIncomeNet": "None", "netInterestIncome": "None", "interestIncome": "None", "interestExpense": "306000", "nonInterestIncome": "None", "otherNonOperatingIncome": "None", "depreciation": "None", "depreciationAndAmortization": "770000", "incomeBeforeTax": "-994000", "incomeTaxExpense": "310000", "interestAndDebtExpense": "None", "netIncomeFromContinuingOperations": "0", "comprehensiveIncomeNetOfTax": "None", "ebit": "-688000", "ebitda": "82000", "netIncome": "-994000"}, {"fiscalDateEnding": "2012-12-31", "reportedCurrency": "USD", "grossProfit": "5444000", "totalRevenue": "18862000", "costOfRevenue": "13418000", "costofGoodsAndServicesSold": "13418000", "operatingIncome": "332000", "sellingGeneralAndAdministrative": "2122000", "researchAndDevelopment": "2224000", "operatingExpenses": "5112000", "investmentIncomeNet": "None", "netInterestIncome": "None", "interestIncome": "None", "interestExpense": "314000", "nonInterestIncome": "None", "otherNonOperatingIncome": "None", "depreciation": "None", "depreciationAndAmortization": "729000", "incomeBeforeTax": "52000", "incomeTaxExpense": "338000", "interestAndDebtExpense": "None", "netIncomeFromContinuingOperations": "0", "comprehensiveIncomeNetOfTax": "None", "ebit": "366000", "ebitda": "1095000", "netIncome": "52000"}, {"fiscalDateEnding": "2012-09-30", "reportedCurrency": "USD", "grossProfit": "4673000", "totalRevenue": "16416000", "costOfRevenue": "11743000", "costofGoodsAndServicesSold": "11743000", "operatingIncome": "-156000", "sellingGeneralAndAdministrative": "1978000", "researchAndDevelopment": "2095000", "operatingExpenses": "4829000", "investmentIncomeNet": "None", "netInterestIncome": "None", "interestIncome": "None", "interestExpense": "350000", "nonInterestIncome": "None", "otherNonOperatingIncome": "None", "depreciation": "None", "depreciationAndAmortization": "736000", "incomeBeforeTax": "-381000", "incomeTaxExpense": "332000", "interestAndDebtExpense": "None", "netIncomeFromContinuingOperations": "0", "comprehensiveIncomeNetOfTax": "None", "ebit": "-31000", "ebitda": "705000", "netIncome": "-381000"}, {"fiscalDateEnding": "2012-06-30", "reportedCurrency": "USD", "grossProfit": "0", "totalRevenue": "15638000", "costOfRevenue": "10201000", "costofGoodsAndServicesSold": "10201000", "operatingIncome": "239000", "sellingGeneralAndAdministrative": "4461000", "researchAndDevelopment": "1709000", "operatingExpenses": "0", "investmentIncomeNet": "None", "netInterestIncome": "None", "interestIncome": "None", "interestExpense": "717000", "nonInterestIncome": "None", "otherNonOperatingIncome": "None", "depreciation": "None", "depreciationAndAmortization": "None", "incomeBeforeTax": "0", "incomeTaxExpense": "0", "interestAndDebtExpense": "None", "netIncomeFromContinuingOperations": "0", "comprehensiveIncomeNetOfTax": "None", "ebit": "0", "ebitda": "None", "netIncome": "0"}, {"fiscalDateEnding": "2012-03-31", "reportedCurrency": "USD", "grossProfit": "0", "totalRevenue": "12506000", "costOfRevenue": "7653000", "costofGoodsAndServicesSold": "7653000", "operatingIncome": "0", "sellingGeneralAndAdministrative": "4349000", "researchAndDevelopment": "1575000", "operatingExpenses": "0", "investmentIncomeNet": "None", "netInterestIncome": "None", "interestIncome": "None", "interestExpense": "0", "nonInterestIncome": "None", "otherNonOperatingIncome": "None", "depreciation": "None", "depreciationAndAmortization": "None", "incomeBeforeTax": "0", "incomeTaxExpense": "0", "interestAndDebtExpense": "None", "netIncomeFromContinuingOperations": "0", "comprehensiveIncomeNetOfTax": "None", "ebit": "0", "ebitda": "None", "netIncome": "0"}, {"fiscalDateEnding": "2011-12-31", "reportedCurrency": "USD", "grossProfit": "16484000", "totalRevenue": "14750000", "costOfRevenue": "10576000", "costofGoodsAndServicesSold": "10576000", "operatingIncome": "0", "sellingGeneralAndAdministrative": "4600000", "researchAndDevelopment": "1777000", "operatingExpenses": "0", "investmentIncomeNet": "None", "netInterestIncome": "None", "interestIncome": "None", "interestExpense": "1338000", "nonInterestIncome": "None", "otherNonOperatingIncome": "None", "depreciation": "None", "depreciationAndAmortization": "None", "incomeBeforeTax": "0", "incomeTaxExpense": "0", "interestAndDebtExpense": "None", "netIncomeFromContinuingOperations": "0", "comprehensiveIncomeNetOfTax": "None", "ebit": "0", "ebitda": "None", "netIncome": "0"}, {"fiscalDateEnding": "2011-09-30", "reportedCurrency": "USD", "grossProfit": "0", "totalRevenue": "12094000", "costOfRevenue": "7533000", "costofGoodsAndServicesSold": "7533000", "operatingIncome": "0", "sellingGeneralAndAdministrative": "4431000", "researchAndDevelopment": "1758000", "operatingExpenses": "0", "investmentIncomeNet": "None", "netInterestIncome": "None", "interestIncome": "None", "interestExpense": "0", "nonInterestIncome": "None", "otherNonOperatingIncome": "None", "depreciation": "None", "depreciationAndAmortization": "None", "incomeBeforeTax": "0", "incomeTaxExpense": "0", "interestAndDebtExpense": "None", "netIncomeFromContinuingOperations": "0", "comprehensiveIncomeNetOfTax": "None", "ebit": "0", "ebitda": "None", "netIncome": "0"}, {"fiscalDateEnding": "2011-06-30", "reportedCurrency": "USD", "grossProfit": "0", "totalRevenue": "11489000", "costOfRevenue": "7177000", "costofGoodsAndServicesSold": "7177000", "operatingIncome": "0", "sellingGeneralAndAdministrative": "4020000", "researchAndDevelopment": "1396000", "operatingExpenses": "0", "investmentIncomeNet": "None", "netInterestIncome": "None", "interestIncome": "None", "interestExpense": "0", "nonInterestIncome": "None", "otherNonOperatingIncome": "None", "depreciation": "None", "depreciationAndAmortization": "None", "incomeBeforeTax": "0", "incomeTaxExpense": "0", "interestAndDebtExpense": "None", "netIncomeFromContinuingOperations": "0", "comprehensiveIncomeNetOfTax": "None", "ebit": "0", "ebitda": "None", "netIncome": "0"}, {"fiscalDateEnding": "2011-03-31", "reportedCurrency": "USD", "grossProfit": "0", "totalRevenue": "9507000", "costOfRevenue": "6070000", "costofGoodsAndServicesSold": "6070000", "operatingIncome": "0", "sellingGeneralAndAdministrative": "4055000", "researchAndDevelopment": "1520000", "operatingExpenses": "0", "investmentIncomeNet": "None", "netInterestIncome": "None", "interestIncome": "None", "interestExpense": "0", "nonInterestIncome": "None", "otherNonOperatingIncome": "None", "depreciation": "None", "depreciationAndAmortization": "None", "incomeBeforeTax": "0", "incomeTaxExpense": "0", "interestAndDebtExpense": "None", "netIncomeFromContinuingOperations": "0", "comprehensiveIncomeNetOfTax": "None", "ebit": "0", "ebitda": "None", "netIncome": "0"}]}