{"symbol": "NOV", "annualReports": [{"fiscalDateEnding": "2025-12-31", "reportedCurrency": "USD", "grossProfit": "1767000000", "totalRevenue": "8744000000", "costOfRevenue": "6977000000", "costofGoodsAndServicesSold": "6977000000", "operatingIncome": "564000000", "sellingGeneralAndAdministrative": "1203000000", "researchAndDevelopment": "None", "operatingExpenses": "1203000000", "investmentIncomeNet": "None", "netInterestIncome": "-37000000", "interestIncome": "53000000", "interestExpense": "88000000", "nonInterestIncome": "None", "otherNonOperatingIncome": "None", "depreciation": "None", "depreciationAndAmortization": "355000000", "incomeBeforeTax": "375000000", "incomeTaxExpense": "224000000", "interestAndDebtExpense": "None", "netIncomeFromContinuingOperations": "151000000", "comprehensiveIncomeNetOfTax": "None", "ebit": "463000000", "ebitda": "818000000", "netIncome": "145000000"}, {"fiscalDateEnding": "2024-12-31", "reportedCurrency": "USD", "grossProfit": "2010000000", "totalRevenue": "8870000000", "costOfRevenue": "6860000000", "costofGoodsAndServicesSold": "6860000000", "operatingIncome": "876000000", "sellingGeneralAndAdministrative": "1134000000", "researchAndDevelopment": "None", "operatingExpenses": "1134000000", "investmentIncomeNet": "None", "netInterestIncome": "-53000000", "interestIncome": "38000000", "interestExpense": "91000000", "nonInterestIncome": "None", "otherNonOperatingIncome": "None", "depreciation": "None", "depreciationAndAmortization": "343000000", "incomeBeforeTax": "831000000", "incomeTaxExpense": "196000000", "interestAndDebtExpense": "None", "netIncomeFromContinuingOperations": "635000000", "comprehensiveIncomeNetOfTax": "None", "ebit": "922000000", "ebitda": "1265000000", "netIncome": "635000000"}, {"fiscalDateEnding": "2023-12-31", "reportedCurrency": "USD", "grossProfit": "1833000000", "totalRevenue": "8583000000", "costOfRevenue": "6750000000", "costofGoodsAndServicesSold": "6750000000", "operatingIncome": "651000000", "sellingGeneralAndAdministrative": "1127000000", "researchAndDevelopment": "None", "operatingExpenses": "1182000000", "investmentIncomeNet": "None", "netInterestIncome": "-58000000", "interestIncome": "28000000", "interestExpense": "60000000", "nonInterestIncome": "None", "otherNonOperatingIncome": "None", "depreciation": "None", "depreciationAndAmortization": "302000000", "incomeBeforeTax": "612000000", "incomeTaxExpense": "-373000000", "interestAndDebtExpense": "None", "netIncomeFromContinuingOperations": "489000000", "comprehensiveIncomeNetOfTax": "None", "ebit": "651000000", "ebitda": "651000000", "netIncome": "993000000"}, {"fiscalDateEnding": "2022-12-31", "reportedCurrency": "USD", "grossProfit": "1334000000", "totalRevenue": "7237000000", "costOfRevenue": "5903000000", "costofGoodsAndServicesSold": "5903000000", "operatingIncome": "264000000", "sellingGeneralAndAdministrative": "1070000000", "researchAndDevelopment": "None", "operatingExpenses": "1070000000", "investmentIncomeNet": "None", "netInterestIncome": "-59000000", "interestIncome": "9000000", "interestExpense": "78000000", "nonInterestIncome": "None", "otherNonOperatingIncome": "52000000", "depreciation": "None", "depreciationAndAmortization": "301000000", "incomeBeforeTax": "238000000", "incomeTaxExpense": "83000000", "interestAndDebtExpense": "None", "netIncomeFromContinuingOperations": "155000000", "comprehensiveIncomeNetOfTax": "None", "ebit": "316000000", "ebitda": "617000000", "netIncome": "155000000"}, {"fiscalDateEnding": "2021-12-31", "reportedCurrency": "USD", "grossProfit": "774000000", "totalRevenue": "5524000000", "costOfRevenue": "4750000000", "costofGoodsAndServicesSold": "4750000000", "operatingIncome": "-134000000", "sellingGeneralAndAdministrative": "908000000", "researchAndDevelopment": "None", "operatingExpenses": "908000000", "investmentIncomeNet": "None", "netInterestIncome": "-68000000", "interestIncome": "73000000", "interestExpense": "77000000", "nonInterestIncome": "None", "otherNonOperatingIncome": "-19000000", "depreciation": "None", "depreciationAndAmortization": "306000000", "incomeBeforeTax": "-230000000", "incomeTaxExpense": "15000000", "interestAndDebtExpense": "None", "netIncomeFromContinuingOperations": "-245000000", "comprehensiveIncomeNetOfTax": "None", "ebit": "-153000000", "ebitda": "153000000", "netIncome": "-250000000"}, {"fiscalDateEnding": "2020-12-31", "reportedCurrency": "USD", "grossProfit": "434000000", "totalRevenue": "6090000000", "costOfRevenue": "5656000000", "costofGoodsAndServicesSold": "5656000000", "operatingIncome": "-2425000000", "sellingGeneralAndAdministrative": "968000000", "researchAndDevelopment": "None", "operatingExpenses": "2859000000", "investmentIncomeNet": "None", "netInterestIncome": "-77000000", "interestIncome": "7000000", "interestExpense": "84000000", "nonInterestIncome": "None", "otherNonOperatingIncome": "-270000000", "depreciation": "None", "depreciationAndAmortization": "352000000", "incomeBeforeTax": "-2779000000", "incomeTaxExpense": "-242000000", "interestAndDebtExpense": "None", "netIncomeFromContinuingOperations": "-2537000000", "comprehensiveIncomeNetOfTax": "None", "ebit": "-2695000000", "ebitda": "-2343000000", "netIncome": "-2542000000"}, {"fiscalDateEnding": "2019-12-31", "reportedCurrency": "USD", "grossProfit": "845000000", "totalRevenue": "8479000000", "costOfRevenue": "7634000000", "costofGoodsAndServicesSold": "7634000000", "operatingIncome": "-6279000000", "sellingGeneralAndAdministrative": "1303000000", "researchAndDevelopment": "None", "operatingExpenses": "7124000000", "investmentIncomeNet": "None", "netInterestIncome": "-80000000", "interestIncome": "20000000", "interestExpense": "100000000", "nonInterestIncome": "None", "otherNonOperatingIncome": "-83000000", "depreciation": "None", "depreciationAndAmortization": "533000000", "incomeBeforeTax": "-6462000000", "incomeTaxExpense": "-369000000", "interestAndDebtExpense": "None", "netIncomeFromContinuingOperations": "-6093000000", "comprehensiveIncomeNetOfTax": "None", "ebit": "-6362000000", "ebitda": "-5829000000", "netIncome": "-6095000000"}, {"fiscalDateEnding": "2018-12-31", "reportedCurrency": "USD", "grossProfit": "1444000000", "totalRevenue": "8453000000", "costOfRevenue": "7009000000", "costofGoodsAndServicesSold": "7009000000", "operatingIncome": "211000000", "sellingGeneralAndAdministrative": "1233000000", "researchAndDevelopment": "0", "operatingExpenses": "1233000000", "investmentIncomeNet": "None", "netInterestIncome": "-68000000", "interestIncome": "25000000", "interestExpense": "93000000", "nonInterestIncome": "None", "otherNonOperatingIncome": "-77000000", "depreciation": "None", "depreciationAndAmortization": "690000000", "incomeBeforeTax": "41000000", "incomeTaxExpense": "63000000", "interestAndDebtExpense": "None", "netIncomeFromContinuingOperations": "-22000000", "comprehensiveIncomeNetOfTax": "None", "ebit": "134000000", "ebitda": "824000000", "netIncome": "-31000000"}, {"fiscalDateEnding": "2017-12-31", "reportedCurrency": "USD", "grossProfit": "892000000", "totalRevenue": "7304000000", "costOfRevenue": "6412000000", "costofGoodsAndServicesSold": "6412000000", "operatingIncome": "-277000000", "sellingGeneralAndAdministrative": "1169000000", "researchAndDevelopment": "0", "operatingExpenses": "1169000000", "investmentIncomeNet": "None", "netInterestIncome": "-77000000", "interestIncome": "25000000", "interestExpense": "102000000", "nonInterestIncome": "None", "otherNonOperatingIncome": "-13000000", "depreciation": "None", "depreciationAndAmortization": "698000000", "incomeBeforeTax": "-392000000", "incomeTaxExpense": "-156000000", "interestAndDebtExpense": "None", "netIncomeFromContinuingOperations": "-236000000", "comprehensiveIncomeNetOfTax": "None", "ebit": "-290000000", "ebitda": "408000000", "netIncome": "-237000000"}, {"fiscalDateEnding": "2016-12-31", "reportedCurrency": "USD", "grossProfit": "-101000000", "totalRevenue": "7251000000", "costOfRevenue": "7352000000", "costofGoodsAndServicesSold": "7352000000", "operatingIncome": "-2411000000", "sellingGeneralAndAdministrative": "1338000000", "researchAndDevelopment": "0", "operatingExpenses": "2310000000", "investmentIncomeNet": "None", "netInterestIncome": "-90000000", "interestIncome": "15000000", "interestExpense": "105000000", "nonInterestIncome": "None", "otherNonOperatingIncome": "-107000000", "depreciation": "None", "depreciationAndAmortization": "703000000", "incomeBeforeTax": "-2623000000", "incomeTaxExpense": "-207000000", "interestAndDebtExpense": "None", "netIncomeFromContinuingOperations": "-2416000000", "comprehensiveIncomeNetOfTax": "None", "ebit": "-2518000000", "ebitda": "-1815000000", "netIncome": "-2412000000"}, {"fiscalDateEnding": "2015-12-31", "reportedCurrency": "USD", "grossProfit": "3063000000", "totalRevenue": "14757000000", "costOfRevenue": "11694000000", "costofGoodsAndServicesSold": "11694000000", "operatingIncome": "-390000000", "sellingGeneralAndAdministrative": "1764000000", "researchAndDevelopment": "0", "operatingExpenses": "3453000000", "investmentIncomeNet": "None", "netInterestIncome": "None", "interestIncome": "169000000", "interestExpense": "103000000", "nonInterestIncome": "None", "otherNonOperatingIncome": "-96000000", "depreciation": "None", "depreciationAndAmortization": "747000000", "incomeBeforeTax": "-589000000", "incomeTaxExpense": "178000000", "interestAndDebtExpense": "None", "netIncomeFromContinuingOperations": "-767000000", "comprehensiveIncomeNetOfTax": "None", "ebit": "-486000000", "ebitda": "261000000", "netIncome": "-769000000"}, {"fiscalDateEnding": "2014-12-31", "reportedCurrency": "USD", "grossProfit": "5809000000", "totalRevenue": "21440000000", "costOfRevenue": "15631000000", "costofGoodsAndServicesSold": "15631000000", "operatingIncome": "3613000000", "sellingGeneralAndAdministrative": "2092000000", "researchAndDevelopment": "0", "operatingExpenses": "2196000000", "investmentIncomeNet": "None", "netInterestIncome": "None", "interestIncome": "None", "interestExpense": "105000000", "nonInterestIncome": "None", "otherNonOperatingIncome": "-14000000", "depreciation": "None", "depreciationAndAmortization": "778000000", "incomeBeforeTax": "3494000000", "incomeTaxExpense": "1039000000", "interestAndDebtExpense": "None", "netIncomeFromContinuingOperations": "2455000000", "comprehensiveIncomeNetOfTax": "None", "ebit": "3599000000", "ebitda": "4377000000", "netIncome": "2502000000"}, {"fiscalDateEnding": "2013-12-31", "reportedCurrency": "USD", "grossProfit": "5104000000", "totalRevenue": "19221000000", "costOfRevenue": "14117000000", "costofGoodsAndServicesSold": "14117000000", "operatingIncome": "3199000000", "sellingGeneralAndAdministrative": "2066000000", "researchAndDevelopment": "0", "operatingExpenses": "1905000000", "investmentIncomeNet": "None", "netInterestIncome": "None", "interestIncome": "None", "interestExpense": "111000000", "nonInterestIncome": "None", "otherNonOperatingIncome": "34000000", "depreciation": "None", "depreciationAndAmortization": "738000000", "incomeBeforeTax": "3124000000", "incomeTaxExpense": "943000000", "interestAndDebtExpense": "None", "netIncomeFromContinuingOperations": "2328000000", "comprehensiveIncomeNetOfTax": "None", "ebit": "3235000000", "ebitda": "3973000000", "netIncome": "2327000000"}, {"fiscalDateEnding": "2012-12-31", "reportedCurrency": "USD", "grossProfit": "5043000000", "totalRevenue": "17194000000", "costOfRevenue": "12151000000", "costofGoodsAndServicesSold": "12151000000", "operatingIncome": "3389000000", "sellingGeneralAndAdministrative": "1782000000", "researchAndDevelopment": "0", "operatingExpenses": "1654000000", "investmentIncomeNet": "None", "netInterestIncome": "None", "interestIncome": "None", "interestExpense": "49000000", "nonInterestIncome": "None", "otherNonOperatingIncome": "-3000000", "depreciation": "None", "depreciationAndAmortization": "616000000", "incomeBeforeTax": "3340000000", "incomeTaxExpense": "965000000", "interestAndDebtExpense": "None", "netIncomeFromContinuingOperations": "2483000000", "comprehensiveIncomeNetOfTax": "None", "ebit": "3389000000", "ebitda": "4005000000", "netIncome": "2491000000"}, {"fiscalDateEnding": "2011-12-31", "reportedCurrency": "USD", "grossProfit": "4497000000", "totalRevenue": "14658000000", "costOfRevenue": "10161000000", "costofGoodsAndServicesSold": "10161000000", "operatingIncome": "2937000000", "sellingGeneralAndAdministrative": "1560000000", "researchAndDevelopment": "0", "operatingExpenses": "1560000000", "investmentIncomeNet": "None", "netInterestIncome": "None", "interestIncome": "None", "interestExpense": "40000000", "nonInterestIncome": "None", "otherNonOperatingIncome": "25000000", "depreciation": "None", "depreciationAndAmortization": "555000000", "incomeBeforeTax": "2922000000", "incomeTaxExpense": "937000000", "interestAndDebtExpense": "None", "netIncomeFromContinuingOperations": "1985000000", "comprehensiveIncomeNetOfTax": "None", "ebit": "2962000000", "ebitda": "3517000000", "netIncome": "1994000000"}, {"fiscalDateEnding": "2010-12-31", "reportedCurrency": "USD", "grossProfit": "3832000000", "totalRevenue": "12156000000", "costOfRevenue": "8324000000", "costofGoodsAndServicesSold": "8324000000", "operatingIncome": "2447000000", "sellingGeneralAndAdministrative": "1385000000", "researchAndDevelopment": "0", "operatingExpenses": "1385000000", "investmentIncomeNet": "None", "netInterestIncome": "None", "interestIncome": "None", "interestExpense": "50000000", "nonInterestIncome": "None", "otherNonOperatingIncome": "None", "depreciation": "None", "depreciationAndAmortization": "507000000", "incomeBeforeTax": "2397000000", "incomeTaxExpense": "738000000", "interestAndDebtExpense": "None", "netIncomeFromContinuingOperations": "1659000000", "comprehensiveIncomeNetOfTax": "None", "ebit": "2447000000", "ebitda": "2954000000", "netIncome": "1667000000"}, {"fiscalDateEnding": "2009-12-31", "reportedCurrency": "USD", "grossProfit": "3784000000", "totalRevenue": "12712000000", "costOfRevenue": "8928000000", "costofGoodsAndServicesSold": "8928000000", "operatingIncome": "2315000000", "sellingGeneralAndAdministrative": "1322000000", "researchAndDevelopment": "0", "operatingExpenses": "1469000000", "investmentIncomeNet": "None", "netInterestIncome": "None", "interestIncome": "None", "interestExpense": "53000000", "nonInterestIncome": "None", "otherNonOperatingIncome": "-54000000", "depreciation": "None", "depreciationAndAmortization": "490000000", "incomeBeforeTax": "2208000000", "incomeTaxExpense": "735000000", "interestAndDebtExpense": "None", "netIncomeFromContinuingOperations": "1473000000", "comprehensiveIncomeNetOfTax": "None", "ebit": "2261000000", "ebitda": "2751000000", "netIncome": "1469000000"}, {"fiscalDateEnding": "2008-12-31", "reportedCurrency": "USD", "grossProfit": "4072000000", "totalRevenue": "13431000000", "costOfRevenue": "9359000000", "costofGoodsAndServicesSold": "9359000000", "operatingIncome": "2918000000", "sellingGeneralAndAdministrative": "1154000000", "researchAndDevelopment": "None", "operatingExpenses": "1154000000", "investmentIncomeNet": "None", "netInterestIncome": "None", "interestIncome": "None", "interestExpense": "67000000", "nonInterestIncome": "None", "otherNonOperatingIncome": "None", "depreciation": "None", "depreciationAndAmortization": "402000000", "incomeBeforeTax": "2961000000", "incomeTaxExpense": "993000000", "interestAndDebtExpense": "None", "netIncomeFromContinuingOperations": "None", "comprehensiveIncomeNetOfTax": "None", "ebit": "3028000000", "ebitda": "3430000000", "netIncome": "1952000000"}, {"fiscalDateEnding": "2007-12-31", "reportedCurrency": "USD", "grossProfit": "2830200000", "totalRevenue": "9789000000", "costOfRevenue": "6958800000", "costofGoodsAndServicesSold": "6958800000", "operatingIncome": "2044400000", "sellingGeneralAndAdministrative": "785800000", "researchAndDevelopment": "None", "operatingExpenses": "785800000", "investmentIncomeNet": "None", "netInterestIncome": "None", "interestIncome": "None", "interestExpense": "50300000", "nonInterestIncome": "None", "otherNonOperatingIncome": "None", "depreciation": "None", "depreciationAndAmortization": "214100000", "incomeBeforeTax": "2028900000", "incomeTaxExpense": "675800000", "interestAndDebtExpense": "None", "netIncomeFromContinuingOperations": "None", "comprehensiveIncomeNetOfTax": "None", "ebit": "2044400000", "ebitda": "2258500000", "netIncome": "1337100000"}, {"fiscalDateEnding": "2006-12-31", "reportedCurrency": "USD", "grossProfit": "1760600000", "totalRevenue": "7025800000", "costOfRevenue": "5265200000", "costofGoodsAndServicesSold": "5265200000", "operatingIncome": "1111100000", "sellingGeneralAndAdministrative": "641600000", "researchAndDevelopment": "None", "operatingExpenses": "649500000", "investmentIncomeNet": "None", "netInterestIncome": "None", "interestIncome": "None", "interestExpense": "48700000", "nonInterestIncome": "None", "otherNonOperatingIncome": "None", "depreciation": "None", "depreciationAndAmortization": "160600000", "incomeBeforeTax": "1049200000", "incomeTaxExpense": "355700000", "interestAndDebtExpense": "None", "netIncomeFromContinuingOperations": "None", "comprehensiveIncomeNetOfTax": "None", "ebit": "1111100000", "ebitda": "1271700000", "netIncome": "684000000"}], "quarterlyReports": [{"fiscalDateEnding": "2025-12-31", "reportedCurrency": "USD", "grossProfit": "462000000", "totalRevenue": "2277000000", "costOfRevenue": "1815000000", "costofGoodsAndServicesSold": "1815000000", "operatingIncome": "162000000", "sellingGeneralAndAdministrative": "300000000", "researchAndDevelopment": "None", "operatingExpenses": "300000000", "investmentIncomeNet": "None", "netInterestIncome": "-3000000", "interestIncome": "9000000", "interestExpense": "22000000", "nonInterestIncome": "None", "otherNonOperatingIncome": "None", "depreciation": "None", "depreciationAndAmortization": "90000000", "incomeBeforeTax": "66000000", "incomeTaxExpense": "147000000", "interestAndDebtExpense": "None", "netIncomeFromContinuingOperations": "-81000000", "comprehensiveIncomeNetOfTax": "None", "ebit": "88000000", "ebitda": "178000000", "netIncome": "-78000000"}, {"fiscalDateEnding": "2025-09-30", "reportedCurrency": "USD", "grossProfit": "412000000", "totalRevenue": "2176000000", "costOfRevenue": "1764000000", "costofGoodsAndServicesSold": "1764000000", "operatingIncome": "107000000", "sellingGeneralAndAdministrative": "305000000", "researchAndDevelopment": "None", "operatingExpenses": "305000000", "investmentIncomeNet": "None", "netInterestIncome": "-11000000", "interestIncome": "11000000", "interestExpense": "22000000", "nonInterestIncome": "None", "otherNonOperatingIncome": "None", "depreciation": "None", "depreciationAndAmortization": "89000000", "incomeBeforeTax": "73000000", "incomeTaxExpense": "29000000", "interestAndDebtExpense": "None", "netIncomeFromContinuingOperations": "44000000", "comprehensiveIncomeNetOfTax": "None", "ebit": "95000000", "ebitda": "184000000", "netIncome": "42000000"}, {"fiscalDateEnding": "2025-06-30", "reportedCurrency": "USD", "grossProfit": "446000000", "totalRevenue": "2188000000", "costOfRevenue": "1742000000", "costofGoodsAndServicesSold": "1742000000", "operatingIncome": "143000000", "sellingGeneralAndAdministrative": "303000000", "researchAndDevelopment": "None", "operatingExpenses": "303000000", "investmentIncomeNet": "None", "netInterestIncome": "-12000000", "interestIncome": "11000000", "interestExpense": "22000000", "nonInterestIncome": "None", "otherNonOperatingIncome": "None", "depreciation": "None", "depreciationAndAmortization": "87000000", "incomeBeforeTax": "115000000", "incomeTaxExpense": "1000000", "interestAndDebtExpense": "None", "netIncomeFromContinuingOperations": "114000000", "comprehensiveIncomeNetOfTax": "None", "ebit": "137000000", "ebitda": "224000000", "netIncome": "108000000"}, {"fiscalDateEnding": "2025-03-31", "reportedCurrency": "USD", "grossProfit": "447000000", "totalRevenue": "2103000000", "costOfRevenue": "1656000000", "costofGoodsAndServicesSold": "1656000000", "operatingIncome": "152000000", "sellingGeneralAndAdministrative": "295000000", "researchAndDevelopment": "None", "operatingExpenses": "295000000", "investmentIncomeNet": "None", "netInterestIncome": "-11000000", "interestIncome": "11000000", "interestExpense": "22000000", "nonInterestIncome": "None", "otherNonOperatingIncome": "None", "depreciation": "None", "depreciationAndAmortization": "89000000", "incomeBeforeTax": "121000000", "incomeTaxExpense": "47000000", "interestAndDebtExpense": "None", "netIncomeFromContinuingOperations": "74000000", "comprehensiveIncomeNetOfTax": "None", "ebit": "143000000", "ebitda": "232000000", "netIncome": "73000000"}, {"fiscalDateEnding": "2024-12-31", "reportedCurrency": "USD", "grossProfit": "493000000", "totalRevenue": "2308000000", "costOfRevenue": "1815000000", "costofGoodsAndServicesSold": "1815000000", "operatingIncome": "207000000", "sellingGeneralAndAdministrative": "286000000", "researchAndDevelopment": "None", "operatingExpenses": "286000000", "investmentIncomeNet": "None", "netInterestIncome": "-13000000", "interestIncome": "11000000", "interestExpense": "24000000", "nonInterestIncome": "None", "otherNonOperatingIncome": "None", "depreciation": "None", "depreciationAndAmortization": "88000000", "incomeBeforeTax": "199000000", "incomeTaxExpense": "38000000", "interestAndDebtExpense": "None", "netIncomeFromContinuingOperations": "161000000", "comprehensiveIncomeNetOfTax": "None", "ebit": "223000000", "ebitda": "311000000", "netIncome": "160000000"}, {"fiscalDateEnding": "2024-09-30", "reportedCurrency": "USD", "grossProfit": "469000000", "totalRevenue": "2191000000", "costOfRevenue": "1722000000", "costofGoodsAndServicesSold": "1722000000", "operatingIncome": "194000000", "sellingGeneralAndAdministrative": "275000000", "researchAndDevelopment": "None", "operatingExpenses": "275000000", "investmentIncomeNet": "None", "netInterestIncome": "-10000000", "interestIncome": "11000000", "interestExpense": "21000000", "nonInterestIncome": "None", "otherNonOperatingIncome": "None", "depreciation": "None", "depreciationAndAmortization": "86000000", "incomeBeforeTax": "174000000", "incomeTaxExpense": "44000000", "interestAndDebtExpense": "None", "netIncomeFromContinuingOperations": "130000000", "comprehensiveIncomeNetOfTax": "None", "ebit": "195000000", "ebitda": "281000000", "netIncome": "130000000"}, {"fiscalDateEnding": "2024-06-30", "reportedCurrency": "USD", "grossProfit": "590000000", "totalRevenue": "2216000000", "costOfRevenue": "1626000000", "costofGoodsAndServicesSold": "1626000000", "operatingIncome": "313000000", "sellingGeneralAndAdministrative": "277000000", "researchAndDevelopment": "None", "operatingExpenses": "277000000", "investmentIncomeNet": "None", "netInterestIncome": "-14000000", "interestIncome": "8000000", "interestExpense": "22000000", "nonInterestIncome": "None", "otherNonOperatingIncome": "None", "depreciation": "None", "depreciationAndAmortization": "86000000", "incomeBeforeTax": "293000000", "incomeTaxExpense": "70000000", "interestAndDebtExpense": "None", "netIncomeFromContinuingOperations": "223000000", "comprehensiveIncomeNetOfTax": "None", "ebit": "315000000", "ebitda": "401000000", "netIncome": "226000000"}, {"fiscalDateEnding": "2024-03-31", "reportedCurrency": "USD", "grossProfit": "458000000", "totalRevenue": "2155000000", "costOfRevenue": "1697000000", "costofGoodsAndServicesSold": "1697000000", "operatingIncome": "162000000", "sellingGeneralAndAdministrative": "296000000", "researchAndDevelopment": "None", "operatingExpenses": "296000000", "investmentIncomeNet": "None", "netInterestIncome": "-16000000", "interestIncome": "8000000", "interestExpense": "24000000", "nonInterestIncome": "None", "otherNonOperatingIncome": "None", "depreciation": "None", "depreciationAndAmortization": "83000000", "incomeBeforeTax": "165000000", "incomeTaxExpense": "44000000", "interestAndDebtExpense": "None", "netIncomeFromContinuingOperations": "121000000", "comprehensiveIncomeNetOfTax": "None", "ebit": "189000000", "ebitda": "272000000", "netIncome": "119000000"}, {"fiscalDateEnding": "2023-12-31", "reportedCurrency": "USD", "grossProfit": "497000000", "totalRevenue": "2343000000", "costOfRevenue": "1846000000", "costofGoodsAndServicesSold": "1846000000", "operatingIncome": "161000000", "sellingGeneralAndAdministrative": "336000000", "researchAndDevelopment": "None", "operatingExpenses": "336000000", "investmentIncomeNet": "None", "netInterestIncome": "-16000000", "interestIncome": "7000000", "interestExpense": "23000000", "nonInterestIncome": "None", "otherNonOperatingIncome": "None", "depreciation": "None", "depreciationAndAmortization": "77000000", "incomeBeforeTax": "135000000", "incomeTaxExpense": "-460000000", "interestAndDebtExpense": "None", "netIncomeFromContinuingOperations": "595000000", "comprehensiveIncomeNetOfTax": "None", "ebit": "158000000", "ebitda": "235000000", "netIncome": "598000000"}, {"fiscalDateEnding": "2023-09-30", "reportedCurrency": "USD", "grossProfit": "468000000", "totalRevenue": "2185000000", "costOfRevenue": "1717000000", "costofGoodsAndServicesSold": "1717000000", "operatingIncome": "183000000", "sellingGeneralAndAdministrative": "285000000", "researchAndDevelopment": "None", "operatingExpenses": "285000000", "investmentIncomeNet": "None", "netInterestIncome": "-18000000", "interestIncome": "2000000", "interestExpense": "23000000", "nonInterestIncome": "None", "otherNonOperatingIncome": "None", "depreciation": "None", "depreciationAndAmortization": "77000000", "incomeBeforeTax": "156000000", "incomeTaxExpense": "48000000", "interestAndDebtExpense": "None", "netIncomeFromContinuingOperations": "108000000", "comprehensiveIncomeNetOfTax": "None", "ebit": "179000000", "ebitda": "256000000", "netIncome": "114000000"}, {"fiscalDateEnding": "2023-06-30", "reportedCurrency": "USD", "grossProfit": "457000000", "totalRevenue": "2093000000", "costOfRevenue": "1636000000", "costofGoodsAndServicesSold": "1636000000", "operatingIncome": "181000000", "sellingGeneralAndAdministrative": "276000000", "researchAndDevelopment": "None", "operatingExpenses": "276000000", "investmentIncomeNet": "None", "netInterestIncome": "-13000000", "interestIncome": "24000000", "interestExpense": "21000000", "nonInterestIncome": "None", "otherNonOperatingIncome": "16000000", "depreciation": "None", "depreciationAndAmortization": "71000000", "incomeBeforeTax": "176000000", "incomeTaxExpense": "19000000", "interestAndDebtExpense": "None", "netIncomeFromContinuingOperations": "157000000", "comprehensiveIncomeNetOfTax": "None", "ebit": "197000000", "ebitda": "268000000", "netIncome": "155000000"}, {"fiscalDateEnding": "2023-03-31", "reportedCurrency": "USD", "grossProfit": "411000000", "totalRevenue": "1962000000", "costOfRevenue": "1551000000", "costofGoodsAndServicesSold": "1551000000", "operatingIncome": "126000000", "sellingGeneralAndAdministrative": "285000000", "researchAndDevelopment": "None", "operatingExpenses": "285000000", "investmentIncomeNet": "None", "netInterestIncome": "-13000000", "interestIncome": "35000000", "interestExpense": "21000000", "nonInterestIncome": "None", "otherNonOperatingIncome": "40000000", "depreciation": "None", "depreciationAndAmortization": "77000000", "incomeBeforeTax": "145000000", "incomeTaxExpense": "20000000", "interestAndDebtExpense": "None", "netIncomeFromContinuingOperations": "125000000", "comprehensiveIncomeNetOfTax": "None", "ebit": "166000000", "ebitda": "243000000", "netIncome": "126000000"}, {"fiscalDateEnding": "2022-12-31", "reportedCurrency": "USD", "grossProfit": "443000000", "totalRevenue": "2073000000", "costOfRevenue": "1630000000", "costofGoodsAndServicesSold": "1630000000", "operatingIncome": "162000000", "sellingGeneralAndAdministrative": "281000000", "researchAndDevelopment": "None", "operatingExpenses": "281000000", "investmentIncomeNet": "None", "netInterestIncome": "-14000000", "interestIncome": "22000000", "interestExpense": "21000000", "nonInterestIncome": "None", "otherNonOperatingIncome": "None", "depreciation": "None", "depreciationAndAmortization": "76000000", "incomeBeforeTax": "141000000", "incomeTaxExpense": "42000000", "interestAndDebtExpense": "None", "netIncomeFromContinuingOperations": "99000000", "comprehensiveIncomeNetOfTax": "None", "ebit": "162000000", "ebitda": "238000000", "netIncome": "104000000"}, {"fiscalDateEnding": "2022-09-30", "reportedCurrency": "USD", "grossProfit": "368000000", "totalRevenue": "1889000000", "costOfRevenue": "1521000000", "costofGoodsAndServicesSold": "1521000000", "operatingIncome": "55000000", "sellingGeneralAndAdministrative": "313000000", "researchAndDevelopment": "None", "operatingExpenses": "313000000", "investmentIncomeNet": "None", "netInterestIncome": "-13000000", "interestIncome": "1000000", "interestExpense": "19000000", "nonInterestIncome": "None", "otherNonOperatingIncome": "28000000", "depreciation": "None", "depreciationAndAmortization": "76000000", "incomeBeforeTax": "64000000", "incomeTaxExpense": "29000000", "interestAndDebtExpense": "None", "netIncomeFromContinuingOperations": "35000000", "comprehensiveIncomeNetOfTax": "None", "ebit": "83000000", "ebitda": "159000000", "netIncome": "32000000"}, {"fiscalDateEnding": "2022-06-30", "reportedCurrency": "USD", "grossProfit": "309000000", "totalRevenue": "1727000000", "costOfRevenue": "1418000000", "costofGoodsAndServicesSold": "1418000000", "operatingIncome": "68000000", "sellingGeneralAndAdministrative": "241000000", "researchAndDevelopment": "None", "operatingExpenses": "241000000", "investmentIncomeNet": "None", "netInterestIncome": "-14000000", "interestIncome": "5000000", "interestExpense": "19000000", "nonInterestIncome": "None", "otherNonOperatingIncome": "19000000", "depreciation": "None", "depreciationAndAmortization": "75000000", "incomeBeforeTax": "68000000", "incomeTaxExpense": "-2000000", "interestAndDebtExpense": "None", "netIncomeFromContinuingOperations": "70000000", "comprehensiveIncomeNetOfTax": "None", "ebit": "87000000", "ebitda": "162000000", "netIncome": "69000000"}, {"fiscalDateEnding": "2022-03-31", "reportedCurrency": "USD", "grossProfit": "214000000", "totalRevenue": "1548000000", "costOfRevenue": "1334000000", "costofGoodsAndServicesSold": "1334000000", "operatingIncome": "-21000000", "sellingGeneralAndAdministrative": "235000000", "researchAndDevelopment": "None", "operatingExpenses": "235000000", "investmentIncomeNet": "None", "netInterestIncome": "-18000000", "interestIncome": "1000000", "interestExpense": "19000000", "nonInterestIncome": "None", "otherNonOperatingIncome": "5000000", "depreciation": "None", "depreciationAndAmortization": "74000000", "incomeBeforeTax": "-35000000", "incomeTaxExpense": "14000000", "interestAndDebtExpense": "None", "netIncomeFromContinuingOperations": "-49000000", "comprehensiveIncomeNetOfTax": "None", "ebit": "-16000000", "ebitda": "58000000", "netIncome": "-50000000"}, {"fiscalDateEnding": "2021-12-31", "reportedCurrency": "USD", "grossProfit": "202000000", "totalRevenue": "1517000000", "costOfRevenue": "1315000000", "costofGoodsAndServicesSold": "1315000000", "operatingIncome": "-15000000", "sellingGeneralAndAdministrative": "217000000", "researchAndDevelopment": "None", "operatingExpenses": "217000000", "investmentIncomeNet": "None", "netInterestIncome": "-17000000", "interestIncome": "16000000", "interestExpense": "19000000", "nonInterestIncome": "None", "otherNonOperatingIncome": "5000000", "depreciation": "None", "depreciationAndAmortization": "75000000", "incomeBeforeTax": "-29000000", "incomeTaxExpense": "14000000", "interestAndDebtExpense": "None", "netIncomeFromContinuingOperations": "-43000000", "comprehensiveIncomeNetOfTax": "None", "ebit": "-10000000", "ebitda": "65000000", "netIncome": "-40000000"}, {"fiscalDateEnding": "2021-09-30", "reportedCurrency": "USD", "grossProfit": "185000000", "totalRevenue": "1341000000", "costOfRevenue": "1156000000", "costofGoodsAndServicesSold": "1156000000", "operatingIncome": "-43000000", "sellingGeneralAndAdministrative": "228000000", "researchAndDevelopment": "None", "operatingExpenses": "228000000", "investmentIncomeNet": "None", "netInterestIncome": "-16000000", "interestIncome": "18000000", "interestExpense": "19000000", "nonInterestIncome": "None", "otherNonOperatingIncome": "2000000", "depreciation": "None", "depreciationAndAmortization": "75000000", "incomeBeforeTax": "-60000000", "incomeTaxExpense": "5000000", "interestAndDebtExpense": "None", "netIncomeFromContinuingOperations": "-65000000", "comprehensiveIncomeNetOfTax": "None", "ebit": "-41000000", "ebitda": "34000000", "netIncome": "-69000000"}, {"fiscalDateEnding": "2021-06-30", "reportedCurrency": "USD", "grossProfit": "231000000", "totalRevenue": "1417000000", "costOfRevenue": "1186000000", "costofGoodsAndServicesSold": "1186000000", "operatingIncome": "12000000", "sellingGeneralAndAdministrative": "219000000", "researchAndDevelopment": "None", "operatingExpenses": "219000000", "investmentIncomeNet": "None", "netInterestIncome": "-17000000", "interestIncome": "2000000", "interestExpense": "19000000", "nonInterestIncome": "None", "otherNonOperatingIncome": "-14000000", "depreciation": "None", "depreciationAndAmortization": "77000000", "incomeBeforeTax": "-21000000", "incomeTaxExpense": "2000000", "interestAndDebtExpense": "None", "netIncomeFromContinuingOperations": "-23000000", "comprehensiveIncomeNetOfTax": "None", "ebit": "-2000000", "ebitda": "75000000", "netIncome": "-26000000"}, {"fiscalDateEnding": "2021-03-31", "reportedCurrency": "USD", "grossProfit": "156000000", "totalRevenue": "1249000000", "costOfRevenue": "1093000000", "costofGoodsAndServicesSold": "1093000000", "operatingIncome": "-88000000", "sellingGeneralAndAdministrative": "244000000", "researchAndDevelopment": "None", "operatingExpenses": "244000000", "investmentIncomeNet": "None", "netInterestIncome": "-18000000", "interestIncome": "2000000", "interestExpense": "20000000", "nonInterestIncome": "None", "otherNonOperatingIncome": "-12000000", "depreciation": "None", "depreciationAndAmortization": "79000000", "incomeBeforeTax": "-120000000", "incomeTaxExpense": "-6000000", "interestAndDebtExpense": "None", "netIncomeFromContinuingOperations": "-114000000", "comprehensiveIncomeNetOfTax": "None", "ebit": "-100000000", "ebitda": "-21000000", "netIncome": "-115000000"}, {"fiscalDateEnding": "2020-12-31", "reportedCurrency": "USD", "grossProfit": "-66000000", "totalRevenue": "1327000000", "costOfRevenue": "1393000000", "costofGoodsAndServicesSold": "1393000000", "operatingIncome": "-301000000", "sellingGeneralAndAdministrative": "283000000", "researchAndDevelopment": "None", "operatingExpenses": "235000000", "investmentIncomeNet": "None", "netInterestIncome": "-17000000", "interestIncome": "2000000", "interestExpense": "19000000", "nonInterestIncome": "None", "otherNonOperatingIncome": "-6000000", "depreciation": "None", "depreciationAndAmortization": "82000000", "incomeBeforeTax": "-326000000", "incomeTaxExpense": "22000000", "interestAndDebtExpense": "None", "netIncomeFromContinuingOperations": "-348000000", "comprehensiveIncomeNetOfTax": "None", "ebit": "-307000000", "ebitda": "-225000000", "netIncome": "-347000000"}, {"fiscalDateEnding": "2020-09-30", "reportedCurrency": "USD", "grossProfit": "139000000", "totalRevenue": "1384000000", "costOfRevenue": "1245000000", "costofGoodsAndServicesSold": "1245000000", "operatingIncome": "-74000000", "sellingGeneralAndAdministrative": "213000000", "researchAndDevelopment": "None", "operatingExpenses": "213000000", "investmentIncomeNet": "None", "netInterestIncome": "-21000000", "interestIncome": "32000000", "interestExpense": "21000000", "nonInterestIncome": "None", "otherNonOperatingIncome": "-19000000", "depreciation": "None", "depreciationAndAmortization": "83000000", "incomeBeforeTax": "-114000000", "incomeTaxExpense": "-61000000", "interestAndDebtExpense": "None", "netIncomeFromContinuingOperations": "-53000000", "comprehensiveIncomeNetOfTax": "None", "ebit": "-93000000", "ebitda": "-10000000", "netIncome": "-55000000"}, {"fiscalDateEnding": "2020-06-30", "reportedCurrency": "USD", "grossProfit": "137000000", "totalRevenue": "1496000000", "costOfRevenue": "1359000000", "costofGoodsAndServicesSold": "1359000000", "operatingIncome": "-100000000", "sellingGeneralAndAdministrative": "237000000", "researchAndDevelopment": "None", "operatingExpenses": "237000000", "investmentIncomeNet": "None", "netInterestIncome": "-20000000", "interestIncome": "2000000", "interestExpense": "22000000", "nonInterestIncome": "None", "otherNonOperatingIncome": "-12000000", "depreciation": "None", "depreciationAndAmortization": "82000000", "incomeBeforeTax": "-134000000", "incomeTaxExpense": "-47000000", "interestAndDebtExpense": "None", "netIncomeFromContinuingOperations": "-87000000", "comprehensiveIncomeNetOfTax": "None", "ebit": "-112000000", "ebitda": "-30000000", "netIncome": "-93000000"}, {"fiscalDateEnding": "2020-03-31", "reportedCurrency": "USD", "grossProfit": "224000000", "totalRevenue": "1883000000", "costOfRevenue": "1659000000", "costofGoodsAndServicesSold": "1659000000", "operatingIncome": "-1950000000", "sellingGeneralAndAdministrative": "283000000", "researchAndDevelopment": "None", "operatingExpenses": "2174000000", "investmentIncomeNet": "None", "netInterestIncome": "-19000000", "interestIncome": "3000000", "interestExpense": "22000000", "nonInterestIncome": "None", "otherNonOperatingIncome": "-233000000", "depreciation": "None", "depreciationAndAmortization": "105000000", "incomeBeforeTax": "-2205000000", "incomeTaxExpense": "-156000000", "interestAndDebtExpense": "None", "netIncomeFromContinuingOperations": "-2049000000", "comprehensiveIncomeNetOfTax": "None", "ebit": "-2183000000", "ebitda": "-2078000000", "netIncome": "-2047000000"}, {"fiscalDateEnding": "2019-12-31", "reportedCurrency": "USD", "grossProfit": "376000000", "totalRevenue": "2281000000", "costOfRevenue": "1905000000", "costofGoodsAndServicesSold": "1905000000", "operatingIncome": "-349000000", "sellingGeneralAndAdministrative": "289000000", "researchAndDevelopment": "None", "operatingExpenses": "725000000", "investmentIncomeNet": "None", "netInterestIncome": "-21000000", "interestIncome": "4000000", "interestExpense": "25000000", "nonInterestIncome": "None", "otherNonOperatingIncome": "-57000000", "depreciation": "None", "depreciationAndAmortization": "100000000", "incomeBeforeTax": "-431000000", "incomeTaxExpense": "-46000000", "interestAndDebtExpense": "None", "netIncomeFromContinuingOperations": "-385000000", "comprehensiveIncomeNetOfTax": "None", "ebit": "-406000000", "ebitda": "-306000000", "netIncome": "-385000000"}, {"fiscalDateEnding": "2019-09-30", "reportedCurrency": "USD", "grossProfit": "151000000", "totalRevenue": "2126000000", "costOfRevenue": "1975000000", "costofGoodsAndServicesSold": "1975000000", "operatingIncome": "-154000000", "sellingGeneralAndAdministrative": "293000000", "researchAndDevelopment": "None", "operatingExpenses": "305000000", "investmentIncomeNet": "None", "netInterestIncome": "-21000000", "interestIncome": "4000000", "interestExpense": "25000000", "nonInterestIncome": "None", "otherNonOperatingIncome": "-10000000", "depreciation": "None", "depreciationAndAmortization": "102000000", "incomeBeforeTax": "-189000000", "incomeTaxExpense": "60000000", "interestAndDebtExpense": "None", "netIncomeFromContinuingOperations": "-249000000", "comprehensiveIncomeNetOfTax": "None", "ebit": "-164000000", "ebitda": "-62000000", "netIncome": "-244000000"}, {"fiscalDateEnding": "2019-06-30", "reportedCurrency": "USD", "grossProfit": "62000000", "totalRevenue": "2132000000", "costOfRevenue": "2070000000", "costofGoodsAndServicesSold": "2070000000", "operatingIncome": "-5728000000", "sellingGeneralAndAdministrative": "417000000", "researchAndDevelopment": "None", "operatingExpenses": "5790000000", "investmentIncomeNet": "None", "netInterestIncome": "-19000000", "interestIncome": "6000000", "interestExpense": "25000000", "nonInterestIncome": "None", "otherNonOperatingIncome": "-4000000", "depreciation": "None", "depreciationAndAmortization": "154000000", "incomeBeforeTax": "-5757000000", "incomeTaxExpense": "-373000000", "interestAndDebtExpense": "None", "netIncomeFromContinuingOperations": "-5384000000", "comprehensiveIncomeNetOfTax": "None", "ebit": "-5732000000", "ebitda": "-5578000000", "netIncome": "-5389000000"}, {"fiscalDateEnding": "2019-03-31", "reportedCurrency": "USD", "grossProfit": "256000000", "totalRevenue": "1940000000", "costOfRevenue": "1684000000", "costofGoodsAndServicesSold": "1684000000", "operatingIncome": "-48000000", "sellingGeneralAndAdministrative": "304000000", "researchAndDevelopment": "None", "operatingExpenses": "304000000", "investmentIncomeNet": "None", "netInterestIncome": "-19000000", "interestIncome": "6000000", "interestExpense": "25000000", "nonInterestIncome": "None", "otherNonOperatingIncome": "-12000000", "depreciation": "None", "depreciationAndAmortization": "177000000", "incomeBeforeTax": "-85000000", "incomeTaxExpense": "-10000000", "interestAndDebtExpense": "None", "netIncomeFromContinuingOperations": "-75000000", "comprehensiveIncomeNetOfTax": "None", "ebit": "-60000000", "ebitda": "117000000", "netIncome": "-77000000"}, {"fiscalDateEnding": "2018-12-31", "reportedCurrency": "USD", "grossProfit": "409000000", "totalRevenue": "2398000000", "costOfRevenue": "1989000000", "costofGoodsAndServicesSold": "1989000000", "operatingIncome": "87000000", "sellingGeneralAndAdministrative": "322000000", "researchAndDevelopment": "0", "operatingExpenses": "322000000", "investmentIncomeNet": "None", "netInterestIncome": "None", "interestIncome": "None", "interestExpense": "22000000", "nonInterestIncome": "None", "otherNonOperatingIncome": "-24000000", "depreciation": "None", "depreciationAndAmortization": "171000000", "incomeBeforeTax": "41000000", "incomeTaxExpense": "26000000", "interestAndDebtExpense": "None", "netIncomeFromContinuingOperations": "15000000", "comprehensiveIncomeNetOfTax": "None", "ebit": "63000000", "ebitda": "234000000", "netIncome": "12000000"}, {"fiscalDateEnding": "2018-09-30", "reportedCurrency": "USD", "grossProfit": "393000000", "totalRevenue": "2154000000", "costOfRevenue": "1761000000", "costofGoodsAndServicesSold": "1761000000", "operatingIncome": "73000000", "sellingGeneralAndAdministrative": "320000000", "researchAndDevelopment": "0", "operatingExpenses": "320000000", "investmentIncomeNet": "None", "netInterestIncome": "None", "interestIncome": "None", "interestExpense": "24000000", "nonInterestIncome": "None", "otherNonOperatingIncome": "-16000000", "depreciation": "None", "depreciationAndAmortization": "172000000", "incomeBeforeTax": "33000000", "incomeTaxExpense": "29000000", "interestAndDebtExpense": "None", "netIncomeFromContinuingOperations": "4000000", "comprehensiveIncomeNetOfTax": "None", "ebit": "57000000", "ebitda": "229000000", "netIncome": "1000000"}, {"fiscalDateEnding": "2018-06-30", "reportedCurrency": "USD", "grossProfit": "355000000", "totalRevenue": "2106000000", "costOfRevenue": "1751000000", "costofGoodsAndServicesSold": "1751000000", "operatingIncome": "52000000", "sellingGeneralAndAdministrative": "303000000", "researchAndDevelopment": "0", "operatingExpenses": "303000000", "investmentIncomeNet": "None", "netInterestIncome": "None", "interestIncome": "None", "interestExpense": "23000000", "nonInterestIncome": "None", "otherNonOperatingIncome": "1000000", "depreciation": "None", "depreciationAndAmortization": "174000000", "incomeBeforeTax": "30000000", "incomeTaxExpense": "5000000", "interestAndDebtExpense": "None", "netIncomeFromContinuingOperations": "25000000", "comprehensiveIncomeNetOfTax": "None", "ebit": "53000000", "ebitda": "227000000", "netIncome": "24000000"}, {"fiscalDateEnding": "2018-03-31", "reportedCurrency": "USD", "grossProfit": "287000000", "totalRevenue": "1795000000", "costOfRevenue": "1508000000", "costofGoodsAndServicesSold": "1508000000", "operatingIncome": "-1000000", "sellingGeneralAndAdministrative": "288000000", "researchAndDevelopment": "0", "operatingExpenses": "288000000", "investmentIncomeNet": "None", "netInterestIncome": "None", "interestIncome": "None", "interestExpense": "24000000", "nonInterestIncome": "None", "otherNonOperatingIncome": "-38000000", "depreciation": "None", "depreciationAndAmortization": "173000000", "incomeBeforeTax": "-63000000", "incomeTaxExpense": "3000000", "interestAndDebtExpense": "None", "netIncomeFromContinuingOperations": "-66000000", "comprehensiveIncomeNetOfTax": "None", "ebit": "-39000000", "ebitda": "134000000", "netIncome": "-68000000"}, {"fiscalDateEnding": "2017-12-31", "reportedCurrency": "USD", "grossProfit": "167000000", "totalRevenue": "1969000000", "costOfRevenue": "1802000000", "costofGoodsAndServicesSold": "1802000000", "operatingIncome": "-111000000", "sellingGeneralAndAdministrative": "278000000", "researchAndDevelopment": "0", "operatingExpenses": "278000000", "investmentIncomeNet": "None", "netInterestIncome": "None", "interestIncome": "None", "interestExpense": "25000000", "nonInterestIncome": "None", "otherNonOperatingIncome": "-9000000", "depreciation": "None", "depreciationAndAmortization": "175000000", "incomeBeforeTax": "-145000000", "incomeTaxExpense": "-130000000", "interestAndDebtExpense": "None", "netIncomeFromContinuingOperations": "-15000000", "comprehensiveIncomeNetOfTax": "None", "ebit": "-120000000", "ebitda": "55000000", "netIncome": "-14000000"}, {"fiscalDateEnding": "2017-09-30", "reportedCurrency": "USD", "grossProfit": "285000000", "totalRevenue": "1835000000", "costOfRevenue": "1550000000", "costofGoodsAndServicesSold": "1550000000", "operatingIncome": "-7000000", "sellingGeneralAndAdministrative": "292000000", "researchAndDevelopment": "0", "operatingExpenses": "292000000", "investmentIncomeNet": "None", "netInterestIncome": "None", "interestIncome": "None", "interestExpense": "26000000", "nonInterestIncome": "None", "otherNonOperatingIncome": "3000000", "depreciation": "None", "depreciationAndAmortization": "174000000", "incomeBeforeTax": "-40000000", "incomeTaxExpense": "-13000000", "interestAndDebtExpense": "None", "netIncomeFromContinuingOperations": "-27000000", "comprehensiveIncomeNetOfTax": "None", "ebit": "-14000000", "ebitda": "160000000", "netIncome": "-26000000"}, {"fiscalDateEnding": "2017-06-30", "reportedCurrency": "USD", "grossProfit": "231000000", "totalRevenue": "1759000000", "costOfRevenue": "1528000000", "costofGoodsAndServicesSold": "1528000000", "operatingIncome": "-62000000", "sellingGeneralAndAdministrative": "293000000", "researchAndDevelopment": "0", "operatingExpenses": "293000000", "investmentIncomeNet": "None", "netInterestIncome": "None", "interestIncome": "None", "interestExpense": "26000000", "nonInterestIncome": "None", "otherNonOperatingIncome": "None", "depreciation": "None", "depreciationAndAmortization": "174000000", "incomeBeforeTax": "-91000000", "incomeTaxExpense": "-17000000", "interestAndDebtExpense": "None", "netIncomeFromContinuingOperations": "-74000000", "comprehensiveIncomeNetOfTax": "None", "ebit": "-65000000", "ebitda": "109000000", "netIncome": "-75000000"}, {"fiscalDateEnding": "2017-03-31", "reportedCurrency": "USD", "grossProfit": "209000000", "totalRevenue": "1741000000", "costOfRevenue": "1532000000", "costofGoodsAndServicesSold": "1532000000", "operatingIncome": "-97000000", "sellingGeneralAndAdministrative": "306000000", "researchAndDevelopment": "0", "operatingExpenses": "306000000", "investmentIncomeNet": "None", "netInterestIncome": "None", "interestIncome": "None", "interestExpense": "25000000", "nonInterestIncome": "None", "otherNonOperatingIncome": "-7000000", "depreciation": "None", "depreciationAndAmortization": "175000000", "incomeBeforeTax": "-133000000", "incomeTaxExpense": "-13000000", "interestAndDebtExpense": "None", "netIncomeFromContinuingOperations": "-120000000", "comprehensiveIncomeNetOfTax": "None", "ebit": "-108000000", "ebitda": "67000000", "netIncome": "-122000000"}, {"fiscalDateEnding": "2016-12-31", "reportedCurrency": "USD", "grossProfit": "-459000000", "totalRevenue": "1692000000", "costOfRevenue": "2151000000", "costofGoodsAndServicesSold": "2151000000", "operatingIncome": "-766000000", "sellingGeneralAndAdministrative": "307000000", "researchAndDevelopment": "0", "operatingExpenses": "307000000", "investmentIncomeNet": "None", "netInterestIncome": "None", "interestIncome": "None", "interestExpense": "25000000", "nonInterestIncome": "None", "otherNonOperatingIncome": "-14000000", "depreciation": "None", "depreciationAndAmortization": "174000000", "incomeBeforeTax": "-805000000", "incomeTaxExpense": "-88000000", "interestAndDebtExpense": "None", "netIncomeFromContinuingOperations": "-717000000", "comprehensiveIncomeNetOfTax": "None", "ebit": "-780000000", "ebitda": "-606000000", "netIncome": "-714000000"}, {"fiscalDateEnding": "2016-09-30", "reportedCurrency": "USD", "grossProfit": "79000000", "totalRevenue": "1646000000", "costOfRevenue": "1567000000", "costofGoodsAndServicesSold": "1567000000", "operatingIncome": "-1186000000", "sellingGeneralAndAdministrative": "293000000", "researchAndDevelopment": "0", "operatingExpenses": "1265000000", "investmentIncomeNet": "None", "netInterestIncome": "None", "interestIncome": "None", "interestExpense": "25000000", "nonInterestIncome": "None", "otherNonOperatingIncome": "-33000000", "depreciation": "None", "depreciationAndAmortization": "176000000", "incomeBeforeTax": "-1244000000", "incomeTaxExpense": "120000000", "interestAndDebtExpense": "None", "netIncomeFromContinuingOperations": "-1364000000", "comprehensiveIncomeNetOfTax": "None", "ebit": "-1219000000", "ebitda": "-1043000000", "netIncome": "-1362000000"}, {"fiscalDateEnding": "2016-06-30", "reportedCurrency": "USD", "grossProfit": "35000000", "totalRevenue": "1724000000", "costOfRevenue": "1689000000", "costofGoodsAndServicesSold": "1689000000", "operatingIncome": "-270000000", "sellingGeneralAndAdministrative": "305000000", "researchAndDevelopment": "0", "operatingExpenses": "305000000", "investmentIncomeNet": "None", "netInterestIncome": "None", "interestIncome": "None", "interestExpense": "30000000", "nonInterestIncome": "None", "otherNonOperatingIncome": "-38000000", "depreciation": "None", "depreciationAndAmortization": "178000000", "incomeBeforeTax": "-338000000", "incomeTaxExpense": "-121000000", "interestAndDebtExpense": "None", "netIncomeFromContinuingOperations": "-217000000", "comprehensiveIncomeNetOfTax": "None", "ebit": "-308000000", "ebitda": "-130000000", "netIncome": "-217000000"}, {"fiscalDateEnding": "2016-03-31", "reportedCurrency": "USD", "grossProfit": "244000000", "totalRevenue": "2189000000", "costOfRevenue": "1945000000", "costofGoodsAndServicesSold": "1945000000", "operatingIncome": "-189000000", "sellingGeneralAndAdministrative": "433000000", "researchAndDevelopment": "0", "operatingExpenses": "433000000", "investmentIncomeNet": "None", "netInterestIncome": "None", "interestIncome": "None", "interestExpense": "25000000", "nonInterestIncome": "None", "otherNonOperatingIncome": "-22000000", "depreciation": "None", "depreciationAndAmortization": "175000000", "incomeBeforeTax": "-236000000", "incomeTaxExpense": "-118000000", "interestAndDebtExpense": "None", "netIncomeFromContinuingOperations": "-118000000", "comprehensiveIncomeNetOfTax": "None", "ebit": "-211000000", "ebitda": "-36000000", "netIncome": "-118000000"}, {"fiscalDateEnding": "2015-12-31", "reportedCurrency": "USD", "grossProfit": "388000000", "totalRevenue": "2722000000", "costOfRevenue": "2334000000", "costofGoodsAndServicesSold": "2334000000", "operatingIncome": "-1632000000", "sellingGeneralAndAdministrative": "386000000", "researchAndDevelopment": "0", "operatingExpenses": "2020000000", "investmentIncomeNet": "None", "netInterestIncome": "None", "interestIncome": "None", "interestExpense": "27000000", "nonInterestIncome": "None", "otherNonOperatingIncome": "-15000000", "depreciation": "None", "depreciationAndAmortization": "183000000", "incomeBeforeTax": "-1674000000", "incomeTaxExpense": "-152000000", "interestAndDebtExpense": "None", "netIncomeFromContinuingOperations": "-1522000000", "comprehensiveIncomeNetOfTax": "None", "ebit": "-1647000000", "ebitda": "-1464000000", "netIncome": "-1523000000"}, {"fiscalDateEnding": "2015-09-30", "reportedCurrency": "USD", "grossProfit": "672000000", "totalRevenue": "3306000000", "costOfRevenue": "2634000000", "costofGoodsAndServicesSold": "2634000000", "operatingIncome": "234000000", "sellingGeneralAndAdministrative": "383000000", "researchAndDevelopment": "0", "operatingExpenses": "438000000", "investmentIncomeNet": "None", "netInterestIncome": "None", "interestIncome": "None", "interestExpense": "24000000", "nonInterestIncome": "None", "otherNonOperatingIncome": "-18000000", "depreciation": "None", "depreciationAndAmortization": "184000000", "incomeBeforeTax": "192000000", "incomeTaxExpense": "36000000", "interestAndDebtExpense": "None", "netIncomeFromContinuingOperations": "156000000", "comprehensiveIncomeNetOfTax": "None", "ebit": "216000000", "ebitda": "400000000", "netIncome": "155000000"}, {"fiscalDateEnding": "2015-06-30", "reportedCurrency": "USD", "grossProfit": "855000000", "totalRevenue": "3909000000", "costOfRevenue": "3054000000", "costofGoodsAndServicesSold": "3054000000", "operatingIncome": "438000000", "sellingGeneralAndAdministrative": "417000000", "researchAndDevelopment": "0", "operatingExpenses": "417000000", "investmentIncomeNet": "None", "netInterestIncome": "None", "interestIncome": "None", "interestExpense": "26000000", "nonInterestIncome": "None", "otherNonOperatingIncome": "-21000000", "depreciation": "None", "depreciationAndAmortization": "190000000", "incomeBeforeTax": "391000000", "incomeTaxExpense": "105000000", "interestAndDebtExpense": "None", "netIncomeFromContinuingOperations": "286000000", "comprehensiveIncomeNetOfTax": "None", "ebit": "417000000", "ebitda": "607000000", "netIncome": "289000000"}, {"fiscalDateEnding": "2015-03-31", "reportedCurrency": "USD", "grossProfit": "1177000000", "totalRevenue": "4820000000", "costOfRevenue": "3643000000", "costofGoodsAndServicesSold": "3643000000", "operatingIncome": "570000000", "sellingGeneralAndAdministrative": "607000000", "researchAndDevelopment": "0", "operatingExpenses": "607000000", "investmentIncomeNet": "None", "netInterestIncome": "None", "interestIncome": "None", "interestExpense": "26000000", "nonInterestIncome": "None", "otherNonOperatingIncome": "-42000000", "depreciation": "None", "depreciationAndAmortization": "190000000", "incomeBeforeTax": "502000000", "incomeTaxExpense": "189000000", "interestAndDebtExpense": "None", "netIncomeFromContinuingOperations": "313000000", "comprehensiveIncomeNetOfTax": "None", "ebit": "528000000", "ebitda": "718000000", "netIncome": "310000000"}, {"fiscalDateEnding": "2014-12-31", "reportedCurrency": "USD", "grossProfit": "1541000000", "totalRevenue": "5709000000", "costOfRevenue": "4168000000", "costofGoodsAndServicesSold": "4168000000", "operatingIncome": "913000000", "sellingGeneralAndAdministrative": "524000000", "researchAndDevelopment": "0", "operatingExpenses": "628000000", "investmentIncomeNet": "None", "netInterestIncome": "None", "interestIncome": "None", "interestExpense": "26000000", "nonInterestIncome": "None", "otherNonOperatingIncome": "-57000000", "depreciation": "None", "depreciationAndAmortization": "199000000", "incomeBeforeTax": "830000000", "incomeTaxExpense": "233000000", "interestAndDebtExpense": "None", "netIncomeFromContinuingOperations": "556000000", "comprehensiveIncomeNetOfTax": "None", "ebit": "856000000", "ebitda": "1055000000", "netIncome": "595000000"}, {"fiscalDateEnding": "2014-09-30", "reportedCurrency": "USD", "grossProfit": "1528000000", "totalRevenue": "5587000000", "costOfRevenue": "4059000000", "costofGoodsAndServicesSold": "4059000000", "operatingIncome": "988000000", "sellingGeneralAndAdministrative": "540000000", "researchAndDevelopment": "0", "operatingExpenses": "540000000", "investmentIncomeNet": "None", "netInterestIncome": "None", "interestIncome": "None", "interestExpense": "26000000", "nonInterestIncome": "None", "otherNonOperatingIncome": "22000000", "depreciation": "None", "depreciationAndAmortization": "198000000", "incomeBeforeTax": "984000000", "incomeTaxExpense": "283000000", "interestAndDebtExpense": "None", "netIncomeFromContinuingOperations": "701000000", "comprehensiveIncomeNetOfTax": "None", "ebit": "1010000000", "ebitda": "1208000000", "netIncome": "699000000"}, {"fiscalDateEnding": "2014-06-30", "reportedCurrency": "USD", "grossProfit": "1455000000", "totalRevenue": "5255000000", "costOfRevenue": "3800000000", "costofGoodsAndServicesSold": "3800000000", "operatingIncome": "913000000", "sellingGeneralAndAdministrative": "542000000", "researchAndDevelopment": "0", "operatingExpenses": "542000000", "investmentIncomeNet": "None", "netInterestIncome": "None", "interestIncome": "None", "interestExpense": "27000000", "nonInterestIncome": "None", "otherNonOperatingIncome": "7000000", "depreciation": "None", "depreciationAndAmortization": "190000000", "incomeBeforeTax": "893000000", "incomeTaxExpense": "284000000", "interestAndDebtExpense": "None", "netIncomeFromContinuingOperations": "609000000", "comprehensiveIncomeNetOfTax": "None", "ebit": "920000000", "ebitda": "1110000000", "netIncome": "619000000"}, {"fiscalDateEnding": "2014-03-31", "reportedCurrency": "USD", "grossProfit": "1290000000", "totalRevenue": "4889000000", "costOfRevenue": "3599000000", "costofGoodsAndServicesSold": "3599000000", "operatingIncome": "799000000", "sellingGeneralAndAdministrative": "535000000", "researchAndDevelopment": "0", "operatingExpenses": "491000000", "investmentIncomeNet": "None", "netInterestIncome": "None", "interestIncome": "None", "interestExpense": "26000000", "nonInterestIncome": "None", "otherNonOperatingIncome": "14000000", "depreciation": "None", "depreciationAndAmortization": "191000000", "incomeBeforeTax": "787000000", "incomeTaxExpense": "239000000", "interestAndDebtExpense": "None", "netIncomeFromContinuingOperations": "589000000", "comprehensiveIncomeNetOfTax": "None", "ebit": "813000000", "ebitda": "1004000000", "netIncome": "589000000"}, {"fiscalDateEnding": "2013-12-31", "reportedCurrency": "USD", "grossProfit": "1497000000", "totalRevenue": "6172000000", "costOfRevenue": "4675000000", "costofGoodsAndServicesSold": "4675000000", "operatingIncome": "957000000", "sellingGeneralAndAdministrative": "540000000", "researchAndDevelopment": "0", "operatingExpenses": "540000000", "investmentIncomeNet": "None", "netInterestIncome": "None", "interestIncome": "None", "interestExpense": "27000000", "nonInterestIncome": "None", "otherNonOperatingIncome": "3000000", "depreciation": "None", "depreciationAndAmortization": "200000000", "incomeBeforeTax": "933000000", "incomeTaxExpense": "272000000", "interestAndDebtExpense": "None", "netIncomeFromContinuingOperations": "661000000", "comprehensiveIncomeNetOfTax": "None", "ebit": "960000000", "ebitda": "1160000000", "netIncome": "658000000"}, {"fiscalDateEnding": "2013-09-30", "reportedCurrency": "USD", "grossProfit": "1360000000", "totalRevenue": "4863000000", "costOfRevenue": "3503000000", "costofGoodsAndServicesSold": "3503000000", "operatingIncome": "884000000", "sellingGeneralAndAdministrative": "516000000", "researchAndDevelopment": "0", "operatingExpenses": "476000000", "investmentIncomeNet": "None", "netInterestIncome": "None", "interestIncome": "None", "interestExpense": "26000000", "nonInterestIncome": "None", "otherNonOperatingIncome": "-1000000", "depreciation": "None", "depreciationAndAmortization": "187000000", "incomeBeforeTax": "861000000", "incomeTaxExpense": "263000000", "interestAndDebtExpense": "None", "netIncomeFromContinuingOperations": "636000000", "comprehensiveIncomeNetOfTax": "None", "ebit": "887000000", "ebitda": "1074000000", "netIncome": "636000000"}, {"fiscalDateEnding": "2013-06-30", "reportedCurrency": "USD", "grossProfit": "1173000000", "totalRevenue": "4680000000", "costOfRevenue": "3507000000", "costofGoodsAndServicesSold": "3507000000", "operatingIncome": "713000000", "sellingGeneralAndAdministrative": "497000000", "researchAndDevelopment": "0", "operatingExpenses": "460000000", "investmentIncomeNet": "None", "netInterestIncome": "None", "interestIncome": "None", "interestExpense": "30000000", "nonInterestIncome": "None", "otherNonOperatingIncome": "31000000", "depreciation": "None", "depreciationAndAmortization": "182000000", "incomeBeforeTax": "712000000", "incomeTaxExpense": "218000000", "interestAndDebtExpense": "None", "netIncomeFromContinuingOperations": "531000000", "comprehensiveIncomeNetOfTax": "None", "ebit": "742000000", "ebitda": "924000000", "netIncome": "531000000"}, {"fiscalDateEnding": "2013-03-31", "reportedCurrency": "USD", "grossProfit": "1264000000", "totalRevenue": "5307000000", "costOfRevenue": "4043000000", "costofGoodsAndServicesSold": "4043000000", "operatingIncome": "751000000", "sellingGeneralAndAdministrative": "513000000", "researchAndDevelopment": "0", "operatingExpenses": "513000000", "investmentIncomeNet": "None", "netInterestIncome": "None", "interestIncome": "None", "interestExpense": "28000000", "nonInterestIncome": "None", "otherNonOperatingIncome": "1000000", "depreciation": "None", "depreciationAndAmortization": "174000000", "incomeBeforeTax": "724000000", "incomeTaxExpense": "224000000", "interestAndDebtExpense": "None", "netIncomeFromContinuingOperations": "500000000", "comprehensiveIncomeNetOfTax": "None", "ebit": "752000000", "ebitda": "926000000", "netIncome": "502000000"}, {"fiscalDateEnding": "2012-12-31", "reportedCurrency": "USD", "grossProfit": "1394000000", "totalRevenue": "5685000000", "costOfRevenue": "4291000000", "costofGoodsAndServicesSold": "4291000000", "operatingIncome": "903000000", "sellingGeneralAndAdministrative": "491000000", "researchAndDevelopment": "0", "operatingExpenses": "491000000", "investmentIncomeNet": "None", "netInterestIncome": "None", "interestIncome": "None", "interestExpense": "21000000", "nonInterestIncome": "None", "otherNonOperatingIncome": "-11000000", "depreciation": "None", "depreciationAndAmortization": "166000000", "incomeBeforeTax": "871000000", "incomeTaxExpense": "203000000", "interestAndDebtExpense": "None", "netIncomeFromContinuingOperations": "668000000", "comprehensiveIncomeNetOfTax": "None", "ebit": "892000000", "ebitda": "1058000000", "netIncome": "668000000"}, {"fiscalDateEnding": "2012-09-30", "reportedCurrency": "USD", "grossProfit": "1371000000", "totalRevenue": "5319000000", "costOfRevenue": "3948000000", "costofGoodsAndServicesSold": "3948000000", "operatingIncome": "898000000", "sellingGeneralAndAdministrative": "473000000", "researchAndDevelopment": "0", "operatingExpenses": "473000000", "investmentIncomeNet": "None", "netInterestIncome": "None", "interestIncome": "None", "interestExpense": "11000000", "nonInterestIncome": "None", "otherNonOperatingIncome": "-13000000", "depreciation": "None", "depreciationAndAmortization": "157000000", "incomeBeforeTax": "874000000", "incomeTaxExpense": "265000000", "interestAndDebtExpense": "None", "netIncomeFromContinuingOperations": "609000000", "comprehensiveIncomeNetOfTax": "None", "ebit": "885000000", "ebitda": "1042000000", "netIncome": "612000000"}, {"fiscalDateEnding": "2012-06-30", "reportedCurrency": "USD", "grossProfit": "1306000000", "totalRevenue": "4734000000", "costOfRevenue": "3428000000", "costofGoodsAndServicesSold": "3428000000", "operatingIncome": "879000000", "sellingGeneralAndAdministrative": "427000000", "researchAndDevelopment": "0", "operatingExpenses": "427000000", "investmentIncomeNet": "None", "netInterestIncome": "None", "interestIncome": "None", "interestExpense": "9000000", "nonInterestIncome": "None", "otherNonOperatingIncome": "17000000", "depreciation": "None", "depreciationAndAmortization": "157000000", "incomeBeforeTax": "887000000", "incomeTaxExpense": "285000000", "interestAndDebtExpense": "None", "netIncomeFromContinuingOperations": "602000000", "comprehensiveIncomeNetOfTax": "None", "ebit": "896000000", "ebitda": "1053000000", "netIncome": "605000000"}, {"fiscalDateEnding": "2012-03-31", "reportedCurrency": "USD", "grossProfit": "1267000000", "totalRevenue": "4303000000", "costOfRevenue": "3036000000", "costofGoodsAndServicesSold": "3036000000", "operatingIncome": "877000000", "sellingGeneralAndAdministrative": "390000000", "researchAndDevelopment": "0", "operatingExpenses": "390000000", "investmentIncomeNet": "None", "netInterestIncome": "None", "interestIncome": "None", "interestExpense": "8000000", "nonInterestIncome": "None", "otherNonOperatingIncome": "4000000", "depreciation": "None", "depreciationAndAmortization": "148000000", "incomeBeforeTax": "873000000", "incomeTaxExpense": "269000000", "interestAndDebtExpense": "None", "netIncomeFromContinuingOperations": "604000000", "comprehensiveIncomeNetOfTax": "None", "ebit": "881000000", "ebitda": "1029000000", "netIncome": "606000000"}, {"fiscalDateEnding": "2011-12-31", "reportedCurrency": "USD", "grossProfit": "1275000000", "totalRevenue": "4259000000", "costOfRevenue": "2984000000", "costofGoodsAndServicesSold": "2984000000", "operatingIncome": "848000000", "sellingGeneralAndAdministrative": "427000000", "researchAndDevelopment": "0", "operatingExpenses": "427000000", "investmentIncomeNet": "None", "netInterestIncome": "None", "interestIncome": "None", "interestExpense": "9000000", "nonInterestIncome": "None", "otherNonOperatingIncome": "4000000", "depreciation": "None", "depreciationAndAmortization": "142000000", "incomeBeforeTax": "843000000", "incomeTaxExpense": "270000000", "interestAndDebtExpense": "None", "netIncomeFromContinuingOperations": "573000000", "comprehensiveIncomeNetOfTax": "None", "ebit": "852000000", "ebitda": "994000000", "netIncome": "574000000"}, {"fiscalDateEnding": "2011-09-30", "reportedCurrency": "USD", "grossProfit": "1164000000", "totalRevenue": "3740000000", "costOfRevenue": "2576000000", "costofGoodsAndServicesSold": "2576000000", "operatingIncome": "772000000", "sellingGeneralAndAdministrative": "392000000", "researchAndDevelopment": "0", "operatingExpenses": "392000000", "investmentIncomeNet": "None", "netInterestIncome": "None", "interestIncome": "None", "interestExpense": "8000000", "nonInterestIncome": "None", "otherNonOperatingIncome": "16000000", "depreciation": "None", "depreciationAndAmortization": "140000000", "incomeBeforeTax": "780000000", "incomeTaxExpense": "252000000", "interestAndDebtExpense": "None", "netIncomeFromContinuingOperations": "528000000", "comprehensiveIncomeNetOfTax": "None", "ebit": "788000000", "ebitda": "928000000", "netIncome": "532000000"}, {"fiscalDateEnding": "2011-06-30", "reportedCurrency": "USD", "grossProfit": "1083000000", "totalRevenue": "3513000000", "costOfRevenue": "2430000000", "costofGoodsAndServicesSold": "2430000000", "operatingIncome": "708000000", "sellingGeneralAndAdministrative": "375000000", "researchAndDevelopment": "0", "operatingExpenses": "375000000", "investmentIncomeNet": "None", "netInterestIncome": "None", "interestIncome": "None", "interestExpense": "9000000", "nonInterestIncome": "None", "otherNonOperatingIncome": "7000000", "depreciation": "None", "depreciationAndAmortization": "138000000", "incomeBeforeTax": "706000000", "incomeTaxExpense": "226000000", "interestAndDebtExpense": "None", "netIncomeFromContinuingOperations": "480000000", "comprehensiveIncomeNetOfTax": "None", "ebit": "715000000", "ebitda": "853000000", "netIncome": "481000000"}, {"fiscalDateEnding": "2011-03-31", "reportedCurrency": "USD", "grossProfit": "975000000", "totalRevenue": "3146000000", "costOfRevenue": "2171000000", "costofGoodsAndServicesSold": "2171000000", "operatingIncome": "609000000", "sellingGeneralAndAdministrative": "366000000", "researchAndDevelopment": "0", "operatingExpenses": "366000000", "investmentIncomeNet": "None", "netInterestIncome": "None", "interestIncome": "None", "interestExpense": "14000000", "nonInterestIncome": "None", "otherNonOperatingIncome": "-2000000", "depreciation": "None", "depreciationAndAmortization": "135000000", "incomeBeforeTax": "593000000", "incomeTaxExpense": "189000000", "interestAndDebtExpense": "None", "netIncomeFromContinuingOperations": "404000000", "comprehensiveIncomeNetOfTax": "None", "ebit": "607000000", "ebitda": "742000000", "netIncome": "407000000"}, {"fiscalDateEnding": "2010-12-31", "reportedCurrency": "USD", "grossProfit": "997000000", "totalRevenue": "3172000000", "costOfRevenue": "2175000000", "costofGoodsAndServicesSold": "2175000000", "operatingIncome": "624000000", "sellingGeneralAndAdministrative": "373000000", "researchAndDevelopment": "0", "operatingExpenses": "373000000", "investmentIncomeNet": "None", "netInterestIncome": "None", "interestIncome": "None", "interestExpense": "12000000", "nonInterestIncome": "None", "otherNonOperatingIncome": "11000000", "depreciation": "None", "depreciationAndAmortization": "129000000", "incomeBeforeTax": "623000000", "incomeTaxExpense": "186000000", "interestAndDebtExpense": "None", "netIncomeFromContinuingOperations": "437000000", "comprehensiveIncomeNetOfTax": "None", "ebit": "635000000", "ebitda": "764000000", "netIncome": "440000000"}, {"fiscalDateEnding": "2010-09-30", "reportedCurrency": "USD", "grossProfit": "945000000", "totalRevenue": "3011000000", "costOfRevenue": "2066000000", "costofGoodsAndServicesSold": "2066000000", "operatingIncome": "596000000", "sellingGeneralAndAdministrative": "349000000", "researchAndDevelopment": "0", "operatingExpenses": "349000000", "investmentIncomeNet": "None", "netInterestIncome": "None", "interestIncome": "None", "interestExpense": "12000000", "nonInterestIncome": "None", "otherNonOperatingIncome": "-11000000", "depreciation": "None", "depreciationAndAmortization": "127000000", "incomeBeforeTax": "573000000", "incomeTaxExpense": "169000000", "interestAndDebtExpense": "None", "netIncomeFromContinuingOperations": "404000000", "comprehensiveIncomeNetOfTax": "None", "ebit": "585000000", "ebitda": "712000000", "netIncome": "404000000"}, {"fiscalDateEnding": "2010-06-30", "reportedCurrency": "USD", "grossProfit": "928000000", "totalRevenue": "2941000000", "costOfRevenue": "2013000000", "costofGoodsAndServicesSold": "2013000000", "operatingIncome": "590000000", "sellingGeneralAndAdministrative": "338000000", "researchAndDevelopment": "0", "operatingExpenses": "338000000", "investmentIncomeNet": "None", "netInterestIncome": "None", "interestIncome": "None", "interestExpense": "13000000", "nonInterestIncome": "None", "otherNonOperatingIncome": "8000000", "depreciation": "None", "depreciationAndAmortization": "124000000", "incomeBeforeTax": "585000000", "incomeTaxExpense": "186000000", "interestAndDebtExpense": "None", "netIncomeFromContinuingOperations": "399000000", "comprehensiveIncomeNetOfTax": "None", "ebit": "598000000", "ebitda": "722000000", "netIncome": "401000000"}, {"fiscalDateEnding": "2010-03-31", "reportedCurrency": "USD", "grossProfit": "962000000", "totalRevenue": "3032000000", "costOfRevenue": "2070000000", "costofGoodsAndServicesSold": "2070000000", "operatingIncome": "637000000", "sellingGeneralAndAdministrative": "325000000", "researchAndDevelopment": "0", "operatingExpenses": "325000000", "investmentIncomeNet": "None", "netInterestIncome": "None", "interestIncome": "None", "interestExpense": "13000000", "nonInterestIncome": "None", "otherNonOperatingIncome": "-8000000", "depreciation": "None", "depreciationAndAmortization": "127000000", "incomeBeforeTax": "616000000", "incomeTaxExpense": "197000000", "interestAndDebtExpense": "None", "netIncomeFromContinuingOperations": "419000000", "comprehensiveIncomeNetOfTax": "None", "ebit": "629000000", "ebitda": "756000000", "netIncome": "422000000"}, {"fiscalDateEnding": "2009-12-31", "reportedCurrency": "USD", "grossProfit": "979000000", "totalRevenue": "3134000000", "costOfRevenue": "2155000000", "costofGoodsAndServicesSold": "2155000000", "operatingIncome": "608000000", "sellingGeneralAndAdministrative": "390000000", "researchAndDevelopment": "0", "operatingExpenses": "371000000", "investmentIncomeNet": "None", "netInterestIncome": "None", "interestIncome": "None", "interestExpense": "13000000", "nonInterestIncome": "None", "otherNonOperatingIncome": "None", "depreciation": "None", "depreciationAndAmortization": "126000000", "incomeBeforeTax": "575000000", "incomeTaxExpense": "184000000", "interestAndDebtExpense": "None", "netIncomeFromContinuingOperations": "0", "comprehensiveIncomeNetOfTax": "None", "ebit": "588000000", "ebitda": "714000000", "netIncome": "394000000"}, {"fiscalDateEnding": "2009-09-30", "reportedCurrency": "USD", "grossProfit": "891000000", "totalRevenue": "3087000000", "costOfRevenue": "2196000000", "costofGoodsAndServicesSold": "2196000000", "operatingIncome": "601000000", "sellingGeneralAndAdministrative": "279000000", "researchAndDevelopment": "0", "operatingExpenses": "290000000", "investmentIncomeNet": "None", "netInterestIncome": "None", "interestIncome": "None", "interestExpense": "14000000", "nonInterestIncome": "None", "otherNonOperatingIncome": "-8000000", "depreciation": "None", "depreciationAndAmortization": "126000000", "incomeBeforeTax": "579000000", "incomeTaxExpense": "192000000", "interestAndDebtExpense": "None", "netIncomeFromContinuingOperations": "387000000", "comprehensiveIncomeNetOfTax": "None", "ebit": "593000000", "ebitda": "719000000", "netIncome": "385000000"}, {"fiscalDateEnding": "2009-06-30", "reportedCurrency": "USD", "grossProfit": "875000000", "totalRevenue": "3010000000", "costOfRevenue": "2135000000", "costofGoodsAndServicesSold": "2135000000", "operatingIncome": "386000000", "sellingGeneralAndAdministrative": "342000000", "researchAndDevelopment": "0", "operatingExpenses": "489000000", "investmentIncomeNet": "None", "netInterestIncome": "None", "interestIncome": "None", "interestExpense": "13000000", "nonInterestIncome": "None", "otherNonOperatingIncome": "-20000000", "depreciation": "None", "depreciationAndAmortization": "122000000", "incomeBeforeTax": "353000000", "incomeTaxExpense": "131000000", "interestAndDebtExpense": "None", "netIncomeFromContinuingOperations": "222000000", "comprehensiveIncomeNetOfTax": "None", "ebit": "366000000", "ebitda": "488000000", "netIncome": "220000000"}, {"fiscalDateEnding": "2009-03-31", "reportedCurrency": "USD", "grossProfit": "1039000000", "totalRevenue": "3481000000", "costOfRevenue": "2442000000", "costofGoodsAndServicesSold": "2442000000", "operatingIncome": "720000000", "sellingGeneralAndAdministrative": "319000000", "researchAndDevelopment": "0", "operatingExpenses": "319000000", "investmentIncomeNet": "None", "netInterestIncome": "None", "interestIncome": "None", "interestExpense": "13000000", "nonInterestIncome": "None", "otherNonOperatingIncome": "None", "depreciation": "None", "depreciationAndAmortization": "116000000", "incomeBeforeTax": "701000000", "incomeTaxExpense": "228000000", "interestAndDebtExpense": "None", "netIncomeFromContinuingOperations": "0", "comprehensiveIncomeNetOfTax": "None", "ebit": "714000000", "ebitda": "830000000", "netIncome": "470000000"}, {"fiscalDateEnding": "2008-12-31", "reportedCurrency": "USD", "grossProfit": "1193400000", "totalRevenue": "3810200000", "costOfRevenue": "2616800000", "costofGoodsAndServicesSold": "2616800000", "operatingIncome": "867000000", "sellingGeneralAndAdministrative": "326400000", "researchAndDevelopment": "0", "operatingExpenses": "326400000", "investmentIncomeNet": "None", "netInterestIncome": "None", "interestIncome": "None", "interestExpense": "14500000", "nonInterestIncome": "None", "otherNonOperatingIncome": "None", "depreciation": "None", "depreciationAndAmortization": "117500000", "incomeBeforeTax": "876500000", "incomeTaxExpense": "286100000", "interestAndDebtExpense": "None", "netIncomeFromContinuingOperations": "0", "comprehensiveIncomeNetOfTax": "None", "ebit": "867000000", "ebitda": "984500000", "netIncome": "585000000"}, {"fiscalDateEnding": "2008-09-30", "reportedCurrency": "USD", "grossProfit": "1100000000", "totalRevenue": "3611000000", "costOfRevenue": "2511000000", "costofGoodsAndServicesSold": "2511000000", "operatingIncome": "790000000", "sellingGeneralAndAdministrative": "309700000", "researchAndDevelopment": "0", "operatingExpenses": "310000000", "investmentIncomeNet": "None", "netInterestIncome": "None", "interestIncome": "None", "interestExpense": "19000000", "nonInterestIncome": "None", "otherNonOperatingIncome": "None", "depreciation": "None", "depreciationAndAmortization": "116000000", "incomeBeforeTax": "817000000", "incomeTaxExpense": "264000000", "interestAndDebtExpense": "None", "netIncomeFromContinuingOperations": "0", "comprehensiveIncomeNetOfTax": "None", "ebit": "836000000", "ebitda": "952000000", "netIncome": "548000000"}, {"fiscalDateEnding": "2008-06-30", "reportedCurrency": "USD", "grossProfit": "981000000", "totalRevenue": "3325000000", "costOfRevenue": "2344000000", "costofGoodsAndServicesSold": "2344000000", "operatingIncome": "691000000", "sellingGeneralAndAdministrative": "273400000", "researchAndDevelopment": "0", "operatingExpenses": "290000000", "investmentIncomeNet": "None", "netInterestIncome": "None", "interestIncome": "None", "interestExpense": "24000000", "nonInterestIncome": "None", "otherNonOperatingIncome": "None", "depreciation": "None", "depreciationAndAmortization": "107000000", "incomeBeforeTax": "680000000", "incomeTaxExpense": "255000000", "interestAndDebtExpense": "None", "netIncomeFromContinuingOperations": "0", "comprehensiveIncomeNetOfTax": "None", "ebit": "704000000", "ebitda": "811000000", "netIncome": "421000000"}, {"fiscalDateEnding": "2008-03-31", "reportedCurrency": "USD", "grossProfit": "797000000", "totalRevenue": "2685000000", "costOfRevenue": "1888000000", "costofGoodsAndServicesSold": "1888000000", "operatingIncome": "569000000", "sellingGeneralAndAdministrative": "228100000", "researchAndDevelopment": "0", "operatingExpenses": "228000000", "investmentIncomeNet": "None", "netInterestIncome": "None", "interestIncome": "None", "interestExpense": "10000000", "nonInterestIncome": "None", "otherNonOperatingIncome": "None", "depreciation": "None", "depreciationAndAmortization": "61000000", "incomeBeforeTax": "588000000", "incomeTaxExpense": "188000000", "interestAndDebtExpense": "None", "netIncomeFromContinuingOperations": "0", "comprehensiveIncomeNetOfTax": "None", "ebit": "598000000", "ebitda": "659000000", "netIncome": "398000000"}, {"fiscalDateEnding": "2007-12-31", "reportedCurrency": "USD", "grossProfit": "791100000", "totalRevenue": "2658900000", "costOfRevenue": "1867800000", "costofGoodsAndServicesSold": "1867800000", "operatingIncome": "574700000", "sellingGeneralAndAdministrative": "216400000", "researchAndDevelopment": "0", "operatingExpenses": "216400000", "investmentIncomeNet": "None", "netInterestIncome": "None", "interestIncome": "None", "interestExpense": "13400000", "nonInterestIncome": "None", "otherNonOperatingIncome": "None", "depreciation": "None", "depreciationAndAmortization": "58500000", "incomeBeforeTax": "566300000", "incomeTaxExpense": "185300000", "interestAndDebtExpense": "None", "netIncomeFromContinuingOperations": "0", "comprehensiveIncomeNetOfTax": "None", "ebit": "574700000", "ebitda": "633200000", "netIncome": "376700000"}, {"fiscalDateEnding": "2007-09-30", "reportedCurrency": "USD", "grossProfit": "740300000", "totalRevenue": "2579500000", "costOfRevenue": "1839200000", "costofGoodsAndServicesSold": "1839200000", "operatingIncome": "545400000", "sellingGeneralAndAdministrative": "194900000", "researchAndDevelopment": "0", "operatingExpenses": "194900000", "investmentIncomeNet": "None", "netInterestIncome": "None", "interestIncome": "None", "interestExpense": "11500000", "nonInterestIncome": "None", "otherNonOperatingIncome": "None", "depreciation": "None", "depreciationAndAmortization": "56400000", "incomeBeforeTax": "548300000", "incomeTaxExpense": "177800000", "interestAndDebtExpense": "None", "netIncomeFromContinuingOperations": "0", "comprehensiveIncomeNetOfTax": "None", "ebit": "545400000", "ebitda": "601800000", "netIncome": "366000000"}, {"fiscalDateEnding": "2007-06-30", "reportedCurrency": "USD", "grossProfit": "683800000", "totalRevenue": "2384900000", "costOfRevenue": "1701100000", "costofGoodsAndServicesSold": "1701100000", "operatingIncome": "497200000", "sellingGeneralAndAdministrative": "186600000", "researchAndDevelopment": "0", "operatingExpenses": "186600000", "investmentIncomeNet": "None", "netInterestIncome": "None", "interestIncome": "None", "interestExpense": "13100000", "nonInterestIncome": "None", "otherNonOperatingIncome": "None", "depreciation": "None", "depreciationAndAmortization": "51900000", "incomeBeforeTax": "493300000", "incomeTaxExpense": "172000000", "interestAndDebtExpense": "None", "netIncomeFromContinuingOperations": "0", "comprehensiveIncomeNetOfTax": "None", "ebit": "497200000", "ebitda": "549100000", "netIncome": "318500000"}, {"fiscalDateEnding": "2007-03-31", "reportedCurrency": "USD", "grossProfit": "615000000", "totalRevenue": "2165700000", "costOfRevenue": "1550700000", "costofGoodsAndServicesSold": "1550700000", "operatingIncome": "427100000", "sellingGeneralAndAdministrative": "187900000", "researchAndDevelopment": "0", "operatingExpenses": "187900000", "investmentIncomeNet": "None", "netInterestIncome": "None", "interestIncome": "None", "interestExpense": "12300000", "nonInterestIncome": "None", "otherNonOperatingIncome": "None", "depreciation": "None", "depreciationAndAmortization": "47300000", "incomeBeforeTax": "421000000", "incomeTaxExpense": "140700000", "interestAndDebtExpense": "None", "netIncomeFromContinuingOperations": "0", "comprehensiveIncomeNetOfTax": "None", "ebit": "427100000", "ebitda": "474400000", "netIncome": "275900000"}, {"fiscalDateEnding": "2006-12-31", "reportedCurrency": "USD", "grossProfit": "567400000", "totalRevenue": "2078700000", "costOfRevenue": "1511300000", "costofGoodsAndServicesSold": "1511300000", "operatingIncome": "381200000", "sellingGeneralAndAdministrative": "186200000", "researchAndDevelopment": "0", "operatingExpenses": "186200000", "investmentIncomeNet": "None", "netInterestIncome": "None", "interestIncome": "None", "interestExpense": "12100000", "nonInterestIncome": "None", "otherNonOperatingIncome": "None", "depreciation": "None", "depreciationAndAmortization": "41900000", "incomeBeforeTax": "369300000", "incomeTaxExpense": "127300000", "interestAndDebtExpense": "None", "netIncomeFromContinuingOperations": "0", "comprehensiveIncomeNetOfTax": "None", "ebit": "381200000", "ebitda": "423100000", "netIncome": "239200000"}, {"fiscalDateEnding": "2006-09-30", "reportedCurrency": "USD", "grossProfit": "442700000", "totalRevenue": "1777900000", "costOfRevenue": "1335200000", "costofGoodsAndServicesSold": "1335200000", "operatingIncome": "285500000", "sellingGeneralAndAdministrative": "157200000", "researchAndDevelopment": "0", "operatingExpenses": "157200000", "investmentIncomeNet": "None", "netInterestIncome": "None", "interestIncome": "None", "interestExpense": "10000000", "nonInterestIncome": "None", "otherNonOperatingIncome": "None", "depreciation": "None", "depreciationAndAmortization": "41600000", "incomeBeforeTax": "271100000", "incomeTaxExpense": "90800000", "interestAndDebtExpense": "None", "netIncomeFromContinuingOperations": "0", "comprehensiveIncomeNetOfTax": "None", "ebit": "285500000", "ebitda": "327100000", "netIncome": "176600000"}, {"fiscalDateEnding": "2006-06-30", "reportedCurrency": "USD", "grossProfit": "400700000", "totalRevenue": "1657400000", "costOfRevenue": "1256700000", "costofGoodsAndServicesSold": "1256700000", "operatingIncome": "246600000", "sellingGeneralAndAdministrative": "154100000", "researchAndDevelopment": "0", "operatingExpenses": "154100000", "investmentIncomeNet": "None", "netInterestIncome": "None", "interestIncome": "None", "interestExpense": "13000000", "nonInterestIncome": "None", "otherNonOperatingIncome": "None", "depreciation": "None", "depreciationAndAmortization": "38700000", "incomeBeforeTax": "225900000", "incomeTaxExpense": "76300000", "interestAndDebtExpense": "None", "netIncomeFromContinuingOperations": "0", "comprehensiveIncomeNetOfTax": "None", "ebit": "246600000", "ebitda": "285300000", "netIncome": "147900000"}, {"fiscalDateEnding": "2006-03-31", "reportedCurrency": "USD", "grossProfit": "349800000", "totalRevenue": "1511800000", "costOfRevenue": "1162000000", "costofGoodsAndServicesSold": "1162000000", "operatingIncome": "197800000", "sellingGeneralAndAdministrative": "152000000", "researchAndDevelopment": "0", "operatingExpenses": "152000000", "investmentIncomeNet": "None", "netInterestIncome": "None", "interestIncome": "None", "interestExpense": "13600000", "nonInterestIncome": "None", "otherNonOperatingIncome": "None", "depreciation": "None", "depreciationAndAmortization": "38400000", "incomeBeforeTax": "182900000", "incomeTaxExpense": "61300000", "interestAndDebtExpense": "None", "netIncomeFromContinuingOperations": "0", "comprehensiveIncomeNetOfTax": "None", "ebit": "200800000", "ebitda": "239200000", "netIncome": "120300000"}, {"fiscalDateEnding": "2005-12-31", "reportedCurrency": "USD", "grossProfit": "311500000", "totalRevenue": "1377400000", "costOfRevenue": "1065900000", "costofGoodsAndServicesSold": "1065900000", "operatingIncome": "163800000", "sellingGeneralAndAdministrative": "149800000", "researchAndDevelopment": "0", "operatingExpenses": "147700000", "investmentIncomeNet": "None", "netInterestIncome": "None", "interestIncome": "None", "interestExpense": "13500000", "nonInterestIncome": "None", "otherNonOperatingIncome": "None", "depreciation": "None", "depreciationAndAmortization": "28500000", "incomeBeforeTax": "151400000", "incomeTaxExpense": "48700000", "interestAndDebtExpense": "None", "netIncomeFromContinuingOperations": "0", "comprehensiveIncomeNetOfTax": "None", "ebit": "162000000", "ebitda": "190500000", "netIncome": "101600000"}]}