{"symbol": "AREC", "annualReports": [{"fiscalDateEnding": "2024-12-31", "reportedCurrency": "USD", "grossProfit": "-2179274", "totalRevenue": "383234", "costOfRevenue": "2562508", "costofGoodsAndServicesSold": "2562508", "operatingIncome": "-33089062", "sellingGeneralAndAdministrative": "23650280", "researchAndDevelopment": "2148132", "operatingExpenses": "30909788", "investmentIncomeNet": "None", "netInterestIncome": "-6919881", "interestIncome": "1101578", "interestExpense": "8021459", "nonInterestIncome": "None", "otherNonOperatingIncome": "None", "depreciation": "None", "depreciationAndAmortization": "5102825", "incomeBeforeTax": "-40196740", "incomeTaxExpense": "None", "interestAndDebtExpense": "None", "netIncomeFromContinuingOperations": "-40196740", "comprehensiveIncomeNetOfTax": "None", "ebit": "-32175281", "ebitda": "-27072456", "netIncome": "-40108926"}, {"fiscalDateEnding": "2023-12-31", "reportedCurrency": "USD", "grossProfit": "1251366", "totalRevenue": "13234399", "costOfRevenue": "11983033", "costofGoodsAndServicesSold": "11983033", "operatingIncome": "-36375202", "sellingGeneralAndAdministrative": "12212533", "researchAndDevelopment": "11313837", "operatingExpenses": "37626568", "investmentIncomeNet": "None", "netInterestIncome": "-1462598", "interestIncome": "38088", "interestExpense": "1988074", "nonInterestIncome": "None", "otherNonOperatingIncome": "None", "depreciation": "None", "depreciationAndAmortization": "3546117", "incomeBeforeTax": "-38724963", "incomeTaxExpense": "-2", "interestAndDebtExpense": "None", "netIncomeFromContinuingOperations": "8403687", "comprehensiveIncomeNetOfTax": "None", "ebit": "-36736889", "ebitda": "-33190772", "netIncome": "-38527408"}, {"fiscalDateEnding": "2022-12-31", "reportedCurrency": "USD", "grossProfit": "14001564", "totalRevenue": "39474269", "costOfRevenue": "25472705", "costofGoodsAndServicesSold": "25472705", "operatingIncome": "-19487321", "sellingGeneralAndAdministrative": "5123786", "researchAndDevelopment": "28134883", "operatingExpenses": "33488885", "investmentIncomeNet": "None", "netInterestIncome": "-1395171", "interestIncome": "30982", "interestExpense": "1426153", "nonInterestIncome": "None", "otherNonOperatingIncome": "1096283", "depreciation": "None", "depreciationAndAmortization": "3525138", "incomeBeforeTax": "-1445672", "incomeTaxExpense": "-23977845", "interestAndDebtExpense": "None", "netIncomeFromContinuingOperations": "-23077312", "comprehensiveIncomeNetOfTax": "None", "ebit": "-19519", "ebitda": "3505619", "netIncome": "-1445672"}, {"fiscalDateEnding": "2021-12-31", "reportedCurrency": "USD", "grossProfit": "-639795", "totalRevenue": "7755306", "costOfRevenue": "8395101", "costofGoodsAndServicesSold": "8395101", "operatingIncome": "-28223408", "sellingGeneralAndAdministrative": "23260564", "researchAndDevelopment": "18098670", "operatingExpenses": "27583613", "investmentIncomeNet": "None", "netInterestIncome": "-3937921", "interestIncome": "230529", "interestExpense": "4168450", "nonInterestIncome": "None", "otherNonOperatingIncome": "None", "depreciation": "None", "depreciationAndAmortization": "4323049", "incomeBeforeTax": "-28568867", "incomeTaxExpense": "3935456", "interestAndDebtExpense": "None", "netIncomeFromContinuingOperations": "-32394323", "comprehensiveIncomeNetOfTax": "None", "ebit": "-28335869", "ebitda": "-24012820", "netIncome": "-32504323"}, {"fiscalDateEnding": "2020-12-31", "reportedCurrency": "USD", "grossProfit": "-4047577", "totalRevenue": "1059691", "costOfRevenue": "5107268", "costofGoodsAndServicesSold": "5107268", "operatingIncome": "-16447365", "sellingGeneralAndAdministrative": "7562232", "researchAndDevelopment": "3998885", "operatingExpenses": "12399788", "investmentIncomeNet": "None", "netInterestIncome": "-3188953", "interestIncome": "205857", "interestExpense": "3394810", "nonInterestIncome": "None", "otherNonOperatingIncome": "6820949", "depreciation": "None", "depreciationAndAmortization": "4837556", "incomeBeforeTax": "-10255763", "incomeTaxExpense": "5877069", "interestAndDebtExpense": "None", "netIncomeFromContinuingOperations": "-6243122", "comprehensiveIncomeNetOfTax": "None", "ebit": "-6860949", "ebitda": "-2023393", "netIncome": "-10255763"}, {"fiscalDateEnding": "2019-12-31", "reportedCurrency": "USD", "grossProfit": "-5831282", "totalRevenue": "24477707", "costOfRevenue": "30308989", "costofGoodsAndServicesSold": "30308989", "operatingIncome": "-59954174", "sellingGeneralAndAdministrative": "19101188", "researchAndDevelopment": "7236652", "operatingExpenses": "54122892", "investmentIncomeNet": "None", "netInterestIncome": "-10468969", "interestIncome": "164686", "interestExpense": "10633655", "nonInterestIncome": "None", "otherNonOperatingIncome": "None", "depreciation": "None", "depreciationAndAmortization": "6245809", "incomeBeforeTax": "-70918302", "incomeTaxExpense": "12683856", "interestAndDebtExpense": "None", "netIncomeFromContinuingOperations": "-70918302", "comprehensiveIncomeNetOfTax": "None", "ebit": "-60284647", "ebitda": "-54038838", "netIncome": "-70918302"}, {"fiscalDateEnding": "2018-12-31", "reportedCurrency": "USD", "grossProfit": "3357219", "totalRevenue": "31524825", "costOfRevenue": "28167606", "costofGoodsAndServicesSold": "28167606", "operatingIncome": "-12304296", "sellingGeneralAndAdministrative": "11354835", "researchAndDevelopment": "3815235", "operatingExpenses": "15661515", "investmentIncomeNet": "None", "netInterestIncome": "-1795425", "interestIncome": "164166", "interestExpense": "1959591", "nonInterestIncome": "None", "otherNonOperatingIncome": "0", "depreciation": "None", "depreciationAndAmortization": "4306680", "incomeBeforeTax": "-12757312", "incomeTaxExpense": "-724337", "interestAndDebtExpense": "None", "netIncomeFromContinuingOperations": "-12757312", "comprehensiveIncomeNetOfTax": "None", "ebit": "-10797720", "ebitda": "-6491040", "netIncome": "-12908576"}, {"fiscalDateEnding": "2017-12-31", "reportedCurrency": "USD", "grossProfit": "-497582", "totalRevenue": "20820998", "costOfRevenue": "21318580", "costofGoodsAndServicesSold": "21318580", "operatingIncome": "-14018886", "sellingGeneralAndAdministrative": "8922539", "researchAndDevelopment": "6850062", "operatingExpenses": "13271304", "investmentIncomeNet": "None", "netInterestIncome": "-737107", "interestIncome": "298721", "interestExpense": "1035828", "nonInterestIncome": "None", "otherNonOperatingIncome": "0", "depreciation": "None", "depreciationAndAmortization": "3061992", "incomeBeforeTax": "-14025466", "incomeTaxExpense": "343099", "interestAndDebtExpense": "None", "netIncomeFromContinuingOperations": "-14025466", "comprehensiveIncomeNetOfTax": "None", "ebit": "-13493916", "ebitda": "-10431924", "netIncome": "-14368565"}, {"fiscalDateEnding": "2016-12-31", "reportedCurrency": "USD", "grossProfit": "66360", "totalRevenue": "147282", "costOfRevenue": "80922", "costofGoodsAndServicesSold": "80922", "operatingIncome": "-754906", "sellingGeneralAndAdministrative": "338384", "researchAndDevelopment": "1760594", "operatingExpenses": "376884", "investmentIncomeNet": "None", "netInterestIncome": "None", "interestIncome": "36290", "interestExpense": "0", "nonInterestIncome": "None", "otherNonOperatingIncome": "0", "depreciation": "None", "depreciationAndAmortization": "38500", "incomeBeforeTax": "-719163", "incomeTaxExpense": "-1490", "interestAndDebtExpense": "None", "netIncomeFromContinuingOperations": "-719163", "comprehensiveIncomeNetOfTax": "None", "ebit": "-719160", "ebitda": "-680660", "netIncome": "-717673"}, {"fiscalDateEnding": "2015-12-31", "reportedCurrency": "USD", "grossProfit": "2207", "totalRevenue": "62429", "costOfRevenue": "60222", "costofGoodsAndServicesSold": "60222", "operatingIncome": "-404886", "sellingGeneralAndAdministrative": "376926", "researchAndDevelopment": "1760594", "operatingExpenses": "407093", "investmentIncomeNet": "None", "netInterestIncome": "None", "interestIncome": "None", "interestExpense": "0", "nonInterestIncome": "None", "otherNonOperatingIncome": "0", "depreciation": "None", "depreciationAndAmortization": "30167", "incomeBeforeTax": "-444455", "incomeTaxExpense": "-19896", "interestAndDebtExpense": "None", "netIncomeFromContinuingOperations": "-9440558", "comprehensiveIncomeNetOfTax": "None", "ebit": "-404886", "ebitda": "-374719", "netIncome": "-424559"}, {"fiscalDateEnding": "2014-12-31", "reportedCurrency": "USD", "grossProfit": "None", "totalRevenue": "None", "costOfRevenue": "None", "costofGoodsAndServicesSold": "None", "operatingIncome": "-84951", "sellingGeneralAndAdministrative": "84951", "researchAndDevelopment": "None", "operatingExpenses": "84951", "investmentIncomeNet": "None", "netInterestIncome": "None", "interestIncome": "None", "interestExpense": "0", "nonInterestIncome": "None", "otherNonOperatingIncome": "None", "depreciation": "None", "depreciationAndAmortization": "3978", "incomeBeforeTax": "-88930", "incomeTaxExpense": "1", "interestAndDebtExpense": "None", "netIncomeFromContinuingOperations": "None", "comprehensiveIncomeNetOfTax": "None", "ebit": "-84951", "ebitda": "-80973", "netIncome": "-88930"}], "quarterlyReports": [{"fiscalDateEnding": "2025-09-30", "reportedCurrency": "USD", "grossProfit": "3582", "totalRevenue": "50165", "costOfRevenue": "46583", "costofGoodsAndServicesSold": "46583", "operatingIncome": "-4309553", "sellingGeneralAndAdministrative": "2799024", "researchAndDevelopment": "385451", "operatingExpenses": "4313135", "investmentIncomeNet": "None", "netInterestIncome": "-1970279", "interestIncome": "9932", "interestExpense": "1980211", "nonInterestIncome": "None", "otherNonOperatingIncome": "None", "depreciation": "None", "depreciationAndAmortization": "1064567", "incomeBeforeTax": "-6302798", "incomeTaxExpense": "None", "interestAndDebtExpense": "None", "netIncomeFromContinuingOperations": "-6302798", "comprehensiveIncomeNetOfTax": "None", "ebit": "-4322587", "ebitda": "-3258020", "netIncome": "-6302798"}, {"fiscalDateEnding": "2025-06-30", "reportedCurrency": "USD", "grossProfit": "-1502457", "totalRevenue": "13256", "costOfRevenue": "1515713", "costofGoodsAndServicesSold": "1515713", "operatingIncome": "-6710798", "sellingGeneralAndAdministrative": "2522952000", "researchAndDevelopment": "330757", "operatingExpenses": "5208344", "investmentIncomeNet": "None", "netInterestIncome": "-2055685", "interestIncome": "7251", "interestExpense": "2062936", "nonInterestIncome": "None", "otherNonOperatingIncome": "None", "depreciation": "None", "depreciationAndAmortization": "1257493", "incomeBeforeTax": "-8668904", "incomeTaxExpense": "None", "interestAndDebtExpense": "None", "netIncomeFromContinuingOperations": "-8668904", "comprehensiveIncomeNetOfTax": "None", "ebit": "-6605969", "ebitda": "-5348476", "netIncome": "-8666129"}, {"fiscalDateEnding": "2025-03-31", "reportedCurrency": "USD", "grossProfit": "-154373", "totalRevenue": "31927", "costOfRevenue": "186300", "costofGoodsAndServicesSold": "186300", "operatingIncome": "-4983433", "sellingGeneralAndAdministrative": "3379838", "researchAndDevelopment": "325503", "operatingExpenses": "4829060", "investmentIncomeNet": "None", "netInterestIncome": "-1748323", "interestIncome": "4173", "interestExpense": "1752496", "nonInterestIncome": "None", "otherNonOperatingIncome": "None", "depreciation": "None", "depreciationAndAmortization": "1142997", "incomeBeforeTax": "-6656039", "incomeTaxExpense": "None", "interestAndDebtExpense": "None", "netIncomeFromContinuingOperations": "-6656039", "comprehensiveIncomeNetOfTax": "None", "ebit": "-4903543", "ebitda": "-3760546", "netIncome": "-6652763"}, {"fiscalDateEnding": "2024-12-31", "reportedCurrency": "USD", "grossProfit": "1793403", "totalRevenue": "49677", "costOfRevenue": "-1743726", "costofGoodsAndServicesSold": "-1743726", "operatingIncome": "-13193318", "sellingGeneralAndAdministrative": "13888716", "researchAndDevelopment": "None", "operatingExpenses": "13242995", "investmentIncomeNet": "None", "netInterestIncome": "-4920901", "interestIncome": "990662", "interestExpense": "5911563", "nonInterestIncome": "None", "otherNonOperatingIncome": "None", "depreciation": "None", "depreciationAndAmortization": "None", "incomeBeforeTax": "-18287373", "incomeTaxExpense": "None", "interestAndDebtExpense": "None", "netIncomeFromContinuingOperations": "-18287373", "comprehensiveIncomeNetOfTax": "None", "ebit": "None", "ebitda": "None", "netIncome": "-18280447"}, {"fiscalDateEnding": "2024-09-30", "reportedCurrency": "USD", "grossProfit": "-2425923", "totalRevenue": "235443", "costOfRevenue": "2661366", "costofGoodsAndServicesSold": "2661366", "operatingIncome": "-8258336", "sellingGeneralAndAdministrative": "4619123", "researchAndDevelopment": "78809", "operatingExpenses": "5832413", "investmentIncomeNet": "None", "netInterestIncome": "-766951", "interestIncome": "7527", "interestExpense": "774478", "nonInterestIncome": "None", "otherNonOperatingIncome": "None", "depreciation": "None", "depreciationAndAmortization": "1359947", "incomeBeforeTax": "-9222233", "incomeTaxExpense": "-9792782", "interestAndDebtExpense": "None", "netIncomeFromContinuingOperations": "-9222233", "comprehensiveIncomeNetOfTax": "None", "ebit": "-8447754", "ebitda": "-7087807", "netIncome": "-9206768"}, {"fiscalDateEnding": "2024-06-30", "reportedCurrency": "USD", "grossProfit": "-673181", "totalRevenue": "4094", "costOfRevenue": "677276", "costofGoodsAndServicesSold": "677276", "operatingIncome": "-6229418", "sellingGeneralAndAdministrative": "3278714", "researchAndDevelopment": "1198102", "operatingExpenses": "5556237", "investmentIncomeNet": "None", "netInterestIncome": "-415439", "interestIncome": "3054", "interestExpense": "418493", "nonInterestIncome": "None", "otherNonOperatingIncome": "None", "depreciation": "None", "depreciationAndAmortization": "1091201", "incomeBeforeTax": "-6600752", "incomeTaxExpense": "14336", "interestAndDebtExpense": "None", "netIncomeFromContinuingOperations": "-6600752", "comprehensiveIncomeNetOfTax": "None", "ebit": "-6182259", "ebitda": "-5091058", "netIncome": "-6615089"}, {"fiscalDateEnding": "2024-03-31", "reportedCurrency": "USD", "grossProfit": "-891988", "totalRevenue": "94019", "costOfRevenue": "986007", "costofGoodsAndServicesSold": "986007", "operatingIncome": "-6730185", "sellingGeneralAndAdministrative": "4669457", "researchAndDevelopment": "2397140", "operatingExpenses": "5838197", "investmentIncomeNet": "None", "netInterestIncome": "-213360", "interestIncome": "36095", "interestExpense": "249455", "nonInterestIncome": "None", "otherNonOperatingIncome": "None", "depreciation": "None", "depreciationAndAmortization": "905313", "incomeBeforeTax": "-7021123", "incomeTaxExpense": "703404", "interestAndDebtExpense": "None", "netIncomeFromContinuingOperations": "-6225932", "comprehensiveIncomeNetOfTax": "None", "ebit": "-6358444", "ebitda": "-5453131", "netIncome": "-6941363"}, {"fiscalDateEnding": "2023-12-31", "reportedCurrency": "USD", "grossProfit": "-5836966", "totalRevenue": "66404", "costOfRevenue": "5903370", "costofGoodsAndServicesSold": "5903370", "operatingIncome": "-11324130", "sellingGeneralAndAdministrative": "15346774", "researchAndDevelopment": "None", "operatingExpenses": "5487169", "investmentIncomeNet": "None", "netInterestIncome": "66283", "interestIncome": "359729", "interestExpense": "293446", "nonInterestIncome": "None", "otherNonOperatingIncome": "None", "depreciation": "None", "depreciationAndAmortization": "575894", "incomeBeforeTax": "-10584164", "incomeTaxExpense": "-4", "interestAndDebtExpense": "None", "netIncomeFromContinuingOperations": "-10837928", "comprehensiveIncomeNetOfTax": "None", "ebit": "-11324134", "ebitda": "-10748240", "netIncome": "-10584164"}, {"fiscalDateEnding": "2023-09-30", "reportedCurrency": "USD", "grossProfit": "2597746", "totalRevenue": "5808525", "costOfRevenue": "3210779", "costofGoodsAndServicesSold": "3210779", "operatingIncome": "-1850204", "sellingGeneralAndAdministrative": "2079162", "researchAndDevelopment": "1801612", "operatingExpenses": "4447950", "investmentIncomeNet": "None", "netInterestIncome": "-296931", "interestIncome": "2831", "interestExpense": "521439", "nonInterestIncome": "None", "otherNonOperatingIncome": "None", "depreciation": "None", "depreciationAndAmortization": "1142179", "incomeBeforeTax": "-2456538", "incomeTaxExpense": "-4", "interestAndDebtExpense": "None", "netIncomeFromContinuingOperations": "3483635", "comprehensiveIncomeNetOfTax": "None", "ebit": "-2425204", "ebitda": "-1283025", "netIncome": "-2360828"}, {"fiscalDateEnding": "2023-06-30", "reportedCurrency": "USD", "grossProfit": "-2317751", "totalRevenue": "2000689", "costOfRevenue": "4318440", "costofGoodsAndServicesSold": "4318440", "operatingIncome": "-7349793", "sellingGeneralAndAdministrative": "1972273", "researchAndDevelopment": "2666846", "operatingExpenses": "5032042", "investmentIncomeNet": "None", "netInterestIncome": "-166272", "interestIncome": "1553", "interestExpense": "302531", "nonInterestIncome": "None", "otherNonOperatingIncome": "6198445", "depreciation": "None", "depreciationAndAmortization": "1549340", "incomeBeforeTax": "-7821016", "incomeTaxExpense": "1123758", "interestAndDebtExpense": "None", "netIncomeFromContinuingOperations": "-999925", "comprehensiveIncomeNetOfTax": "None", "ebit": "-7518485", "ebitda": "-5969145", "netIncome": "-7629096"}, {"fiscalDateEnding": "2023-03-31", "reportedCurrency": "USD", "grossProfit": "5181000", "totalRevenue": "8868456", "costOfRevenue": "3687456", "costofGoodsAndServicesSold": "3687456", "operatingIncome": "-2635117", "sellingGeneralAndAdministrative": "1614723", "researchAndDevelopment": "5633908", "operatingExpenses": "7816117", "investmentIncomeNet": "None", "netInterestIncome": "-558752", "interestIncome": "17212", "interestExpense": "575964", "nonInterestIncome": "None", "otherNonOperatingIncome": "110212", "depreciation": "None", "depreciationAndAmortization": "319195", "incomeBeforeTax": "-3100869", "incomeTaxExpense": "465752", "interestAndDebtExpense": "None", "netIncomeFromContinuingOperations": "-3100869", "comprehensiveIncomeNetOfTax": "None", "ebit": "-2524905", "ebitda": "-2205710", "netIncome": "-3100869"}, {"fiscalDateEnding": "2022-12-31", "reportedCurrency": "USD", "grossProfit": "-2581149", "totalRevenue": "4684703", "costOfRevenue": "7265852", "costofGoodsAndServicesSold": "7265852", "operatingIncome": "-11249782", "sellingGeneralAndAdministrative": "7701768", "researchAndDevelopment": "15225180", "operatingExpenses": "8668633", "investmentIncomeNet": "None", "netInterestIncome": "-440642", "interestIncome": "16493", "interestExpense": "457135", "nonInterestIncome": "None", "otherNonOperatingIncome": "None", "depreciation": "None", "depreciationAndAmortization": "988760", "incomeBeforeTax": "9020845", "incomeTaxExpense": "1898848", "interestAndDebtExpense": "None", "netIncomeFromContinuingOperations": "9020845", "comprehensiveIncomeNetOfTax": "None", "ebit": "9477980", "ebitda": "10466740", "netIncome": "8957356"}, {"fiscalDateEnding": "2022-09-30", "reportedCurrency": "USD", "grossProfit": "1368365", "totalRevenue": "9509738", "costOfRevenue": "8141373", "costofGoodsAndServicesSold": "8141373", "operatingIncome": "-4632147", "sellingGeneralAndAdministrative": "4730021", "researchAndDevelopment": "3692774", "operatingExpenses": "6000512", "investmentIncomeNet": "None", "netInterestIncome": "-309519", "interestIncome": "1162", "interestExpense": "310681", "nonInterestIncome": "None", "otherNonOperatingIncome": "-326951", "depreciation": "None", "depreciationAndAmortization": "1270491", "incomeBeforeTax": "-5269779", "incomeTaxExpense": "-42939", "interestAndDebtExpense": "None", "netIncomeFromContinuingOperations": "-5269779", "comprehensiveIncomeNetOfTax": "None", "ebit": "-4959102", "ebitda": "-3688611", "netIncome": "-5226840"}, {"fiscalDateEnding": "2022-06-30", "reportedCurrency": "USD", "grossProfit": "9844063", "totalRevenue": "16199204", "costOfRevenue": "6355141", "costofGoodsAndServicesSold": "6355141", "operatingIncome": "-4132722", "sellingGeneralAndAdministrative": "12670939", "researchAndDevelopment": "11532406", "operatingExpenses": "13976785", "investmentIncomeNet": "None", "netInterestIncome": "-271358", "interestIncome": "3282", "interestExpense": "274640", "nonInterestIncome": "None", "otherNonOperatingIncome": "1688888", "depreciation": "None", "depreciationAndAmortization": "1305846", "incomeBeforeTax": "-2443834", "incomeTaxExpense": "-12666", "interestAndDebtExpense": "None", "netIncomeFromContinuingOperations": "-2443834", "comprehensiveIncomeNetOfTax": "None", "ebit": "-2169194", "ebitda": "-863348", "netIncome": "-2431168"}, {"fiscalDateEnding": "2022-03-31", "reportedCurrency": "USD", "grossProfit": "5370287", "totalRevenue": "9080622", "costOfRevenue": "3710335", "costofGoodsAndServicesSold": "3710335", "operatingIncome": "-3983711", "sellingGeneralAndAdministrative": "1371752", "researchAndDevelopment": "6784188", "operatingExpenses": "9353998", "investmentIncomeNet": "None", "netInterestIncome": "-373651", "interestIncome": "10045", "interestExpense": "383696", "nonInterestIncome": "None", "otherNonOperatingIncome": "267622", "depreciation": "None", "depreciationAndAmortization": "929436", "incomeBeforeTax": "-2752902", "incomeTaxExpense": "-7884", "interestAndDebtExpense": "None", "netIncomeFromContinuingOperations": "-3332393", "comprehensiveIncomeNetOfTax": "None", "ebit": "-2369206", "ebitda": "-1439770", "netIncome": "-2745018"}, {"fiscalDateEnding": "2021-12-31", "reportedCurrency": "USD", "grossProfit": "1839451", "totalRevenue": "4537525", "costOfRevenue": "2698074", "costofGoodsAndServicesSold": "2698074", "operatingIncome": "-8822093", "sellingGeneralAndAdministrative": "9557759", "researchAndDevelopment": "8088810", "operatingExpenses": "10661544", "investmentIncomeNet": "None", "netInterestIncome": "-1855612", "interestIncome": "43236", "interestExpense": "1898848", "nonInterestIncome": "None", "otherNonOperatingIncome": "None", "depreciation": "None", "depreciationAndAmortization": "1103785", "incomeBeforeTax": "-10440772", "incomeTaxExpense": "1898848", "interestAndDebtExpense": "None", "netIncomeFromContinuingOperations": "-10440772", "comprehensiveIncomeNetOfTax": "None", "ebit": "-8651927", "ebitda": "-7548142", "netIncome": "-12339620"}, {"fiscalDateEnding": "2021-09-30", "reportedCurrency": "USD", "grossProfit": "-470605", "totalRevenue": "2813923", "costOfRevenue": "3284528", "costofGoodsAndServicesSold": "3284528", "operatingIncome": "-7842882", "sellingGeneralAndAdministrative": "6256200", "researchAndDevelopment": "5142306", "operatingExpenses": "7372277", "investmentIncomeNet": "None", "netInterestIncome": "-1012299", "interestIncome": "85901", "interestExpense": "1098200", "nonInterestIncome": "None", "otherNonOperatingIncome": "-1070639", "depreciation": "None", "depreciationAndAmortization": "810442", "incomeBeforeTax": "-8913521", "incomeTaxExpense": "1039860", "interestAndDebtExpense": "None", "netIncomeFromContinuingOperations": "-8913521", "comprehensiveIncomeNetOfTax": "None", "ebit": "-7815321", "ebitda": "-7004879", "netIncome": "-8913521"}, {"fiscalDateEnding": "2021-06-30", "reportedCurrency": "USD", "grossProfit": "-650592", "totalRevenue": "393210", "costOfRevenue": "1043802", "costofGoodsAndServicesSold": "1043802", "operatingIncome": "-5586102", "sellingGeneralAndAdministrative": "3843175", "researchAndDevelopment": "3055603", "operatingExpenses": "4935510", "investmentIncomeNet": "None", "netInterestIncome": "-617188", "interestIncome": "60220", "interestExpense": "677408", "nonInterestIncome": "None", "otherNonOperatingIncome": "None", "depreciation": "None", "depreciationAndAmortization": "786699", "incomeBeforeTax": "-6650174", "incomeTaxExpense": "230524", "interestAndDebtExpense": "None", "netIncomeFromContinuingOperations": "-6650174", "comprehensiveIncomeNetOfTax": "None", "ebit": "-5972766", "ebitda": "-5186067", "netIncome": "-6650174"}, {"fiscalDateEnding": "2021-03-31", "reportedCurrency": "USD", "grossProfit": "-1358051", "totalRevenue": "10646", "costOfRevenue": "1368697", "costofGoodsAndServicesSold": "1368697", "operatingIncome": "-5972332", "sellingGeneralAndAdministrative": "3603430", "researchAndDevelopment": "1811951", "operatingExpenses": "4614281", "investmentIncomeNet": "None", "netInterestIncome": "-452821", "interestIncome": "41171", "interestExpense": "493992", "nonInterestIncome": "None", "otherNonOperatingIncome": "-417525", "depreciation": "None", "depreciationAndAmortization": "705215", "incomeBeforeTax": "-6389857", "incomeTaxExpense": "529288", "interestAndDebtExpense": "None", "netIncomeFromContinuingOperations": "-6389857", "comprehensiveIncomeNetOfTax": "None", "ebit": "-5895865", "ebitda": "-5190650", "netIncome": "-6389857"}, {"fiscalDateEnding": "2020-12-31", "reportedCurrency": "USD", "grossProfit": "-2098298", "totalRevenue": "13875", "costOfRevenue": "2112173", "costofGoodsAndServicesSold": "2112173", "operatingIncome": "-7146920", "sellingGeneralAndAdministrative": "1217281", "researchAndDevelopment": "2770552", "operatingExpenses": "5048622", "investmentIncomeNet": "None", "netInterestIncome": "-1453776", "interestIncome": "41171", "interestExpense": "1494947", "nonInterestIncome": "None", "otherNonOperatingIncome": "None", "depreciation": "None", "depreciationAndAmortization": "305637", "incomeBeforeTax": "-8426615", "incomeTaxExpense": "5219089", "interestAndDebtExpense": "None", "netIncomeFromContinuingOperations": "-8426614", "comprehensiveIncomeNetOfTax": "None", "ebit": "-7146920", "ebitda": "-6841283", "netIncome": "-8426615"}, {"fiscalDateEnding": "2020-09-30", "reportedCurrency": "USD", "grossProfit": "67350", "totalRevenue": "294646", "costOfRevenue": "227296", "costofGoodsAndServicesSold": "227296", "operatingIncome": "-2234432", "sellingGeneralAndAdministrative": "1101434", "researchAndDevelopment": "792926", "operatingExpenses": "2301782", "investmentIncomeNet": "None", "netInterestIncome": "-341290", "interestIncome": "41172", "interestExpense": "382462", "nonInterestIncome": "None", "otherNonOperatingIncome": "None", "depreciation": "None", "depreciationAndAmortization": "959662", "incomeBeforeTax": "123982", "incomeTaxExpense": "2249666", "interestAndDebtExpense": "None", "netIncomeFromContinuingOperations": "123982", "comprehensiveIncomeNetOfTax": "None", "ebit": "506444", "ebitda": "1466106", "netIncome": "123982"}, {"fiscalDateEnding": "2020-06-30", "reportedCurrency": "USD", "grossProfit": "-525547", "totalRevenue": "226836", "costOfRevenue": "752383", "costofGoodsAndServicesSold": "752383", "operatingIncome": "-2810938", "sellingGeneralAndAdministrative": "1307834", "researchAndDevelopment": "307247", "operatingExpenses": "2285391", "investmentIncomeNet": "None", "netInterestIncome": "-975590", "interestIncome": "41171", "interestExpense": "1016761", "nonInterestIncome": "None", "otherNonOperatingIncome": "None", "depreciation": "None", "depreciationAndAmortization": "606970", "incomeBeforeTax": "1308237", "incomeTaxExpense": "-709423", "interestAndDebtExpense": "None", "netIncomeFromContinuingOperations": "1308237", "comprehensiveIncomeNetOfTax": "None", "ebit": "2324998", "ebitda": "2931968", "netIncome": "1308237"}, {"fiscalDateEnding": "2020-03-31", "reportedCurrency": "USD", "grossProfit": "-1491083", "totalRevenue": "524334", "costOfRevenue": "2015417", "costofGoodsAndServicesSold": "2015417", "operatingIncome": "-4255076", "sellingGeneralAndAdministrative": "1165130", "researchAndDevelopment": "128159", "operatingExpenses": "2763993", "investmentIncomeNet": "None", "netInterestIncome": "-418297", "interestIncome": "82343", "interestExpense": "500640", "nonInterestIncome": "None", "otherNonOperatingIncome": "None", "depreciation": "None", "depreciationAndAmortization": "1228276", "incomeBeforeTax": "-3261368", "incomeTaxExpense": "1912645", "interestAndDebtExpense": "None", "netIncomeFromContinuingOperations": "-3261368", "comprehensiveIncomeNetOfTax": "None", "ebit": "-2760728", "ebitda": "-1532452", "netIncome": "-3261368"}, {"fiscalDateEnding": "2019-12-31", "reportedCurrency": "USD", "grossProfit": "-7565263", "totalRevenue": "6294026", "costOfRevenue": "13859289", "costofGoodsAndServicesSold": "13859289", "operatingIncome": "-12338694", "sellingGeneralAndAdministrative": "2929718", "researchAndDevelopment": "1324063", "operatingExpenses": "4773431", "investmentIncomeNet": "None", "netInterestIncome": "-1236805", "interestIncome": "0", "interestExpense": "1236805", "nonInterestIncome": "None", "otherNonOperatingIncome": "None", "depreciation": "None", "depreciationAndAmortization": "1616952", "incomeBeforeTax": "-40047543", "incomeTaxExpense": "None", "interestAndDebtExpense": "None", "netIncomeFromContinuingOperations": "-40047543", "comprehensiveIncomeNetOfTax": "None", "ebit": "-12338694", "ebitda": "-10721742", "netIncome": "-40047543"}, {"fiscalDateEnding": "2019-09-30", "reportedCurrency": "USD", "grossProfit": "-2057175", "totalRevenue": "1847279", "costOfRevenue": "3904454", "costofGoodsAndServicesSold": "3904454", "operatingIncome": "-7076252", "sellingGeneralAndAdministrative": "3030506", "researchAndDevelopment": "1425024", "operatingExpenses": "5019077", "investmentIncomeNet": "None", "netInterestIncome": "-1038685", "interestIncome": "82343", "interestExpense": "1121028", "nonInterestIncome": "None", "otherNonOperatingIncome": "None", "depreciation": "None", "depreciationAndAmortization": "1667671", "incomeBeforeTax": "-7344532", "incomeTaxExpense": "1891433", "interestAndDebtExpense": "None", "netIncomeFromContinuingOperations": "-7344532", "comprehensiveIncomeNetOfTax": "None", "ebit": "-6223504", "ebitda": "-4555833", "netIncome": "-7344532"}, {"fiscalDateEnding": "2019-06-30", "reportedCurrency": "USD", "grossProfit": "3083601", "totalRevenue": "9342126", "costOfRevenue": "6258525", "costofGoodsAndServicesSold": "6258525", "operatingIncome": "-3354276", "sellingGeneralAndAdministrative": "4510300", "researchAndDevelopment": "2887448", "operatingExpenses": "6437877", "investmentIncomeNet": "None", "netInterestIncome": "-3275935", "interestIncome": "41172", "interestExpense": "3317107", "nonInterestIncome": "None", "otherNonOperatingIncome": "0", "depreciation": "None", "depreciationAndAmortization": "1607479", "incomeBeforeTax": "-8961042", "incomeTaxExpense": "3531636", "interestAndDebtExpense": "None", "netIncomeFromContinuingOperations": "-8961042", "comprehensiveIncomeNetOfTax": "None", "ebit": "-5643935", "ebitda": "-4036456", "netIncome": "-8961042"}, {"fiscalDateEnding": "2019-03-31", "reportedCurrency": "USD", "grossProfit": "-909397", "totalRevenue": "6994276", "costOfRevenue": "7903673", "costofGoodsAndServicesSold": "7903673", "operatingIncome": "-9891406", "sellingGeneralAndAdministrative": "7306601", "researchAndDevelopment": "1600117", "operatingExpenses": "8982009", "investmentIncomeNet": "None", "netInterestIncome": "-417979", "interestIncome": "283680", "interestExpense": "459150", "nonInterestIncome": "None", "otherNonOperatingIncome": "0", "depreciation": "None", "depreciationAndAmortization": "1353707", "incomeBeforeTax": "-10065620", "incomeTaxExpense": "-14", "interestAndDebtExpense": "None", "netIncomeFromContinuingOperations": "-10065620", "comprehensiveIncomeNetOfTax": "None", "ebit": "-9606470", "ebitda": "-8252763", "netIncome": "-10065620"}, {"fiscalDateEnding": "2018-12-31", "reportedCurrency": "USD", "grossProfit": "-1455514", "totalRevenue": "8138141", "costOfRevenue": "9593655", "costofGoodsAndServicesSold": "9593655", "operatingIncome": "-3434438", "sellingGeneralAndAdministrative": "4140869", "researchAndDevelopment": "2092972", "operatingExpenses": "1978924", "investmentIncomeNet": "None", "netInterestIncome": "None", "interestIncome": "None", "interestExpense": "1095487", "nonInterestIncome": "None", "otherNonOperatingIncome": "0", "depreciation": "None", "depreciationAndAmortization": "979434", "incomeBeforeTax": "-4767159", "incomeTaxExpense": "0", "interestAndDebtExpense": "None", "netIncomeFromContinuingOperations": "-4767159", "comprehensiveIncomeNetOfTax": "None", "ebit": "-3434438", "ebitda": "-2455004", "netIncome": "-4767145"}, {"fiscalDateEnding": "2018-09-30", "reportedCurrency": "USD", "grossProfit": "1305903", "totalRevenue": "9038268", "costOfRevenue": "7732365", "costofGoodsAndServicesSold": "7732365", "operatingIncome": "-4181513", "sellingGeneralAndAdministrative": "4116277", "researchAndDevelopment": "2188833", "operatingExpenses": "5487416", "investmentIncomeNet": "None", "netInterestIncome": "None", "interestIncome": "None", "interestExpense": "305655", "nonInterestIncome": "None", "otherNonOperatingIncome": "0", "depreciation": "None", "depreciationAndAmortization": "831368", "incomeBeforeTax": "-3611226", "incomeTaxExpense": "1181597", "interestAndDebtExpense": "None", "netIncomeFromContinuingOperations": "-3611226", "comprehensiveIncomeNetOfTax": "None", "ebit": "-2765802", "ebitda": "-1934434", "netIncome": "-3611226"}, {"fiscalDateEnding": "2018-06-30", "reportedCurrency": "USD", "grossProfit": "1625241", "totalRevenue": "7023040", "costOfRevenue": "5397799", "costofGoodsAndServicesSold": "5397799", "operatingIncome": "-2224802", "sellingGeneralAndAdministrative": "2752296", "researchAndDevelopment": "2032201", "operatingExpenses": "3850043", "investmentIncomeNet": "None", "netInterestIncome": "None", "interestIncome": "None", "interestExpense": "311295", "nonInterestIncome": "None", "otherNonOperatingIncome": "0", "depreciation": "None", "depreciationAndAmortization": "649985", "incomeBeforeTax": "-1837915", "incomeTaxExpense": "22764", "interestAndDebtExpense": "None", "netIncomeFromContinuingOperations": "-2139100.33", "comprehensiveIncomeNetOfTax": "None", "ebit": "-1078857", "ebitda": "-428872", "netIncome": "-1860679"}, {"fiscalDateEnding": "2018-03-31", "reportedCurrency": "USD", "grossProfit": "902155", "totalRevenue": "7325376", "costOfRevenue": "6423221", "costofGoodsAndServicesSold": "6423221", "operatingIncome": "-2463543", "sellingGeneralAndAdministrative": "2438365", "researchAndDevelopment": "1687173", "operatingExpenses": "3365698", "investmentIncomeNet": "None", "netInterestIncome": "None", "interestIncome": "None", "interestExpense": "247154", "nonInterestIncome": "None", "otherNonOperatingIncome": "None", "depreciation": "None", "depreciationAndAmortization": "479571", "incomeBeforeTax": "-2541012", "incomeTaxExpense": "128514", "interestAndDebtExpense": "None", "netIncomeFromContinuingOperations": "-2541012", "comprehensiveIncomeNetOfTax": "None", "ebit": "-2293858", "ebitda": "-1814287", "netIncome": "-2669526"}, {"fiscalDateEnding": "2017-12-31", "reportedCurrency": "USD", "grossProfit": "688878", "totalRevenue": "4351968", "costOfRevenue": "3663090", "costofGoodsAndServicesSold": "3663090", "operatingIncome": "-1584617", "sellingGeneralAndAdministrative": "1206938", "researchAndDevelopment": "1035286", "operatingExpenses": "2243440", "investmentIncomeNet": "None", "netInterestIncome": "None", "interestIncome": "None", "interestExpense": "342683", "nonInterestIncome": "None", "otherNonOperatingIncome": "None", "depreciation": "None", "depreciationAndAmortization": "697154", "incomeBeforeTax": "-1741799", "incomeTaxExpense": "67844", "interestAndDebtExpense": "None", "netIncomeFromContinuingOperations": "-5322763", "comprehensiveIncomeNetOfTax": "None", "ebit": "-1399056", "ebitda": "-701902", "netIncome": "-1809643"}, {"fiscalDateEnding": "2017-09-30", "reportedCurrency": "USD", "grossProfit": "-8336", "totalRevenue": "4351968", "costOfRevenue": "4360304", "costofGoodsAndServicesSold": "4360304", "operatingIncome": "-1554562", "sellingGeneralAndAdministrative": "171652", "researchAndDevelopment": "1035286", "operatingExpenses": "1546226", "investmentIncomeNet": "None", "netInterestIncome": "None", "interestIncome": "None", "interestExpense": "342683", "nonInterestIncome": "None", "otherNonOperatingIncome": "None", "depreciation": "None", "depreciationAndAmortization": "697214", "incomeBeforeTax": "-1741799", "incomeTaxExpense": "0", "interestAndDebtExpense": "None", "netIncomeFromContinuingOperations": "-1741799", "comprehensiveIncomeNetOfTax": "None", "ebit": "-1554562", "ebitda": "-857348", "netIncome": "-1809643"}, {"fiscalDateEnding": "2017-06-30", "reportedCurrency": "USD", "grossProfit": "-1914754", "totalRevenue": "4369998", "costOfRevenue": "6284752", "costofGoodsAndServicesSold": "6284752", "operatingIncome": "-4072105", "sellingGeneralAndAdministrative": "145455", "researchAndDevelopment": "1498190", "operatingExpenses": "2157351", "investmentIncomeNet": "None", "netInterestIncome": "None", "interestIncome": "None", "interestExpense": "96754", "nonInterestIncome": "None", "otherNonOperatingIncome": "None", "depreciation": "None", "depreciationAndAmortization": "699644", "incomeBeforeTax": "-4076276", "incomeTaxExpense": "0", "interestAndDebtExpense": "None", "netIncomeFromContinuingOperations": "-3134873.49", "comprehensiveIncomeNetOfTax": "None", "ebit": "-4072105", "ebitda": "-3372461", "netIncome": "-4140872"}, {"fiscalDateEnding": "2017-03-31", "reportedCurrency": "USD", "grossProfit": "-371375", "totalRevenue": "6612081", "costOfRevenue": "6983456", "costofGoodsAndServicesSold": "6983456", "operatingIncome": "-2933133", "sellingGeneralAndAdministrative": "438492", "researchAndDevelopment": "1795205", "operatingExpenses": "2561758", "investmentIncomeNet": "None", "netInterestIncome": "None", "interestIncome": "None", "interestExpense": "128533", "nonInterestIncome": "None", "otherNonOperatingIncome": "None", "depreciation": "None", "depreciationAndAmortization": "459644", "incomeBeforeTax": "-3040610", "incomeTaxExpense": "0", "interestAndDebtExpense": "None", "netIncomeFromContinuingOperations": "-3040610", "comprehensiveIncomeNetOfTax": "None", "ebit": "-2933133", "ebitda": "-2473489", "netIncome": "-3217588"}, {"fiscalDateEnding": "2016-12-31", "reportedCurrency": "USD", "grossProfit": "20170", "totalRevenue": "56129", "costOfRevenue": "35959", "costofGoodsAndServicesSold": "35959", "operatingIncome": "-16563", "sellingGeneralAndAdministrative": "36483", "researchAndDevelopment": "105970", "operatingExpenses": "36733", "investmentIncomeNet": "None", "netInterestIncome": "None", "interestIncome": "None", "interestExpense": "None", "nonInterestIncome": "None", "otherNonOperatingIncome": "None", "depreciation": "None", "depreciationAndAmortization": "250", "incomeBeforeTax": "-15279", "incomeTaxExpense": "5293", "interestAndDebtExpense": "None", "netIncomeFromContinuingOperations": "None", "comprehensiveIncomeNetOfTax": "None", "ebit": "-16563", "ebitda": "-16313", "netIncome": "-20572"}, {"fiscalDateEnding": "2016-09-30", "reportedCurrency": "USD", "grossProfit": "-42546", "totalRevenue": "-37518", "costOfRevenue": "5028", "costofGoodsAndServicesSold": "5028", "operatingIncome": "-229264", "sellingGeneralAndAdministrative": "186468", "researchAndDevelopment": "None", "operatingExpenses": "186718", "investmentIncomeNet": "None", "netInterestIncome": "None", "interestIncome": "None", "interestExpense": "None", "nonInterestIncome": "None", "otherNonOperatingIncome": "None", "depreciation": "None", "depreciationAndAmortization": "250", "incomeBeforeTax": "-672082", "incomeTaxExpense": "None", "interestAndDebtExpense": "None", "netIncomeFromContinuingOperations": "None", "comprehensiveIncomeNetOfTax": "None", "ebit": "-229264", "ebitda": "-229014", "netIncome": "-721858"}, {"fiscalDateEnding": "2016-06-30", "reportedCurrency": "USD", "grossProfit": "18142", "totalRevenue": "39938", "costOfRevenue": "21796", "costofGoodsAndServicesSold": "21796", "operatingIncome": "-51734", "sellingGeneralAndAdministrative": "57126", "researchAndDevelopment": "168250", "operatingExpenses": "69876", "investmentIncomeNet": "None", "netInterestIncome": "None", "interestIncome": "None", "interestExpense": "None", "nonInterestIncome": "None", "otherNonOperatingIncome": "None", "depreciation": "None", "depreciationAndAmortization": "12750", "incomeBeforeTax": "-28537", "incomeTaxExpense": "-77505", "interestAndDebtExpense": "None", "netIncomeFromContinuingOperations": "None", "comprehensiveIncomeNetOfTax": "None", "ebit": "-28538", "ebitda": "-15788", "netIncome": "48968"}, {"fiscalDateEnding": "2016-03-31", "reportedCurrency": "USD", "grossProfit": "24533", "totalRevenue": "59997", "costOfRevenue": "35464", "costofGoodsAndServicesSold": "35464", "operatingIncome": "-27471", "sellingGeneralAndAdministrative": "39254", "researchAndDevelopment": "1187861", "operatingExpenses": "52004", "investmentIncomeNet": "None", "netInterestIncome": "None", "interestIncome": "None", "interestExpense": "None", "nonInterestIncome": "None", "otherNonOperatingIncome": "None", "depreciation": "None", "depreciationAndAmortization": "12750", "incomeBeforeTax": "-1353", "incomeTaxExpense": "730", "interestAndDebtExpense": "None", "netIncomeFromContinuingOperations": "None", "comprehensiveIncomeNetOfTax": "None", "ebit": "-1354", "ebitda": "11396", "netIncome": "-2083"}, {"fiscalDateEnding": "2015-12-31", "reportedCurrency": "USD", "grossProfit": "66230", "totalRevenue": "84865", "costOfRevenue": "18635", "costofGoodsAndServicesSold": "18635", "operatingIncome": "-2808", "sellingGeneralAndAdministrative": "56288", "researchAndDevelopment": "None", "operatingExpenses": "69038", "investmentIncomeNet": "None", "netInterestIncome": "None", "interestIncome": "None", "interestExpense": "None", "nonInterestIncome": "None", "otherNonOperatingIncome": "None", "depreciation": "None", "depreciationAndAmortization": "12750", "incomeBeforeTax": "-18568", "incomeTaxExpense": "24090", "interestAndDebtExpense": "None", "netIncomeFromContinuingOperations": "None", "comprehensiveIncomeNetOfTax": "None", "ebit": "-2308", "ebitda": "10442", "netIncome": "-42658"}, {"fiscalDateEnding": "2015-09-30", "reportedCurrency": "USD", "grossProfit": "-31225", "totalRevenue": "16638", "costOfRevenue": "47863", "costofGoodsAndServicesSold": "47863", "operatingIncome": "-207675", "sellingGeneralAndAdministrative": "163700", "researchAndDevelopment": "None", "operatingExpenses": "176450", "investmentIncomeNet": "None", "netInterestIncome": "None", "interestIncome": "None", "interestExpense": "None", "nonInterestIncome": "None", "otherNonOperatingIncome": "None", "depreciation": "None", "depreciationAndAmortization": "12750", "incomeBeforeTax": "-246743", "incomeTaxExpense": "-26112", "interestAndDebtExpense": "None", "netIncomeFromContinuingOperations": "None", "comprehensiveIncomeNetOfTax": "None", "ebit": "-207675", "ebitda": "-194925", "netIncome": "-220631"}, {"fiscalDateEnding": "2015-06-30", "reportedCurrency": "USD", "grossProfit": "32579", "totalRevenue": "32591", "costOfRevenue": "12", "costofGoodsAndServicesSold": "12", "operatingIncome": "-143583", "sellingGeneralAndAdministrative": "163412", "researchAndDevelopment": "None", "operatingExpenses": "176162", "investmentIncomeNet": "None", "netInterestIncome": "None", "interestIncome": "None", "interestExpense": "None", "nonInterestIncome": "None", "otherNonOperatingIncome": "None", "depreciation": "None", "depreciationAndAmortization": "12750", "incomeBeforeTax": "-143407", "incomeTaxExpense": "8501", "interestAndDebtExpense": "None", "netIncomeFromContinuingOperations": "None", "comprehensiveIncomeNetOfTax": "None", "ebit": "-143583", "ebitda": "-130833", "netIncome": "-151908"}, {"fiscalDateEnding": "2015-03-31", "reportedCurrency": "USD", "grossProfit": "853", "totalRevenue": "13200", "costOfRevenue": "12347", "costofGoodsAndServicesSold": "12347", "operatingIncome": "-19603", "sellingGeneralAndAdministrative": "20456", "researchAndDevelopment": "None", "operatingExpenses": "20456", "investmentIncomeNet": "None", "netInterestIncome": "None", "interestIncome": "None", "interestExpense": "None", "nonInterestIncome": "None", "otherNonOperatingIncome": "None", "depreciation": "None", "depreciationAndAmortization": "4417", "incomeBeforeTax": "-19603", "incomeTaxExpense": "-2285", "interestAndDebtExpense": "None", "netIncomeFromContinuingOperations": "None", "comprehensiveIncomeNetOfTax": "None", "ebit": "-19603", "ebitda": "-15186", "netIncome": "-17318"}, {"fiscalDateEnding": "2014-12-31", "reportedCurrency": "USD", "grossProfit": "-250", "totalRevenue": "None", "costOfRevenue": "250", "costofGoodsAndServicesSold": "250", "operatingIncome": "-28000", "sellingGeneralAndAdministrative": "27750", "researchAndDevelopment": "None", "operatingExpenses": "28000", "investmentIncomeNet": "None", "netInterestIncome": "None", "interestIncome": "None", "interestExpense": "None", "nonInterestIncome": "None", "otherNonOperatingIncome": "None", "depreciation": "None", "depreciationAndAmortization": "250", "incomeBeforeTax": "-28718", "incomeTaxExpense": "2218", "interestAndDebtExpense": "None", "netIncomeFromContinuingOperations": "None", "comprehensiveIncomeNetOfTax": "None", "ebit": "-28000", "ebitda": "-27750", "netIncome": "-28718"}, {"fiscalDateEnding": "2014-09-30", "reportedCurrency": "USD", "grossProfit": "None", "totalRevenue": "None", "costOfRevenue": "None", "costofGoodsAndServicesSold": "None", "operatingIncome": "-14120", "sellingGeneralAndAdministrative": "14120", "researchAndDevelopment": "None", "operatingExpenses": "14120", "investmentIncomeNet": "None", "netInterestIncome": "None", "interestIncome": "None", "interestExpense": "None", "nonInterestIncome": "None", "otherNonOperatingIncome": "None", "depreciation": "None", "depreciationAndAmortization": "4696", "incomeBeforeTax": "-18817", "incomeTaxExpense": "1", "interestAndDebtExpense": "None", "netIncomeFromContinuingOperations": "None", "comprehensiveIncomeNetOfTax": "None", "ebit": "-14120", "ebitda": "-9424", "netIncome": "-18817"}, {"fiscalDateEnding": "2014-06-30", "reportedCurrency": "USD", "grossProfit": "None", "totalRevenue": "None", "costOfRevenue": "None", "costofGoodsAndServicesSold": "None", "operatingIncome": "-28529", "sellingGeneralAndAdministrative": "28529", "researchAndDevelopment": "None", "operatingExpenses": "28529", "investmentIncomeNet": "None", "netInterestIncome": "None", "interestIncome": "None", "interestExpense": "None", "nonInterestIncome": "None", "otherNonOperatingIncome": "None", "depreciation": "None", "depreciationAndAmortization": "-718", "incomeBeforeTax": "-27811", "incomeTaxExpense": "None", "interestAndDebtExpense": "None", "netIncomeFromContinuingOperations": "None", "comprehensiveIncomeNetOfTax": "None", "ebit": "-27811", "ebitda": "-28529", "netIncome": "-27811"}, {"fiscalDateEnding": "2014-03-31", "reportedCurrency": "USD", "grossProfit": "None", "totalRevenue": "None", "costOfRevenue": "None", "costofGoodsAndServicesSold": "None", "operatingIncome": "-14525", "sellingGeneralAndAdministrative": "14525", "researchAndDevelopment": "None", "operatingExpenses": "14525", "investmentIncomeNet": "None", "netInterestIncome": "None", "interestIncome": "None", "interestExpense": "None", "nonInterestIncome": "None", "otherNonOperatingIncome": "None", "depreciation": "None", "depreciationAndAmortization": "None", "incomeBeforeTax": "-14525", "incomeTaxExpense": "None", "interestAndDebtExpense": "None", "netIncomeFromContinuingOperations": "None", "comprehensiveIncomeNetOfTax": "None", "ebit": "None", "ebitda": "-14525", "netIncome": "-14525"}, {"fiscalDateEnding": "2013-12-31", "reportedCurrency": "USD", "grossProfit": "None", "totalRevenue": "None", "costOfRevenue": "None", "costofGoodsAndServicesSold": "None", "operatingIncome": "-27778", "sellingGeneralAndAdministrative": "27778", "researchAndDevelopment": "None", "operatingExpenses": "27778", "investmentIncomeNet": "None", "netInterestIncome": "None", "interestIncome": "None", "interestExpense": "None", "nonInterestIncome": "None", "otherNonOperatingIncome": "None", "depreciation": "None", "depreciationAndAmortization": "None", "incomeBeforeTax": "-27778", "incomeTaxExpense": "None", "interestAndDebtExpense": "None", "netIncomeFromContinuingOperations": "None", "comprehensiveIncomeNetOfTax": "None", "ebit": "None", "ebitda": "-27778", "netIncome": "-27778"}]}