{"symbol": "EW", "annualReports": [{"fiscalDateEnding": "2025-12-31", "reportedCurrency": "USD", "grossProfit": "4740700000", "totalRevenue": "6067600000", "costOfRevenue": "1326900000", "costofGoodsAndServicesSold": "1326900000", "operatingIncome": "1636200000", "sellingGeneralAndAdministrative": "2085200000", "researchAndDevelopment": "1079200000", "operatingExpenses": "3104500000", "investmentIncomeNet": "None", "netInterestIncome": "None", "interestIncome": "148400000", "interestExpense": "None", "nonInterestIncome": "None", "otherNonOperatingIncome": "None", "depreciation": "None", "depreciationAndAmortization": "None", "incomeBeforeTax": "1272900000", "incomeTaxExpense": "216900000", "interestAndDebtExpense": "None", "netIncomeFromContinuingOperations": "None", "comprehensiveIncomeNetOfTax": "None", "ebit": "None", "ebitda": "1272900000", "netIncome": "1073500000"}, {"fiscalDateEnding": "2024-12-31", "reportedCurrency": "USD", "grossProfit": "4322000000", "totalRevenue": "5439500000", "costOfRevenue": "1117500000", "costofGoodsAndServicesSold": "1117500000", "operatingIncome": "1378700000", "sellingGeneralAndAdministrative": "1789200000", "researchAndDevelopment": "1053000000", "operatingExpenses": "2943300000", "investmentIncomeNet": "None", "netInterestIncome": "100500000", "interestIncome": "120300000", "interestExpense": "19800000", "nonInterestIncome": "None", "otherNonOperatingIncome": "None", "depreciation": "None", "depreciationAndAmortization": "155200000", "incomeBeforeTax": "1548100000", "incomeTaxExpense": "152100000", "interestAndDebtExpense": "None", "netIncomeFromContinuingOperations": "1396000000", "comprehensiveIncomeNetOfTax": "None", "ebit": "1567900000", "ebitda": "1723100000", "netIncome": "4174600000"}, {"fiscalDateEnding": "2023-12-31", "reportedCurrency": "USD", "grossProfit": "4625000000", "totalRevenue": "6004800000", "costOfRevenue": "1379800000", "costofGoodsAndServicesSold": "1379800000", "operatingIncome": "1534100000", "sellingGeneralAndAdministrative": "1755600000", "researchAndDevelopment": "1071800000", "operatingExpenses": "2896400000", "investmentIncomeNet": "None", "netInterestIncome": "40700000", "interestIncome": "67200000", "interestExpense": "17600000", "nonInterestIncome": "None", "otherNonOperatingIncome": "None", "depreciation": "None", "depreciationAndAmortization": "144900000", "incomeBeforeTax": "1598100000", "incomeTaxExpense": "198700000", "interestAndDebtExpense": "None", "netIncomeFromContinuingOperations": "1428100000", "comprehensiveIncomeNetOfTax": "None", "ebit": "1534100000", "ebitda": "1534100000", "netIncome": "1402400000"}, {"fiscalDateEnding": "2022-12-31", "reportedCurrency": "USD", "grossProfit": "4215200000", "totalRevenue": "5382400000", "costOfRevenue": "1167200000", "costofGoodsAndServicesSold": "1167200000", "operatingIncome": "1702400000", "sellingGeneralAndAdministrative": "1566500000", "researchAndDevelopment": "945200000", "operatingExpenses": "2512800000", "investmentIncomeNet": "None", "netInterestIncome": "16300000", "interestIncome": "16300000", "interestExpense": "26200000", "nonInterestIncome": "None", "otherNonOperatingIncome": "38100000", "depreciation": "None", "depreciationAndAmortization": "166800000", "incomeBeforeTax": "1767400000", "incomeTaxExpense": "245500000", "interestAndDebtExpense": "None", "netIncomeFromContinuingOperations": "1521900000", "comprehensiveIncomeNetOfTax": "None", "ebit": "1793600000", "ebitda": "1960400000", "netIncome": "1521900000"}, {"fiscalDateEnding": "2021-12-31", "reportedCurrency": "USD", "grossProfit": "4006600000", "totalRevenue": "5232500000", "costOfRevenue": "1225900000", "costofGoodsAndServicesSold": "1225900000", "operatingIncome": "1610400000", "sellingGeneralAndAdministrative": "1494000000", "researchAndDevelopment": "903100000", "operatingExpenses": "2396200000", "investmentIncomeNet": "None", "netInterestIncome": "-1000000", "interestIncome": "1000000", "interestExpense": "24800000", "nonInterestIncome": "None", "otherNonOperatingIncome": "30100000", "depreciation": "None", "depreciationAndAmortization": "163300000", "incomeBeforeTax": "1702000000", "incomeTaxExpense": "198900000", "interestAndDebtExpense": "None", "netIncomeFromContinuingOperations": "1503100000", "comprehensiveIncomeNetOfTax": "None", "ebit": "1726800000", "ebitda": "1890100000", "netIncome": "1503100000"}, {"fiscalDateEnding": "2020-12-31", "reportedCurrency": "USD", "grossProfit": "3287300000", "totalRevenue": "4386300000", "costOfRevenue": "1099000000", "costofGoodsAndServicesSold": "1099000000", "operatingIncome": "1296000000", "sellingGeneralAndAdministrative": "1228400000", "researchAndDevelopment": "760700000", "operatingExpenses": "1991300000", "investmentIncomeNet": "None", "netInterestIncome": "7600000", "interestIncome": "7600000", "interestExpense": "22200000", "nonInterestIncome": "None", "otherNonOperatingIncome": "34900000", "depreciation": "None", "depreciationAndAmortization": "135400000", "incomeBeforeTax": "916700000", "incomeTaxExpense": "93300000", "interestAndDebtExpense": "None", "netIncomeFromContinuingOperations": "823400000", "comprehensiveIncomeNetOfTax": "None", "ebit": "938900000", "ebitda": "1074300000", "netIncome": "823400000"}, {"fiscalDateEnding": "2019-12-31", "reportedCurrency": "USD", "grossProfit": "3192700000", "totalRevenue": "4348000000", "costOfRevenue": "1155300000", "costofGoodsAndServicesSold": "1155300000", "operatingIncome": "1197900000", "sellingGeneralAndAdministrative": "1242200000", "researchAndDevelopment": "752700000", "operatingExpenses": "1994800000", "investmentIncomeNet": "None", "netInterestIncome": "11500000", "interestIncome": "32200000", "interestExpense": "27300000", "nonInterestIncome": "None", "otherNonOperatingIncome": "40400000", "depreciation": "None", "depreciationAndAmortization": "114600000", "incomeBeforeTax": "1166500000", "incomeTaxExpense": "119600000", "interestAndDebtExpense": "None", "netIncomeFromContinuingOperations": "1046900000", "comprehensiveIncomeNetOfTax": "None", "ebit": "1193800000", "ebitda": "1308400000", "netIncome": "1046900000"}, {"fiscalDateEnding": "2018-12-31", "reportedCurrency": "USD", "grossProfit": "2800700000", "totalRevenue": "3722800000", "costOfRevenue": "922100000", "costofGoodsAndServicesSold": "922100000", "operatingIncome": "1092300000", "sellingGeneralAndAdministrative": "1088500000", "researchAndDevelopment": "622200000", "operatingExpenses": "1708400000", "investmentIncomeNet": "None", "netInterestIncome": "2100000", "interestIncome": "32000000", "interestExpense": "33400000", "nonInterestIncome": "None", "otherNonOperatingIncome": "36000000", "depreciation": "None", "depreciationAndAmortization": "77400000", "incomeBeforeTax": "761400000", "incomeTaxExpense": "39200000", "interestAndDebtExpense": "None", "netIncomeFromContinuingOperations": "722200000", "comprehensiveIncomeNetOfTax": "None", "ebit": "794800000", "ebitda": "872200000", "netIncome": "722200000"}, {"fiscalDateEnding": "2017-12-31", "reportedCurrency": "USD", "grossProfit": "2552400000", "totalRevenue": "3435300000", "costOfRevenue": "882900000", "costofGoodsAndServicesSold": "882900000", "operatingIncome": "1010100000", "sellingGeneralAndAdministrative": "984700000", "researchAndDevelopment": "552600000", "operatingExpenses": "1542300000", "investmentIncomeNet": "None", "netInterestIncome": "-2900000", "interestIncome": "20300000", "interestExpense": "23200000", "nonInterestIncome": "None", "otherNonOperatingIncome": "12100000", "depreciation": "None", "depreciationAndAmortization": "81900000", "incomeBeforeTax": "1034900000", "incomeTaxExpense": "451300000", "interestAndDebtExpense": "None", "netIncomeFromContinuingOperations": "583600000", "comprehensiveIncomeNetOfTax": "None", "ebit": "1058100000", "ebitda": "1140000000", "netIncome": "622100000"}, {"fiscalDateEnding": "2016-12-31", "reportedCurrency": "USD", "grossProfit": "2157900000", "totalRevenue": "2963700000", "costOfRevenue": "805800000", "costofGoodsAndServicesSold": "805800000", "operatingIncome": "815500000", "sellingGeneralAndAdministrative": "904700000", "researchAndDevelopment": "442200000", "operatingExpenses": "1342400000", "investmentIncomeNet": "None", "netInterestIncome": "-8400000", "interestIncome": "10800000", "interestExpense": "18000000", "nonInterestIncome": "None", "otherNonOperatingIncome": "5900000", "depreciation": "None", "depreciationAndAmortization": "71200000", "incomeBeforeTax": "737900000", "incomeTaxExpense": "168400000", "interestAndDebtExpense": "None", "netIncomeFromContinuingOperations": "569500000", "comprehensiveIncomeNetOfTax": "None", "ebit": "755900000", "ebitda": "827100000", "netIncome": "569500000"}, {"fiscalDateEnding": "2015-12-31", "reportedCurrency": "USD", "grossProfit": "1809400000", "totalRevenue": "2493700000", "costOfRevenue": "684300000", "costofGoodsAndServicesSold": "684300000", "operatingIncome": "575900000", "sellingGeneralAndAdministrative": "850700000", "researchAndDevelopment": "383100000", "operatingExpenses": "1233500000", "investmentIncomeNet": "None", "netInterestIncome": "None", "interestIncome": "None", "interestExpense": "18400000", "nonInterestIncome": "None", "otherNonOperatingIncome": "3900000", "depreciation": "None", "depreciationAndAmortization": "65800000", "incomeBeforeTax": "622400000", "incomeTaxExpense": "127500000", "interestAndDebtExpense": "None", "netIncomeFromContinuingOperations": "494900000", "comprehensiveIncomeNetOfTax": "None", "ebit": "640800000", "ebitda": "706600000", "netIncome": "494900000"}, {"fiscalDateEnding": "2014-12-31", "reportedCurrency": "USD", "grossProfit": "1691700000", "totalRevenue": "2322900000", "costOfRevenue": "631200000", "costofGoodsAndServicesSold": "631200000", "operatingIncome": "487200000", "sellingGeneralAndAdministrative": "858000000", "researchAndDevelopment": "346500000", "operatingExpenses": "1204500000", "investmentIncomeNet": "None", "netInterestIncome": "None", "interestIncome": "None", "interestExpense": "21600000", "nonInterestIncome": "None", "otherNonOperatingIncome": "-1300000", "depreciation": "None", "depreciationAndAmortization": "68600000", "incomeBeforeTax": "1144000000", "incomeTaxExpense": "332900000", "interestAndDebtExpense": "None", "netIncomeFromContinuingOperations": "811100000", "comprehensiveIncomeNetOfTax": "None", "ebit": "1165600000", "ebitda": "1234200000", "netIncome": "811100000"}, {"fiscalDateEnding": "2013-12-31", "reportedCurrency": "USD", "grossProfit": "1501600000", "totalRevenue": "2045500000", "costOfRevenue": "543900000", "costofGoodsAndServicesSold": "543900000", "operatingIncome": "433000000", "sellingGeneralAndAdministrative": "745600000", "researchAndDevelopment": "323000000", "operatingExpenses": "1068599999", "investmentIncomeNet": "None", "netInterestIncome": "None", "interestIncome": "None", "interestExpense": "5800000", "nonInterestIncome": "None", "otherNonOperatingIncome": "3300000", "depreciation": "None", "depreciationAndAmortization": "68700000", "incomeBeforeTax": "515299999", "incomeTaxExpense": "123600000", "interestAndDebtExpense": "None", "netIncomeFromContinuingOperations": "391700000", "comprehensiveIncomeNetOfTax": "None", "ebit": "521100000", "ebitda": "589800000", "netIncome": "391700000"}, {"fiscalDateEnding": "2012-12-31", "reportedCurrency": "USD", "grossProfit": "1392800000", "totalRevenue": "1899600000", "costOfRevenue": "506800000", "costofGoodsAndServicesSold": "506800000", "operatingIncome": "396700000", "sellingGeneralAndAdministrative": "705300000", "researchAndDevelopment": "291300000", "operatingExpenses": "996100000", "investmentIncomeNet": "None", "netInterestIncome": "None", "interestIncome": "None", "interestExpense": "4400000", "nonInterestIncome": "None", "otherNonOperatingIncome": "3100000", "depreciation": "None", "depreciationAndAmortization": "57300000", "incomeBeforeTax": "391100000", "incomeTaxExpense": "97900000", "interestAndDebtExpense": "None", "netIncomeFromContinuingOperations": "293200000", "comprehensiveIncomeNetOfTax": "None", "ebit": "395500000", "ebitda": "452800000", "netIncome": "293200000"}, {"fiscalDateEnding": "2011-12-31", "reportedCurrency": "USD", "grossProfit": "1217800000", "totalRevenue": "1678600000", "costOfRevenue": "460800000", "costofGoodsAndServicesSold": "460800000", "operatingIncome": "329100000", "sellingGeneralAndAdministrative": "642400000", "researchAndDevelopment": "246300000", "operatingExpenses": "888700000", "investmentIncomeNet": "None", "netInterestIncome": "None", "interestIncome": "None", "interestExpense": "3100000", "nonInterestIncome": "None", "otherNonOperatingIncome": "8200000", "depreciation": "None", "depreciationAndAmortization": "58000000", "incomeBeforeTax": "283600000", "incomeTaxExpense": "46900000", "interestAndDebtExpense": "None", "netIncomeFromContinuingOperations": "236700000", "comprehensiveIncomeNetOfTax": "None", "ebit": "286700000", "ebitda": "344700000", "netIncome": "236700000"}, {"fiscalDateEnding": "2010-12-31", "reportedCurrency": "USD", "grossProfit": "1036900000", "totalRevenue": "1447000000", "costOfRevenue": "410100000", "costofGoodsAndServicesSold": "410100000", "operatingIncome": "282500000", "sellingGeneralAndAdministrative": "550000000", "researchAndDevelopment": "204400000", "operatingExpenses": "754400000", "investmentIncomeNet": "None", "netInterestIncome": "None", "interestIncome": "None", "interestExpense": "2400000", "nonInterestIncome": "None", "otherNonOperatingIncome": "9000000", "depreciation": "None", "depreciationAndAmortization": "56500000", "incomeBeforeTax": "268200000", "incomeTaxExpense": "50200000", "interestAndDebtExpense": "None", "netIncomeFromContinuingOperations": "218000000", "comprehensiveIncomeNetOfTax": "None", "ebit": "270600000", "ebitda": "327100000", "netIncome": "218000000"}, {"fiscalDateEnding": "2009-12-31", "reportedCurrency": "USD", "grossProfit": "922300000", "totalRevenue": "1321400000", "costOfRevenue": "399100000", "costofGoodsAndServicesSold": "399100000", "operatingIncome": "238000000", "sellingGeneralAndAdministrative": "508800000", "researchAndDevelopment": "175500000", "operatingExpenses": "684300000", "investmentIncomeNet": "None", "netInterestIncome": "None", "interestIncome": "None", "interestExpense": "1100000", "nonInterestIncome": "None", "otherNonOperatingIncome": "None", "depreciation": "None", "depreciationAndAmortization": "58700000", "incomeBeforeTax": "304400000", "incomeTaxExpense": "75300000", "interestAndDebtExpense": "None", "netIncomeFromContinuingOperations": "None", "comprehensiveIncomeNetOfTax": "None", "ebit": "238000000", "ebitda": "296700000", "netIncome": "229100000"}, {"fiscalDateEnding": "2008-12-31", "reportedCurrency": "USD", "grossProfit": "828800000", "totalRevenue": "1237700000", "costOfRevenue": "408900000", "costofGoodsAndServicesSold": "408900000", "operatingIncome": "209000000", "sellingGeneralAndAdministrative": "480600000", "researchAndDevelopment": "139200000", "operatingExpenses": "619800000", "investmentIncomeNet": "None", "netInterestIncome": "None", "interestIncome": "None", "interestExpense": "7200000", "nonInterestIncome": "None", "otherNonOperatingIncome": "None", "depreciation": "None", "depreciationAndAmortization": "55600000", "incomeBeforeTax": "164400000", "incomeTaxExpense": "35500000", "interestAndDebtExpense": "None", "netIncomeFromContinuingOperations": "None", "comprehensiveIncomeNetOfTax": "None", "ebit": "171600000", "ebitda": "227200000", "netIncome": "128900000"}, {"fiscalDateEnding": "2007-12-31", "reportedCurrency": "USD", "grossProfit": "709800000", "totalRevenue": "1091100000", "costOfRevenue": "381300000", "costofGoodsAndServicesSold": "381300000", "operatingIncome": "169500000", "sellingGeneralAndAdministrative": "418000000", "researchAndDevelopment": "122300000", "operatingExpenses": "540300000", "investmentIncomeNet": "None", "netInterestIncome": "None", "interestIncome": "None", "interestExpense": "9100000", "nonInterestIncome": "None", "otherNonOperatingIncome": "None", "depreciation": "None", "depreciationAndAmortization": "54800000", "incomeBeforeTax": "149800000", "incomeTaxExpense": "36800000", "interestAndDebtExpense": "None", "netIncomeFromContinuingOperations": "None", "comprehensiveIncomeNetOfTax": "None", "ebit": "158900000", "ebitda": "213700000", "netIncome": "113000000"}, {"fiscalDateEnding": "2006-12-31", "reportedCurrency": "USD", "grossProfit": "653700000", "totalRevenue": "1037000000", "costOfRevenue": "383300000", "costofGoodsAndServicesSold": "383300000", "operatingIncome": "163500000", "sellingGeneralAndAdministrative": "376000000", "researchAndDevelopment": "114200000", "operatingExpenses": "490200000", "investmentIncomeNet": "None", "netInterestIncome": "None", "interestIncome": "None", "interestExpense": "10500000", "nonInterestIncome": "None", "otherNonOperatingIncome": "None", "depreciation": "None", "depreciationAndAmortization": "56800000", "incomeBeforeTax": "172300000", "incomeTaxExpense": "41800000", "interestAndDebtExpense": "None", "netIncomeFromContinuingOperations": "None", "comprehensiveIncomeNetOfTax": "None", "ebit": "182800000", "ebitda": "239600000", "netIncome": "130500000"}], "quarterlyReports": [{"fiscalDateEnding": "2025-12-31", "reportedCurrency": "USD", "grossProfit": "1229000000", "totalRevenue": "1569600000", "costOfRevenue": "340600000", "costofGoodsAndServicesSold": "340600000", "operatingIncome": "370300000", "sellingGeneralAndAdministrative": "602900000", "researchAndDevelopment": "267700000", "operatingExpenses": "858700000", "investmentIncomeNet": "None", "netInterestIncome": "None", "interestIncome": "35900000", "interestExpense": "None", "nonInterestIncome": "None", "otherNonOperatingIncome": "None", "depreciation": "None", "depreciationAndAmortization": "None", "incomeBeforeTax": "90400000", "incomeTaxExpense": "26200000", "interestAndDebtExpense": "None", "netIncomeFromContinuingOperations": "None", "comprehensiveIncomeNetOfTax": "None", "ebit": "None", "ebitda": "90400000", "netIncome": "91200000"}, {"fiscalDateEnding": "2025-09-30", "reportedCurrency": "USD", "grossProfit": "1209600000", "totalRevenue": "1553100000", "costOfRevenue": "345200000", "costofGoodsAndServicesSold": "345200000", "operatingIncome": "425100000", "sellingGeneralAndAdministrative": "514600000", "researchAndDevelopment": "280700000", "operatingExpenses": "784500000", "investmentIncomeNet": "None", "netInterestIncome": "38600000", "interestIncome": "38600000", "interestExpense": "None", "nonInterestIncome": "None", "otherNonOperatingIncome": "None", "depreciation": "None", "depreciationAndAmortization": "39200000", "incomeBeforeTax": "348400000", "incomeTaxExpense": "56100000", "interestAndDebtExpense": "None", "netIncomeFromContinuingOperations": "292300000", "comprehensiveIncomeNetOfTax": "None", "ebit": "348400000", "ebitda": "387600000", "netIncome": "291100000"}, {"fiscalDateEnding": "2025-06-30", "reportedCurrency": "USD", "grossProfit": "1189600000", "totalRevenue": "1532200000", "costOfRevenue": "342600000", "costofGoodsAndServicesSold": "342600000", "operatingIncome": "430900000", "sellingGeneralAndAdministrative": "502000000", "researchAndDevelopment": "276200000", "operatingExpenses": "758700000", "investmentIncomeNet": "None", "netInterestIncome": "37400000", "interestIncome": "37400000", "interestExpense": "None", "nonInterestIncome": "None", "otherNonOperatingIncome": "None", "depreciation": "None", "depreciationAndAmortization": "38100000", "incomeBeforeTax": "400200000", "incomeTaxExpense": "64300000", "interestAndDebtExpense": "None", "netIncomeFromContinuingOperations": "335900000", "comprehensiveIncomeNetOfTax": "None", "ebit": "362100000", "ebitda": "400200000", "netIncome": "329800000"}, {"fiscalDateEnding": "2025-03-31", "reportedCurrency": "USD", "grossProfit": "1111100000", "totalRevenue": "1412700000", "costOfRevenue": "301600000", "costofGoodsAndServicesSold": "301600000", "operatingIncome": "394800000", "sellingGeneralAndAdministrative": "465700000", "researchAndDevelopment": "254600000", "operatingExpenses": "716300000", "investmentIncomeNet": "None", "netInterestIncome": "36500000", "interestIncome": "36500000", "interestExpense": "None", "nonInterestIncome": "None", "otherNonOperatingIncome": "None", "depreciation": "None", "depreciationAndAmortization": "36600000", "incomeBeforeTax": "433900000", "incomeTaxExpense": "70300000", "interestAndDebtExpense": "None", "netIncomeFromContinuingOperations": "363600000", "comprehensiveIncomeNetOfTax": "None", "ebit": "433900000", "ebitda": "470500000", "netIncome": "358000000"}, {"fiscalDateEnding": "2024-12-31", "reportedCurrency": "USD", "grossProfit": "1093600000", "totalRevenue": "1385800000", "costOfRevenue": "292200000", "costofGoodsAndServicesSold": "292200000", "operatingIncome": "312600000", "sellingGeneralAndAdministrative": "491900000", "researchAndDevelopment": "271100000", "operatingExpenses": "781000000", "investmentIncomeNet": "None", "netInterestIncome": "44200000", "interestIncome": "64000000", "interestExpense": "None", "nonInterestIncome": "None", "otherNonOperatingIncome": "None", "depreciation": "None", "depreciationAndAmortization": "42600000", "incomeBeforeTax": "390100000", "incomeTaxExpense": "45100000", "interestAndDebtExpense": "None", "netIncomeFromContinuingOperations": "345000000", "comprehensiveIncomeNetOfTax": "None", "ebit": "441100000", "ebitda": "483700000", "netIncome": "385600000"}, {"fiscalDateEnding": "2024-09-30", "reportedCurrency": "USD", "grossProfit": "1091500000", "totalRevenue": "1354400000", "costOfRevenue": "262900000", "costofGoodsAndServicesSold": "262900000", "operatingIncome": "350600000", "sellingGeneralAndAdministrative": "421400000", "researchAndDevelopment": "253400000", "operatingExpenses": "740900000", "investmentIncomeNet": "None", "netInterestIncome": "24300000", "interestIncome": "24300000", "interestExpense": "None", "nonInterestIncome": "None", "otherNonOperatingIncome": "None", "depreciation": "None", "depreciationAndAmortization": "34500000", "incomeBeforeTax": "402800000", "incomeTaxExpense": "40700000", "interestAndDebtExpense": "None", "netIncomeFromContinuingOperations": "362100000", "comprehensiveIncomeNetOfTax": "None", "ebit": "394300000", "ebitda": "428800000", "netIncome": "3070800000"}, {"fiscalDateEnding": "2024-06-30", "reportedCurrency": "USD", "grossProfit": "1088100000", "totalRevenue": "1385900000", "costOfRevenue": "297800000", "costofGoodsAndServicesSold": "297800000", "operatingIncome": "364700000", "sellingGeneralAndAdministrative": "450800000", "researchAndDevelopment": "272600000", "operatingExpenses": "723400000", "investmentIncomeNet": "None", "netInterestIncome": "15500000", "interestIncome": "15500000", "interestExpense": "None", "nonInterestIncome": "None", "otherNonOperatingIncome": "None", "depreciation": "None", "depreciationAndAmortization": "39600000", "incomeBeforeTax": "386600000", "incomeTaxExpense": "20200000", "interestAndDebtExpense": "None", "netIncomeFromContinuingOperations": "366400000", "comprehensiveIncomeNetOfTax": "None", "ebit": "386600000", "ebitda": "426200000", "netIncome": "363700000"}, {"fiscalDateEnding": "2024-03-31", "reportedCurrency": "USD", "grossProfit": "1040599999", "totalRevenue": "1329900000", "costOfRevenue": "289300000", "costofGoodsAndServicesSold": "289300000", "operatingIncome": "355500000", "sellingGeneralAndAdministrative": "489700000", "researchAndDevelopment": "256700000", "operatingExpenses": "685100000", "investmentIncomeNet": "None", "netInterestIncome": "16500000", "interestIncome": "None", "interestExpense": "None", "nonInterestIncome": "None", "otherNonOperatingIncome": "None", "depreciation": "None", "depreciationAndAmortization": "38500000", "incomeBeforeTax": "371200000", "incomeTaxExpense": "46300000", "interestAndDebtExpense": "None", "netIncomeFromContinuingOperations": "351000000", "comprehensiveIncomeNetOfTax": "None", "ebit": "371200000", "ebitda": "409700000", "netIncome": "351900000"}, {"fiscalDateEnding": "2023-12-31", "reportedCurrency": "USD", "grossProfit": "1015400000", "totalRevenue": "1266400000", "costOfRevenue": "251000000", "costofGoodsAndServicesSold": "251000000", "operatingIncome": "356700000", "sellingGeneralAndAdministrative": "478800000", "researchAndDevelopment": "242100000", "operatingExpenses": "658700000", "investmentIncomeNet": "None", "netInterestIncome": "16800000", "interestIncome": "None", "interestExpense": "27800000", "nonInterestIncome": "None", "otherNonOperatingIncome": "None", "depreciation": "None", "depreciationAndAmortization": "36700000", "incomeBeforeTax": "367200000", "incomeTaxExpense": "34100000", "interestAndDebtExpense": "None", "netIncomeFromContinuingOperations": "369700000", "comprehensiveIncomeNetOfTax": "None", "ebit": "367200000", "ebitda": "403900000", "netIncome": "369900000"}, {"fiscalDateEnding": "2023-09-30", "reportedCurrency": "USD", "grossProfit": "971200000", "totalRevenue": "1243400000", "costOfRevenue": "272200000", "costofGoodsAndServicesSold": "272200000", "operatingIncome": "346500000", "sellingGeneralAndAdministrative": "439600000", "researchAndDevelopment": "242800000", "operatingExpenses": "624700000", "investmentIncomeNet": "None", "netInterestIncome": "15100000", "interestIncome": "15100000", "interestExpense": "None", "nonInterestIncome": "None", "otherNonOperatingIncome": "None", "depreciation": "None", "depreciationAndAmortization": "36900000", "incomeBeforeTax": "387600000", "incomeTaxExpense": "52700000", "interestAndDebtExpense": "None", "netIncomeFromContinuingOperations": "383700000", "comprehensiveIncomeNetOfTax": "None", "ebit": "387600000", "ebitda": "424500000", "netIncome": "384900000"}, {"fiscalDateEnding": "2023-06-30", "reportedCurrency": "USD", "grossProfit": "1024700000", "totalRevenue": "1295500000", "costOfRevenue": "270800000", "costofGoodsAndServicesSold": "270800000", "operatingIncome": "370600000", "sellingGeneralAndAdministrative": "468700000", "researchAndDevelopment": "243700000", "operatingExpenses": "654100000", "investmentIncomeNet": "None", "netInterestIncome": "9100000", "interestIncome": "9100000", "interestExpense": "9100000", "nonInterestIncome": "None", "otherNonOperatingIncome": "2200000", "depreciation": "None", "depreciationAndAmortization": "36100000", "incomeBeforeTax": "275100000", "incomeTaxExpense": "20900000", "interestAndDebtExpense": "None", "netIncomeFromContinuingOperations": "305500000", "comprehensiveIncomeNetOfTax": "None", "ebit": "275100000", "ebitda": "311200000", "netIncome": "307100000"}, {"fiscalDateEnding": "2023-03-31", "reportedCurrency": "USD", "grossProfit": "1100300000", "totalRevenue": "1459600000", "costOfRevenue": "359300000", "costofGoodsAndServicesSold": "359300000", "operatingIncome": "402800000", "sellingGeneralAndAdministrative": "437000000", "researchAndDevelopment": "261200000", "operatingExpenses": "697500000", "investmentIncomeNet": "None", "netInterestIncome": "8600000", "interestIncome": "8600000", "interestExpense": "10200000", "nonInterestIncome": "None", "otherNonOperatingIncome": "1600000", "depreciation": "None", "depreciationAndAmortization": "42000000", "incomeBeforeTax": "398600000", "incomeTaxExpense": "58100000", "interestAndDebtExpense": "None", "netIncomeFromContinuingOperations": "340500000", "comprehensiveIncomeNetOfTax": "None", "ebit": "398600000", "ebitda": "440600000", "netIncome": "340500000"}, {"fiscalDateEnding": "2022-12-31", "reportedCurrency": "USD", "grossProfit": "1052700000", "totalRevenue": "1348300000", "costOfRevenue": "295600000", "costofGoodsAndServicesSold": "295600000", "operatingIncome": "409500000", "sellingGeneralAndAdministrative": "411000000", "researchAndDevelopment": "232200000", "operatingExpenses": "643200000", "investmentIncomeNet": "None", "netInterestIncome": "7900000", "interestIncome": "7900000", "interestExpense": "7900000", "nonInterestIncome": "None", "otherNonOperatingIncome": "39100000", "depreciation": "None", "depreciationAndAmortization": "42000000", "incomeBeforeTax": "459300000", "incomeTaxExpense": "60900000", "interestAndDebtExpense": "None", "netIncomeFromContinuingOperations": "398400000", "comprehensiveIncomeNetOfTax": "None", "ebit": "459300000", "ebitda": "501300000", "netIncome": "398400000"}, {"fiscalDateEnding": "2022-09-30", "reportedCurrency": "USD", "grossProfit": "1038099999", "totalRevenue": "1319000000", "costOfRevenue": "280900000", "costofGoodsAndServicesSold": "280900000", "operatingIncome": "427200000", "sellingGeneralAndAdministrative": "377300000", "researchAndDevelopment": "233600000", "operatingExpenses": "610900000", "investmentIncomeNet": "None", "netInterestIncome": "6900000", "interestIncome": "6900000", "interestExpense": "6900000", "nonInterestIncome": "None", "otherNonOperatingIncome": "-2000000", "depreciation": "None", "depreciationAndAmortization": "42100000", "incomeBeforeTax": "407300000", "incomeTaxExpense": "63800000", "interestAndDebtExpense": "None", "netIncomeFromContinuingOperations": "343500000", "comprehensiveIncomeNetOfTax": "None", "ebit": "407300000", "ebitda": "449400000", "netIncome": "343500000"}, {"fiscalDateEnding": "2022-06-30", "reportedCurrency": "USD", "grossProfit": "1088200000", "totalRevenue": "1373900000", "costOfRevenue": "285700000", "costofGoodsAndServicesSold": "285700000", "operatingIncome": "428400000", "sellingGeneralAndAdministrative": "388100000", "researchAndDevelopment": "250800000", "operatingExpenses": "659800000", "investmentIncomeNet": "None", "netInterestIncome": "900000", "interestIncome": "3700000", "interestExpense": "1100000", "nonInterestIncome": "None", "otherNonOperatingIncome": "4300000", "depreciation": "None", "depreciationAndAmortization": "40900000", "incomeBeforeTax": "464700000", "incomeTaxExpense": "58300000", "interestAndDebtExpense": "None", "netIncomeFromContinuingOperations": "406400000", "comprehensiveIncomeNetOfTax": "None", "ebit": "465800000", "ebitda": "506700000", "netIncome": "406400000"}, {"fiscalDateEnding": "2022-03-31", "reportedCurrency": "USD", "grossProfit": "1034599999", "totalRevenue": "1341200000", "costOfRevenue": "306600000", "costofGoodsAndServicesSold": "306600000", "operatingIncome": "435700000", "sellingGeneralAndAdministrative": "370300000", "researchAndDevelopment": "228600000", "operatingExpenses": "598900000", "investmentIncomeNet": "None", "netInterestIncome": "600000", "interestIncome": "600000", "interestExpense": "1000000", "nonInterestIncome": "None", "otherNonOperatingIncome": "-3300000", "depreciation": "None", "depreciationAndAmortization": "41800000", "incomeBeforeTax": "436100000", "incomeTaxExpense": "62500000", "interestAndDebtExpense": "None", "netIncomeFromContinuingOperations": "373600000", "comprehensiveIncomeNetOfTax": "None", "ebit": "437100000", "ebitda": "478900000", "netIncome": "373600000"}, {"fiscalDateEnding": "2021-12-31", "reportedCurrency": "USD", "grossProfit": "1018600000", "totalRevenue": "1329700000", "costOfRevenue": "311100000", "costofGoodsAndServicesSold": "311100000", "operatingIncome": "361800000", "sellingGeneralAndAdministrative": "424000000", "researchAndDevelopment": "232800000", "operatingExpenses": "656800000", "investmentIncomeNet": "None", "netInterestIncome": "500000", "interestIncome": "500000", "interestExpense": "1200000", "nonInterestIncome": "None", "otherNonOperatingIncome": "18800000", "depreciation": "None", "depreciationAndAmortization": "40100000", "incomeBeforeTax": "376300000", "incomeTaxExpense": "41000000", "interestAndDebtExpense": "None", "netIncomeFromContinuingOperations": "335300000", "comprehensiveIncomeNetOfTax": "None", "ebit": "377500000", "ebitda": "417600000", "netIncome": "335300000"}, {"fiscalDateEnding": "2021-09-30", "reportedCurrency": "USD", "grossProfit": "1009300000", "totalRevenue": "1310200000", "costOfRevenue": "300900000", "costofGoodsAndServicesSold": "300900000", "operatingIncome": "407200000", "sellingGeneralAndAdministrative": "364400000", "researchAndDevelopment": "238000000", "operatingExpenses": "602100000", "investmentIncomeNet": "None", "netInterestIncome": "-800000", "interestIncome": "800000", "interestExpense": "2400000", "nonInterestIncome": "None", "otherNonOperatingIncome": "1400000", "depreciation": "None", "depreciationAndAmortization": "40700000", "incomeBeforeTax": "390900000", "incomeTaxExpense": "50800000", "interestAndDebtExpense": "None", "netIncomeFromContinuingOperations": "340100000", "comprehensiveIncomeNetOfTax": "None", "ebit": "393300000", "ebitda": "434000000", "netIncome": "340100000"}, {"fiscalDateEnding": "2021-06-30", "reportedCurrency": "USD", "grossProfit": "1050000000", "totalRevenue": "1376000000", "costOfRevenue": "326000000", "costofGoodsAndServicesSold": "326000000", "operatingIncome": "450600000", "sellingGeneralAndAdministrative": "374500000", "researchAndDevelopment": "225300000", "operatingExpenses": "599400000", "investmentIncomeNet": "None", "netInterestIncome": "-1000000", "interestIncome": "3100000", "interestExpense": "2500000", "nonInterestIncome": "None", "otherNonOperatingIncome": "4400000", "depreciation": "None", "depreciationAndAmortization": "42800000", "incomeBeforeTax": "545500000", "incomeTaxExpense": "56000000", "interestAndDebtExpense": "None", "netIncomeFromContinuingOperations": "489500000", "comprehensiveIncomeNetOfTax": "None", "ebit": "548000000", "ebitda": "590800000", "netIncome": "489500000"}, {"fiscalDateEnding": "2021-03-31", "reportedCurrency": "USD", "grossProfit": "928700000", "totalRevenue": "1216600000", "costOfRevenue": "287900000", "costofGoodsAndServicesSold": "287900000", "operatingIncome": "390800000", "sellingGeneralAndAdministrative": "326300000", "researchAndDevelopment": "207000000", "operatingExpenses": "537900000", "investmentIncomeNet": "None", "netInterestIncome": "300000", "interestIncome": "300000", "interestExpense": "1300000", "nonInterestIncome": "None", "otherNonOperatingIncome": "5500000", "depreciation": "None", "depreciationAndAmortization": "39700000", "incomeBeforeTax": "389300000", "incomeTaxExpense": "51100000", "interestAndDebtExpense": "None", "netIncomeFromContinuingOperations": "338200000", "comprehensiveIncomeNetOfTax": "None", "ebit": "390600000", "ebitda": "430300000", "netIncome": "338200000"}, {"fiscalDateEnding": "2020-12-31", "reportedCurrency": "USD", "grossProfit": "896700000", "totalRevenue": "1191700000", "costOfRevenue": "295000000", "costofGoodsAndServicesSold": "295000000", "operatingIncome": "362300000", "sellingGeneralAndAdministrative": "307800000", "researchAndDevelopment": "195700000", "operatingExpenses": "534400000", "investmentIncomeNet": "None", "netInterestIncome": "500000", "interestIncome": "500000", "interestExpense": "1000000", "nonInterestIncome": "None", "otherNonOperatingIncome": "27600000", "depreciation": "None", "depreciationAndAmortization": "40100000", "incomeBeforeTax": "356100000", "incomeTaxExpense": "46600000", "interestAndDebtExpense": "None", "netIncomeFromContinuingOperations": "309500000", "comprehensiveIncomeNetOfTax": "None", "ebit": "357100000", "ebitda": "397200000", "netIncome": "309500000"}, {"fiscalDateEnding": "2020-09-30", "reportedCurrency": "USD", "grossProfit": "854000000", "totalRevenue": "1140900000", "costOfRevenue": "286900000", "costofGoodsAndServicesSold": "286900000", "operatingIncome": "351000000", "sellingGeneralAndAdministrative": "307200000", "researchAndDevelopment": "195500000", "operatingExpenses": "503000000", "investmentIncomeNet": "None", "netInterestIncome": "800000", "interestIncome": "6100000", "interestExpense": "800000", "nonInterestIncome": "None", "otherNonOperatingIncome": "5700000", "depreciation": "None", "depreciationAndAmortization": "33000000", "incomeBeforeTax": "364300000", "incomeTaxExpense": "39100000", "interestAndDebtExpense": "None", "netIncomeFromContinuingOperations": "325200000", "comprehensiveIncomeNetOfTax": "None", "ebit": "365100000", "ebitda": "398100000", "netIncome": "325200000"}, {"fiscalDateEnding": "2020-06-30", "reportedCurrency": "USD", "grossProfit": "679100000", "totalRevenue": "925000000", "costOfRevenue": "245900000", "costofGoodsAndServicesSold": "245900000", "operatingIncome": "221200000", "sellingGeneralAndAdministrative": "274900000", "researchAndDevelopment": "182100000", "operatingExpenses": "457900000", "investmentIncomeNet": "None", "netInterestIncome": "1800000", "interestIncome": "1800000", "interestExpense": "1800000", "nonInterestIncome": "None", "otherNonOperatingIncome": "-300000", "depreciation": "None", "depreciationAndAmortization": "31100000", "incomeBeforeTax": "-168200000", "incomeTaxExpense": "-46300000", "interestAndDebtExpense": "None", "netIncomeFromContinuingOperations": "-121900000", "comprehensiveIncomeNetOfTax": "None", "ebit": "-168200000", "ebitda": "-137100000", "netIncome": "-121900000"}, {"fiscalDateEnding": "2020-03-31", "reportedCurrency": "USD", "grossProfit": "857500000", "totalRevenue": "1128700000", "costOfRevenue": "271200000", "costofGoodsAndServicesSold": "271200000", "operatingIncome": "361500000", "sellingGeneralAndAdministrative": "307800000", "researchAndDevelopment": "187400000", "operatingExpenses": "496000000", "investmentIncomeNet": "None", "netInterestIncome": "4500000", "interestIncome": "4500000", "interestExpense": "4500000", "nonInterestIncome": "None", "otherNonOperatingIncome": "1900000", "depreciation": "None", "depreciationAndAmortization": "31200000", "incomeBeforeTax": "364500000", "incomeTaxExpense": "53900000", "interestAndDebtExpense": "None", "netIncomeFromContinuingOperations": "310600000", "comprehensiveIncomeNetOfTax": "None", "ebit": "364500000", "ebitda": "395700000", "netIncome": "310600000"}, {"fiscalDateEnding": "2019-12-31", "reportedCurrency": "USD", "grossProfit": "878700000", "totalRevenue": "1174100000", "costOfRevenue": "295400000", "costofGoodsAndServicesSold": "295400000", "operatingIncome": "337100000", "sellingGeneralAndAdministrative": "347200000", "researchAndDevelopment": "193900000", "operatingExpenses": "541600000", "investmentIncomeNet": "None", "netInterestIncome": "4300000", "interestIncome": "4300000", "interestExpense": "27900000", "nonInterestIncome": "None", "otherNonOperatingIncome": "32600000", "depreciation": "None", "depreciationAndAmortization": "30500000", "incomeBeforeTax": "315500000", "incomeTaxExpense": "35300000", "interestAndDebtExpense": "None", "netIncomeFromContinuingOperations": "280200000", "comprehensiveIncomeNetOfTax": "None", "ebit": "315500000", "ebitda": "346000000", "netIncome": "280200000"}, {"fiscalDateEnding": "2019-09-30", "reportedCurrency": "USD", "grossProfit": "788800000", "totalRevenue": "1094000000", "costOfRevenue": "305200000", "costofGoodsAndServicesSold": "305200000", "operatingIncome": "286500000", "sellingGeneralAndAdministrative": "306200000", "researchAndDevelopment": "195500000", "operatingExpenses": "502300000", "investmentIncomeNet": "None", "netInterestIncome": "2800000", "interestIncome": "10700000", "interestExpense": "2800000", "nonInterestIncome": "None", "otherNonOperatingIncome": "4600000", "depreciation": "None", "depreciationAndAmortization": "30000000", "incomeBeforeTax": "301700000", "incomeTaxExpense": "27000000", "interestAndDebtExpense": "None", "netIncomeFromContinuingOperations": "274700000", "comprehensiveIncomeNetOfTax": "None", "ebit": "301700000", "ebitda": "331700000", "netIncome": "274700000"}, {"fiscalDateEnding": "2019-06-30", "reportedCurrency": "USD", "grossProfit": "771600000", "totalRevenue": "1086900000", "costOfRevenue": "315300000", "costofGoodsAndServicesSold": "315300000", "operatingIncome": "270700000", "sellingGeneralAndAdministrative": "308500000", "researchAndDevelopment": "191900000", "operatingExpenses": "500900000", "investmentIncomeNet": "None", "netInterestIncome": "2400000", "interestIncome": "2400000", "interestExpense": "2400000", "nonInterestIncome": "None", "otherNonOperatingIncome": "1400000", "depreciation": "None", "depreciationAndAmortization": "27800000", "incomeBeforeTax": "271300000", "incomeTaxExpense": "29000000", "interestAndDebtExpense": "None", "netIncomeFromContinuingOperations": "242300000", "comprehensiveIncomeNetOfTax": "None", "ebit": "271300000", "ebitda": "299100000", "netIncome": "242300000"}, {"fiscalDateEnding": "2019-03-31", "reportedCurrency": "USD", "grossProfit": "753600000", "totalRevenue": "993000000", "costOfRevenue": "239400000", "costofGoodsAndServicesSold": "239400000", "operatingIncome": "301600000", "sellingGeneralAndAdministrative": "280300000", "researchAndDevelopment": "171400000", "operatingExpenses": "452000000", "investmentIncomeNet": "None", "netInterestIncome": "2000000", "interestIncome": "2000000", "interestExpense": "2000000", "nonInterestIncome": "None", "otherNonOperatingIncome": "1800000", "depreciation": "None", "depreciationAndAmortization": "26300000", "incomeBeforeTax": "278000000", "incomeTaxExpense": "28300000", "interestAndDebtExpense": "None", "netIncomeFromContinuingOperations": "249700000", "comprehensiveIncomeNetOfTax": "None", "ebit": "278000000", "ebitda": "304300000", "netIncome": "249700000"}, {"fiscalDateEnding": "2018-12-31", "reportedCurrency": "USD", "grossProfit": "741500000", "totalRevenue": "977700000", "costOfRevenue": "236200000", "costofGoodsAndServicesSold": "236200000", "operatingIncome": "290100000", "sellingGeneralAndAdministrative": "288100000", "researchAndDevelopment": "163100000", "operatingExpenses": "451400000", "investmentIncomeNet": "None", "netInterestIncome": "None", "interestIncome": "None", "interestExpense": "1800000", "nonInterestIncome": "None", "otherNonOperatingIncome": "33700000", "depreciation": "None", "depreciationAndAmortization": "19900000", "incomeBeforeTax": "-1800000", "incomeTaxExpense": "-8800000", "interestAndDebtExpense": "None", "netIncomeFromContinuingOperations": "7000000", "comprehensiveIncomeNetOfTax": "None", "ebit": "-1800000", "ebitda": "18100000", "netIncome": "7000000"}, {"fiscalDateEnding": "2018-09-30", "reportedCurrency": "USD", "grossProfit": "686300000", "totalRevenue": "906600000", "costOfRevenue": "220300000", "costofGoodsAndServicesSold": "220300000", "operatingIncome": "255400000", "sellingGeneralAndAdministrative": "269500000", "researchAndDevelopment": "161800000", "operatingExpenses": "430900000", "investmentIncomeNet": "None", "netInterestIncome": "None", "interestIncome": "None", "interestExpense": "2100000", "nonInterestIncome": "None", "otherNonOperatingIncome": "300000", "depreciation": "None", "depreciationAndAmortization": "19200000", "incomeBeforeTax": "248700000", "incomeTaxExpense": "22800000", "interestAndDebtExpense": "None", "netIncomeFromContinuingOperations": "225900000", "comprehensiveIncomeNetOfTax": "None", "ebit": "250800000", "ebitda": "270000000", "netIncome": "225900000"}, {"fiscalDateEnding": "2018-06-30", "reportedCurrency": "USD", "grossProfit": "710200000", "totalRevenue": "943700000", "costOfRevenue": "233500000", "costofGoodsAndServicesSold": "233500000", "operatingIncome": "282200000", "sellingGeneralAndAdministrative": "274900000", "researchAndDevelopment": "154100000", "operatingExpenses": "428000000", "investmentIncomeNet": "None", "netInterestIncome": "None", "interestIncome": "None", "interestExpense": "200000", "nonInterestIncome": "None", "otherNonOperatingIncome": "-1100000", "depreciation": "None", "depreciationAndAmortization": "19200000", "incomeBeforeTax": "251000000", "incomeTaxExpense": "-31700000", "interestAndDebtExpense": "None", "netIncomeFromContinuingOperations": "282700000", "comprehensiveIncomeNetOfTax": "None", "ebit": "251200000", "ebitda": "270400000", "netIncome": "282700000"}, {"fiscalDateEnding": "2018-03-31", "reportedCurrency": "USD", "grossProfit": "662700000", "totalRevenue": "894800000", "costOfRevenue": "232100000", "costofGoodsAndServicesSold": "232100000", "operatingIncome": "264600000", "sellingGeneralAndAdministrative": "256000000", "researchAndDevelopment": "143200000", "operatingExpenses": "398100000", "investmentIncomeNet": "None", "netInterestIncome": "None", "interestIncome": "None", "interestExpense": "800000", "nonInterestIncome": "None", "otherNonOperatingIncome": "3100000", "depreciation": "None", "depreciationAndAmortization": "19100000", "incomeBeforeTax": "263500000", "incomeTaxExpense": "56900000", "interestAndDebtExpense": "None", "netIncomeFromContinuingOperations": "206600000", "comprehensiveIncomeNetOfTax": "None", "ebit": "263500000", "ebitda": "282600000", "netIncome": "206600000"}, {"fiscalDateEnding": "2017-12-31", "reportedCurrency": "USD", "grossProfit": "653400000", "totalRevenue": "888500000", "costOfRevenue": "235100000", "costofGoodsAndServicesSold": "235100000", "operatingIncome": "241400000", "sellingGeneralAndAdministrative": "266700000", "researchAndDevelopment": "146600000", "operatingExpenses": "412000000", "investmentIncomeNet": "None", "netInterestIncome": "None", "interestIncome": "None", "interestExpense": "1000000", "nonInterestIncome": "None", "otherNonOperatingIncome": "19500000", "depreciation": "None", "depreciationAndAmortization": "21200000", "incomeBeforeTax": "323900000", "incomeTaxExpense": "326700000", "interestAndDebtExpense": "None", "netIncomeFromContinuingOperations": "-2800000", "comprehensiveIncomeNetOfTax": "None", "ebit": "321700000", "ebitda": "342900000", "netIncome": "35700000"}, {"fiscalDateEnding": "2017-09-30", "reportedCurrency": "USD", "grossProfit": "605100000", "totalRevenue": "821500000", "costOfRevenue": "216400000", "costofGoodsAndServicesSold": "216400000", "operatingIncome": "218000000", "sellingGeneralAndAdministrative": "244600000", "researchAndDevelopment": "142900000", "operatingExpenses": "387100000", "investmentIncomeNet": "None", "netInterestIncome": "None", "interestIncome": "None", "interestExpense": "100000", "nonInterestIncome": "None", "otherNonOperatingIncome": "-1600000", "depreciation": "None", "depreciationAndAmortization": "20700000", "incomeBeforeTax": "211800000", "incomeTaxExpense": "41700000", "interestAndDebtExpense": "None", "netIncomeFromContinuingOperations": "170100000", "comprehensiveIncomeNetOfTax": "None", "ebit": "211800000", "ebitda": "232500000", "netIncome": "170100000"}, {"fiscalDateEnding": "2017-06-30", "reportedCurrency": "USD", "grossProfit": "632900000", "totalRevenue": "841800000", "costOfRevenue": "208900000", "costofGoodsAndServicesSold": "208900000", "operatingIncome": "254800000", "sellingGeneralAndAdministrative": "243800000", "researchAndDevelopment": "134400000", "operatingExpenses": "378100000", "investmentIncomeNet": "None", "netInterestIncome": "None", "interestIncome": "None", "interestExpense": "1500000", "nonInterestIncome": "None", "otherNonOperatingIncome": "-3500000", "depreciation": "None", "depreciationAndAmortization": "18900000", "incomeBeforeTax": "205600000", "incomeTaxExpense": "19500000", "interestAndDebtExpense": "None", "netIncomeFromContinuingOperations": "186100000", "comprehensiveIncomeNetOfTax": "None", "ebit": "207100000", "ebitda": "226000000", "netIncome": "186100000"}, {"fiscalDateEnding": "2017-03-31", "reportedCurrency": "USD", "grossProfit": "665400000", "totalRevenue": "883500000", "costOfRevenue": "218100000", "costofGoodsAndServicesSold": "218100000", "operatingIncome": "307600000", "sellingGeneralAndAdministrative": "229600000", "researchAndDevelopment": "128699999", "operatingExpenses": "357800000", "investmentIncomeNet": "None", "netInterestIncome": "None", "interestIncome": "None", "interestExpense": "2500000", "nonInterestIncome": "None", "otherNonOperatingIncome": "-2300000", "depreciation": "None", "depreciationAndAmortization": "21100000", "incomeBeforeTax": "293600000", "incomeTaxExpense": "63400000", "interestAndDebtExpense": "None", "netIncomeFromContinuingOperations": "230200000", "comprehensiveIncomeNetOfTax": "None", "ebit": "296100000", "ebitda": "317200000", "netIncome": "230200000"}, {"fiscalDateEnding": "2016-12-31", "reportedCurrency": "USD", "grossProfit": "557400000", "totalRevenue": "767700000", "costOfRevenue": "210300000", "costofGoodsAndServicesSold": "210300000", "operatingIncome": "208900000", "sellingGeneralAndAdministrative": "233600000", "researchAndDevelopment": "114900000", "operatingExpenses": "348500000", "investmentIncomeNet": "None", "netInterestIncome": "None", "interestIncome": "None", "interestExpense": "8600000", "nonInterestIncome": "None", "otherNonOperatingIncome": "11500000", "depreciation": "None", "depreciationAndAmortization": "19100000", "incomeBeforeTax": "200400000", "incomeTaxExpense": "41900000", "interestAndDebtExpense": "None", "netIncomeFromContinuingOperations": "158500000", "comprehensiveIncomeNetOfTax": "None", "ebit": "209000000", "ebitda": "228100000", "netIncome": "158500000"}, {"fiscalDateEnding": "2016-09-30", "reportedCurrency": "USD", "grossProfit": "541300000", "totalRevenue": "739400000", "costOfRevenue": "198100000", "costofGoodsAndServicesSold": "198100000", "operatingIncome": "198800000", "sellingGeneralAndAdministrative": "229600000", "researchAndDevelopment": "113000000", "operatingExpenses": "342500000", "investmentIncomeNet": "None", "netInterestIncome": "None", "interestIncome": "None", "interestExpense": "2100000", "nonInterestIncome": "None", "otherNonOperatingIncome": "-1500000", "depreciation": "None", "depreciationAndAmortization": "18200000", "incomeBeforeTax": "185200000", "incomeTaxExpense": "43800000", "interestAndDebtExpense": "None", "netIncomeFromContinuingOperations": "141400000", "comprehensiveIncomeNetOfTax": "None", "ebit": "185200000", "ebitda": "203400000", "netIncome": "141400000"}, {"fiscalDateEnding": "2016-06-30", "reportedCurrency": "USD", "grossProfit": "556800000", "totalRevenue": "759300000", "costOfRevenue": "202500000", "costofGoodsAndServicesSold": "202500000", "operatingIncome": "180600000", "sellingGeneralAndAdministrative": "228800000", "researchAndDevelopment": "112900000", "operatingExpenses": "341700000", "investmentIncomeNet": "None", "netInterestIncome": "None", "interestIncome": "None", "interestExpense": "2400000", "nonInterestIncome": "None", "otherNonOperatingIncome": "-100000", "depreciation": "None", "depreciationAndAmortization": "18000000", "incomeBeforeTax": "169000000", "incomeTaxExpense": "42400000", "interestAndDebtExpense": "None", "netIncomeFromContinuingOperations": "126600000", "comprehensiveIncomeNetOfTax": "None", "ebit": "181000000", "ebitda": "199000000", "netIncome": "126600000"}, {"fiscalDateEnding": "2016-03-31", "reportedCurrency": "USD", "grossProfit": "517000000", "totalRevenue": "697300000", "costOfRevenue": "180300000", "costofGoodsAndServicesSold": "180300000", "operatingIncome": "201900000", "sellingGeneralAndAdministrative": "212700000", "researchAndDevelopment": "102400000", "operatingExpenses": "315100000", "investmentIncomeNet": "None", "netInterestIncome": "None", "interestIncome": "None", "interestExpense": "2400000", "nonInterestIncome": "None", "otherNonOperatingIncome": "-4000000", "depreciation": "None", "depreciationAndAmortization": "15900000", "incomeBeforeTax": "183300000", "incomeTaxExpense": "40300000", "interestAndDebtExpense": "None", "netIncomeFromContinuingOperations": "143000000", "comprehensiveIncomeNetOfTax": "None", "ebit": "202500000", "ebitda": "218400000", "netIncome": "143000000"}, {"fiscalDateEnding": "2015-12-31", "reportedCurrency": "USD", "grossProfit": "495200000", "totalRevenue": "671100000", "costOfRevenue": "175900000", "costofGoodsAndServicesSold": "175900000", "operatingIncome": "174700000", "sellingGeneralAndAdministrative": "222300000", "researchAndDevelopment": "98200000", "operatingExpenses": "320500000", "investmentIncomeNet": "None", "netInterestIncome": "None", "interestIncome": "None", "interestExpense": "2600000", "nonInterestIncome": "None", "otherNonOperatingIncome": "6100000", "depreciation": "None", "depreciationAndAmortization": "14500000", "incomeBeforeTax": "167000000", "incomeTaxExpense": "26300000", "interestAndDebtExpense": "None", "netIncomeFromContinuingOperations": "140700000", "comprehensiveIncomeNetOfTax": "None", "ebit": "175900000", "ebitda": "190400000", "netIncome": "140700000"}, {"fiscalDateEnding": "2015-09-30", "reportedCurrency": "USD", "grossProfit": "468800000", "totalRevenue": "615500000", "costOfRevenue": "146700000", "costofGoodsAndServicesSold": "146700000", "operatingIncome": "155800000", "sellingGeneralAndAdministrative": "212000000", "researchAndDevelopment": "101000000", "operatingExpenses": "313000000", "investmentIncomeNet": "None", "netInterestIncome": "None", "interestIncome": "None", "interestExpense": "2500000", "nonInterestIncome": "None", "otherNonOperatingIncome": "-200000", "depreciation": "None", "depreciationAndAmortization": "18500000", "incomeBeforeTax": "150700000", "incomeTaxExpense": "32600000", "interestAndDebtExpense": "None", "netIncomeFromContinuingOperations": "118100000", "comprehensiveIncomeNetOfTax": "None", "ebit": "155800000", "ebitda": "174300000", "netIncome": "118100000"}, {"fiscalDateEnding": "2015-06-30", "reportedCurrency": "USD", "grossProfit": "458200000", "totalRevenue": "616800000", "costOfRevenue": "158600000", "costofGoodsAndServicesSold": "158600000", "operatingIncome": "146800000", "sellingGeneralAndAdministrative": "213900000", "researchAndDevelopment": "97500000", "operatingExpenses": "311400000", "investmentIncomeNet": "None", "netInterestIncome": "None", "interestIncome": "None", "interestExpense": "1800000", "nonInterestIncome": "None", "otherNonOperatingIncome": "-1800000", "depreciation": "None", "depreciationAndAmortization": "16800000", "incomeBeforeTax": "142200000", "incomeTaxExpense": "29500000", "interestAndDebtExpense": "None", "netIncomeFromContinuingOperations": "112700000", "comprehensiveIncomeNetOfTax": "None", "ebit": "146800000", "ebitda": "163600000", "netIncome": "112700000"}, {"fiscalDateEnding": "2015-03-31", "reportedCurrency": "USD", "grossProfit": "454300000", "totalRevenue": "590300000", "costOfRevenue": "136000000", "costofGoodsAndServicesSold": "136000000", "operatingIncome": "165400000", "sellingGeneralAndAdministrative": "202500000", "researchAndDevelopment": "86400000", "operatingExpenses": "288900000", "investmentIncomeNet": "None", "netInterestIncome": "None", "interestIncome": "None", "interestExpense": "2400000", "nonInterestIncome": "None", "otherNonOperatingIncome": "-200000", "depreciation": "None", "depreciationAndAmortization": "16000000", "incomeBeforeTax": "162500000", "incomeTaxExpense": "39100000", "interestAndDebtExpense": "None", "netIncomeFromContinuingOperations": "123400000", "comprehensiveIncomeNetOfTax": "None", "ebit": "165400000", "ebitda": "181400000", "netIncome": "123400000"}, {"fiscalDateEnding": "2014-12-31", "reportedCurrency": "USD", "grossProfit": "457600000", "totalRevenue": "618000000", "costOfRevenue": "160400000", "costofGoodsAndServicesSold": "160400000", "operatingIncome": "140300000", "sellingGeneralAndAdministrative": "223100000", "researchAndDevelopment": "84000000", "operatingExpenses": "307100000", "investmentIncomeNet": "None", "netInterestIncome": "None", "interestIncome": "None", "interestExpense": "1700000", "nonInterestIncome": "None", "otherNonOperatingIncome": "1300000", "depreciation": "None", "depreciationAndAmortization": "18300000", "incomeBeforeTax": "132900000", "incomeTaxExpense": "23700000", "interestAndDebtExpense": "None", "netIncomeFromContinuingOperations": "109200000", "comprehensiveIncomeNetOfTax": "None", "ebit": "150500000", "ebitda": "168800000", "netIncome": "109200000"}, {"fiscalDateEnding": "2014-09-30", "reportedCurrency": "USD", "grossProfit": "439300000", "totalRevenue": "607400000", "costOfRevenue": "168100000", "costofGoodsAndServicesSold": "168100000", "operatingIncome": "129500000", "sellingGeneralAndAdministrative": "222200000", "researchAndDevelopment": "87600000", "operatingExpenses": "309800000", "investmentIncomeNet": "None", "netInterestIncome": "None", "interestIncome": "None", "interestExpense": "2500000", "nonInterestIncome": "None", "otherNonOperatingIncome": "-2500000", "depreciation": "None", "depreciationAndAmortization": "18000000", "incomeBeforeTax": "120600000", "incomeTaxExpense": "26000000", "interestAndDebtExpense": "None", "netIncomeFromContinuingOperations": "94600000", "comprehensiveIncomeNetOfTax": "None", "ebit": "129500000", "ebitda": "147500000", "netIncome": "94600000"}, {"fiscalDateEnding": "2014-06-30", "reportedCurrency": "USD", "grossProfit": "423900000", "totalRevenue": "575100000", "costOfRevenue": "151200000", "costofGoodsAndServicesSold": "151200000", "operatingIncome": "119300000", "sellingGeneralAndAdministrative": "215500000", "researchAndDevelopment": "89100000", "operatingExpenses": "304600000", "investmentIncomeNet": "None", "netInterestIncome": "None", "interestIncome": "None", "interestExpense": "3100000", "nonInterestIncome": "None", "otherNonOperatingIncome": "-400000", "depreciation": "None", "depreciationAndAmortization": "16100000", "incomeBeforeTax": "813200000", "incomeTaxExpense": "266200000", "interestAndDebtExpense": "None", "netIncomeFromContinuingOperations": "547000000", "comprehensiveIncomeNetOfTax": "None", "ebit": "119300000", "ebitda": "135400000", "netIncome": "547000000"}, {"fiscalDateEnding": "2014-03-31", "reportedCurrency": "USD", "grossProfit": "376500000", "totalRevenue": "522400000", "costOfRevenue": "145900000", "costofGoodsAndServicesSold": "145900000", "operatingIncome": "93500000", "sellingGeneralAndAdministrative": "197200000", "researchAndDevelopment": "85800000", "operatingExpenses": "283000000", "investmentIncomeNet": "None", "netInterestIncome": "None", "interestIncome": "None", "interestExpense": "3500000", "nonInterestIncome": "None", "otherNonOperatingIncome": "300000", "depreciation": "None", "depreciationAndAmortization": "16200000", "incomeBeforeTax": "77300000", "incomeTaxExpense": "17000000", "interestAndDebtExpense": "None", "netIncomeFromContinuingOperations": "60300000", "comprehensiveIncomeNetOfTax": "None", "ebit": "93500000", "ebitda": "109700000", "netIncome": "60300000"}, {"fiscalDateEnding": "2013-12-31", "reportedCurrency": "USD", "grossProfit": "390500000", "totalRevenue": "536000000", "costOfRevenue": "145500000", "costofGoodsAndServicesSold": "145500000", "operatingIncome": "121400000", "sellingGeneralAndAdministrative": "190500000", "researchAndDevelopment": "78600000", "operatingExpenses": "269100000", "investmentIncomeNet": "None", "netInterestIncome": "None", "interestIncome": "None", "interestExpense": "4000000", "nonInterestIncome": "None", "otherNonOperatingIncome": "5000000", "depreciation": "None", "depreciationAndAmortization": "18800000", "incomeBeforeTax": "101500000", "incomeTaxExpense": "25700000", "interestAndDebtExpense": "None", "netIncomeFromContinuingOperations": "75800000", "comprehensiveIncomeNetOfTax": "None", "ebit": "106600000", "ebitda": "125400000", "netIncome": "75800000"}, {"fiscalDateEnding": "2013-09-30", "reportedCurrency": "USD", "grossProfit": "365900000", "totalRevenue": "495600000", "costOfRevenue": "129700000", "costofGoodsAndServicesSold": "129700000", "operatingIncome": "101300000", "sellingGeneralAndAdministrative": "180500000", "researchAndDevelopment": "84100000", "operatingExpenses": "264600000", "investmentIncomeNet": "None", "netInterestIncome": "None", "interestIncome": "None", "interestExpense": "1000000", "nonInterestIncome": "None", "otherNonOperatingIncome": "-400000", "depreciation": "None", "depreciationAndAmortization": "18500000", "incomeBeforeTax": "99900000", "incomeTaxExpense": "23000000", "interestAndDebtExpense": "None", "netIncomeFromContinuingOperations": "76900000", "comprehensiveIncomeNetOfTax": "None", "ebit": "104000000", "ebitda": "122500000", "netIncome": "76800000"}, {"fiscalDateEnding": "2013-06-30", "reportedCurrency": "USD", "grossProfit": "392200000", "totalRevenue": "517200000", "costOfRevenue": "125000000", "costofGoodsAndServicesSold": "125000000", "operatingIncome": "122300000", "sellingGeneralAndAdministrative": "189400000", "researchAndDevelopment": "80500000", "operatingExpenses": "269900000", "investmentIncomeNet": "None", "netInterestIncome": "None", "interestIncome": "None", "interestExpense": "400000", "nonInterestIncome": "None", "otherNonOperatingIncome": "-100000", "depreciation": "None", "depreciationAndAmortization": "16100000", "incomeBeforeTax": "121800000", "incomeTaxExpense": "27700000", "interestAndDebtExpense": "None", "netIncomeFromContinuingOperations": "94100000", "comprehensiveIncomeNetOfTax": "None", "ebit": "125100000", "ebitda": "141200000", "netIncome": "93300000"}, {"fiscalDateEnding": "2013-03-31", "reportedCurrency": "USD", "grossProfit": "374500000", "totalRevenue": "496700000", "costOfRevenue": "122200000", "costofGoodsAndServicesSold": "122200000", "operatingIncome": "109500000", "sellingGeneralAndAdministrative": "185200000", "researchAndDevelopment": "79800000", "operatingExpenses": "265000000", "investmentIncomeNet": "None", "netInterestIncome": "None", "interestIncome": "None", "interestExpense": "1400000", "nonInterestIncome": "None", "otherNonOperatingIncome": "-1200000", "depreciation": "None", "depreciationAndAmortization": "15300000", "incomeBeforeTax": "192100000", "incomeTaxExpense": "47200000", "interestAndDebtExpense": "None", "netIncomeFromContinuingOperations": "144900000", "comprehensiveIncomeNetOfTax": "None", "ebit": "112300000", "ebitda": "127600000", "netIncome": "143900000"}, {"fiscalDateEnding": "2012-12-31", "reportedCurrency": "USD", "grossProfit": "384700000", "totalRevenue": "510500000", "costOfRevenue": "125800000", "costofGoodsAndServicesSold": "125800000", "operatingIncome": "131900000", "sellingGeneralAndAdministrative": "177900000", "researchAndDevelopment": "74900000", "operatingExpenses": "252800000", "investmentIncomeNet": "None", "netInterestIncome": "None", "interestIncome": "None", "interestExpense": "1200000", "nonInterestIncome": "None", "otherNonOperatingIncome": "4100000", "depreciation": "None", "depreciationAndAmortization": "15100000", "incomeBeforeTax": "122200000", "incomeTaxExpense": "31100000", "interestAndDebtExpense": "None", "netIncomeFromContinuingOperations": "91100000", "comprehensiveIncomeNetOfTax": "None", "ebit": "123400000", "ebitda": "138500000", "netIncome": "91100000"}, {"fiscalDateEnding": "2012-09-30", "reportedCurrency": "USD", "grossProfit": "336200000", "totalRevenue": "447900000", "costOfRevenue": "111700000", "costofGoodsAndServicesSold": "111700000", "operatingIncome": "94600000", "sellingGeneralAndAdministrative": "167800000", "researchAndDevelopment": "73800000", "operatingExpenses": "241600000", "investmentIncomeNet": "None", "netInterestIncome": "None", "interestIncome": "None", "interestExpense": "900000", "nonInterestIncome": "None", "otherNonOperatingIncome": "-1500000", "depreciation": "None", "depreciationAndAmortization": "14400000", "incomeBeforeTax": "93400000", "incomeTaxExpense": "24200000", "interestAndDebtExpense": "None", "netIncomeFromContinuingOperations": "69200000", "comprehensiveIncomeNetOfTax": "None", "ebit": "94300000", "ebitda": "108700000", "netIncome": "69200000"}, {"fiscalDateEnding": "2012-06-30", "reportedCurrency": "USD", "grossProfit": "352200000", "totalRevenue": "482000000", "costOfRevenue": "129800000", "costofGoodsAndServicesSold": "129800000", "operatingIncome": "95800000", "sellingGeneralAndAdministrative": "182400000", "researchAndDevelopment": "74000000", "operatingExpenses": "256400000", "investmentIncomeNet": "None", "netInterestIncome": "None", "interestIncome": "None", "interestExpense": "1200000", "nonInterestIncome": "None", "otherNonOperatingIncome": "1000000", "depreciation": "None", "depreciationAndAmortization": "14000000", "incomeBeforeTax": "89900000", "incomeTaxExpense": "22100000", "interestAndDebtExpense": "None", "netIncomeFromContinuingOperations": "67800000", "comprehensiveIncomeNetOfTax": "None", "ebit": "91100000", "ebitda": "105100000", "netIncome": "67800000"}, {"fiscalDateEnding": "2012-03-31", "reportedCurrency": "USD", "grossProfit": "331900000", "totalRevenue": "459200000", "costOfRevenue": "127300000", "costofGoodsAndServicesSold": "127300000", "operatingIncome": "86100000", "sellingGeneralAndAdministrative": "177200000", "researchAndDevelopment": "68600000", "operatingExpenses": "245800000", "investmentIncomeNet": "None", "netInterestIncome": "None", "interestIncome": "None", "interestExpense": "1100000", "nonInterestIncome": "None", "otherNonOperatingIncome": "-500000", "depreciation": "None", "depreciationAndAmortization": "13800000", "incomeBeforeTax": "85600000", "incomeTaxExpense": "20500000", "interestAndDebtExpense": "None", "netIncomeFromContinuingOperations": "65100000", "comprehensiveIncomeNetOfTax": "None", "ebit": "86100000", "ebitda": "99900000", "netIncome": "65100000"}, {"fiscalDateEnding": "2011-12-31", "reportedCurrency": "USD", "grossProfit": "310600000", "totalRevenue": "430200000", "costOfRevenue": "119600000", "costofGoodsAndServicesSold": "119600000", "operatingIncome": "86500000", "sellingGeneralAndAdministrative": "163400000", "researchAndDevelopment": "60700000", "operatingExpenses": "224100000", "investmentIncomeNet": "None", "netInterestIncome": "None", "interestIncome": "None", "interestExpense": "900000", "nonInterestIncome": "None", "otherNonOperatingIncome": "3100000", "depreciation": "None", "depreciationAndAmortization": "14800000", "incomeBeforeTax": "68600000", "incomeTaxExpense": "5500000", "interestAndDebtExpense": "None", "netIncomeFromContinuingOperations": "63100000", "comprehensiveIncomeNetOfTax": "None", "ebit": "69500000", "ebitda": "84300000", "netIncome": "63100000"}, {"fiscalDateEnding": "2011-09-30", "reportedCurrency": "USD", "grossProfit": "287100000", "totalRevenue": "412700000", "costOfRevenue": "125600000", "costofGoodsAndServicesSold": "125600000", "operatingIncome": "59900000", "sellingGeneralAndAdministrative": "165500000", "researchAndDevelopment": "61700000", "operatingExpenses": "227200000", "investmentIncomeNet": "None", "netInterestIncome": "None", "interestIncome": "None", "interestExpense": "1000000", "nonInterestIncome": "None", "otherNonOperatingIncome": "-2300000", "depreciation": "None", "depreciationAndAmortization": "13900000", "incomeBeforeTax": "57600000", "incomeTaxExpense": "6000000", "interestAndDebtExpense": "None", "netIncomeFromContinuingOperations": "51600000", "comprehensiveIncomeNetOfTax": "None", "ebit": "58600000", "ebitda": "72500000", "netIncome": "51600000"}, {"fiscalDateEnding": "2011-06-30", "reportedCurrency": "USD", "grossProfit": "303400000", "totalRevenue": "431200000", "costOfRevenue": "127800000", "costofGoodsAndServicesSold": "127800000", "operatingIncome": "75300000", "sellingGeneralAndAdministrative": "163200000", "researchAndDevelopment": "64900000", "operatingExpenses": "228100000", "investmentIncomeNet": "None", "netInterestIncome": "None", "interestIncome": "None", "interestExpense": "700000", "nonInterestIncome": "None", "otherNonOperatingIncome": "1200000", "depreciation": "None", "depreciationAndAmortization": "14800000", "incomeBeforeTax": "72800000", "incomeTaxExpense": "14700000", "interestAndDebtExpense": "None", "netIncomeFromContinuingOperations": "58100000", "comprehensiveIncomeNetOfTax": "None", "ebit": "73500000", "ebitda": "88300000", "netIncome": "58100000"}, {"fiscalDateEnding": "2011-03-31", "reportedCurrency": "USD", "grossProfit": "287700000", "totalRevenue": "404500000", "costOfRevenue": "116800000", "costofGoodsAndServicesSold": "116800000", "operatingIncome": "78400000", "sellingGeneralAndAdministrative": "150300000", "researchAndDevelopment": "59000000", "operatingExpenses": "209300000", "investmentIncomeNet": "None", "netInterestIncome": "None", "interestIncome": "None", "interestExpense": "500000", "nonInterestIncome": "None", "otherNonOperatingIncome": "6200000", "depreciation": "None", "depreciationAndAmortization": "14500000", "incomeBeforeTax": "84600000", "incomeTaxExpense": "20700000", "interestAndDebtExpense": "None", "netIncomeFromContinuingOperations": "63900000", "comprehensiveIncomeNetOfTax": "None", "ebit": "85100000", "ebitda": "99600000", "netIncome": "63900000"}, {"fiscalDateEnding": "2010-12-31", "reportedCurrency": "USD", "grossProfit": "278900000", "totalRevenue": "392400000", "costOfRevenue": "113500000", "costofGoodsAndServicesSold": "113500000", "operatingIncome": "80600000", "sellingGeneralAndAdministrative": "142400000", "researchAndDevelopment": "55900000", "operatingExpenses": "198300000", "investmentIncomeNet": "None", "netInterestIncome": "None", "interestIncome": "None", "interestExpense": "500000", "nonInterestIncome": "None", "otherNonOperatingIncome": "None", "depreciation": "None", "depreciationAndAmortization": "15400000", "incomeBeforeTax": "70100000", "incomeTaxExpense": "5300000", "interestAndDebtExpense": "None", "netIncomeFromContinuingOperations": "0", "comprehensiveIncomeNetOfTax": "None", "ebit": "70600000", "ebitda": "86000000", "netIncome": "64800000"}, {"fiscalDateEnding": "2010-09-30", "reportedCurrency": "USD", "grossProfit": "253100000", "totalRevenue": "348900000", "costOfRevenue": "95800000", "costofGoodsAndServicesSold": "95800000", "operatingIncome": "67400000", "sellingGeneralAndAdministrative": "133000000", "researchAndDevelopment": "52700000", "operatingExpenses": "185700000", "investmentIncomeNet": "None", "netInterestIncome": "None", "interestIncome": "None", "interestExpense": "700000", "nonInterestIncome": "None", "otherNonOperatingIncome": "3100000", "depreciation": "None", "depreciationAndAmortization": "13400000", "incomeBeforeTax": "66200000", "incomeTaxExpense": "18200000", "interestAndDebtExpense": "None", "netIncomeFromContinuingOperations": "48000000", "comprehensiveIncomeNetOfTax": "None", "ebit": "66900000", "ebitda": "80300000", "netIncome": "48000000"}, {"fiscalDateEnding": "2010-06-30", "reportedCurrency": "USD", "grossProfit": "264800000", "totalRevenue": "365200000", "costOfRevenue": "100400000", "costofGoodsAndServicesSold": "100400000", "operatingIncome": "73600000", "sellingGeneralAndAdministrative": "140600000", "researchAndDevelopment": "50600000", "operatingExpenses": "191200000", "investmentIncomeNet": "None", "netInterestIncome": "None", "interestIncome": "None", "interestExpense": "500000", "nonInterestIncome": "None", "otherNonOperatingIncome": "1600000", "depreciation": "None", "depreciationAndAmortization": "13700000", "incomeBeforeTax": "66400000", "incomeTaxExpense": "8900000", "interestAndDebtExpense": "None", "netIncomeFromContinuingOperations": "57500000", "comprehensiveIncomeNetOfTax": "None", "ebit": "67100000", "ebitda": "80800000", "netIncome": "57500000"}, {"fiscalDateEnding": "2010-03-31", "reportedCurrency": "USD", "grossProfit": "241900000", "totalRevenue": "340500000", "costOfRevenue": "98600000", "costofGoodsAndServicesSold": "98600000", "operatingIncome": "62700000", "sellingGeneralAndAdministrative": "134000000", "researchAndDevelopment": "45200000", "operatingExpenses": "179200000", "investmentIncomeNet": "None", "netInterestIncome": "None", "interestIncome": "None", "interestExpense": "200000", "nonInterestIncome": "None", "otherNonOperatingIncome": "None", "depreciation": "None", "depreciationAndAmortization": "14000000", "incomeBeforeTax": "65500000", "incomeTaxExpense": "17800000", "interestAndDebtExpense": "None", "netIncomeFromContinuingOperations": "0", "comprehensiveIncomeNetOfTax": "None", "ebit": "65800000", "ebitda": "79800000", "netIncome": "47700000"}, {"fiscalDateEnding": "2009-12-31", "reportedCurrency": "USD", "grossProfit": "245000000", "totalRevenue": "346700000", "costOfRevenue": "101700000", "costofGoodsAndServicesSold": "101700000", "operatingIncome": "64400000", "sellingGeneralAndAdministrative": "132300000", "researchAndDevelopment": "48300000", "operatingExpenses": "180600000", "investmentIncomeNet": "None", "netInterestIncome": "None", "interestIncome": "None", "interestExpense": "500000", "nonInterestIncome": "None", "otherNonOperatingIncome": "None", "depreciation": "None", "depreciationAndAmortization": "14200000", "incomeBeforeTax": "62400000", "incomeTaxExpense": "14800000", "interestAndDebtExpense": "None", "netIncomeFromContinuingOperations": "0", "comprehensiveIncomeNetOfTax": "None", "ebit": "62900000", "ebitda": "77100000", "netIncome": "47600000"}, {"fiscalDateEnding": "2009-09-30", "reportedCurrency": "USD", "grossProfit": "227200000", "totalRevenue": "325700000", "costOfRevenue": "98500000", "costofGoodsAndServicesSold": "98500000", "operatingIncome": "56400000", "sellingGeneralAndAdministrative": "126100000", "researchAndDevelopment": "44700000", "operatingExpenses": "170600000", "investmentIncomeNet": "None", "netInterestIncome": "None", "interestIncome": "None", "interestExpense": "900000", "nonInterestIncome": "None", "otherNonOperatingIncome": "None", "depreciation": "None", "depreciationAndAmortization": "15400000", "incomeBeforeTax": "94200000", "incomeTaxExpense": "20700000", "interestAndDebtExpense": "None", "netIncomeFromContinuingOperations": "0", "comprehensiveIncomeNetOfTax": "None", "ebit": "95100000", "ebitda": "110500000", "netIncome": "73500000"}, {"fiscalDateEnding": "2009-06-30", "reportedCurrency": "USD", "grossProfit": "233600000", "totalRevenue": "335500000", "costOfRevenue": "101900000", "costofGoodsAndServicesSold": "101900000", "operatingIncome": "62500000", "sellingGeneralAndAdministrative": "128500000", "researchAndDevelopment": "42600000", "operatingExpenses": "171100000", "investmentIncomeNet": "None", "netInterestIncome": "None", "interestIncome": "None", "interestExpense": "200000", "nonInterestIncome": "None", "otherNonOperatingIncome": "None", "depreciation": "None", "depreciationAndAmortization": "14900000", "incomeBeforeTax": "62800000", "incomeTaxExpense": "15300000", "interestAndDebtExpense": "None", "netIncomeFromContinuingOperations": "0", "comprehensiveIncomeNetOfTax": "None", "ebit": "63300000", "ebitda": "78200000", "netIncome": "47500000"}, {"fiscalDateEnding": "2009-03-31", "reportedCurrency": "USD", "grossProfit": "216500000", "totalRevenue": "313500000", "costOfRevenue": "97000000", "costofGoodsAndServicesSold": "97000000", "operatingIncome": "54700000", "sellingGeneralAndAdministrative": "121900000", "researchAndDevelopment": "39900000", "operatingExpenses": "161800000", "investmentIncomeNet": "None", "netInterestIncome": "None", "interestIncome": "None", "interestExpense": "800000", "nonInterestIncome": "None", "otherNonOperatingIncome": "None", "depreciation": "None", "depreciationAndAmortization": "14200000", "incomeBeforeTax": "85000000", "incomeTaxExpense": "24500000", "interestAndDebtExpense": "None", "netIncomeFromContinuingOperations": "0", "comprehensiveIncomeNetOfTax": "None", "ebit": "85800000", "ebitda": "100000000", "netIncome": "60500000"}, {"fiscalDateEnding": "2008-12-31", "reportedCurrency": "USD", "grossProfit": "210900000", "totalRevenue": "309700000", "costOfRevenue": "98800000", "costofGoodsAndServicesSold": "98800000", "operatingIncome": "54900000", "sellingGeneralAndAdministrative": "120200000", "researchAndDevelopment": "35800000", "operatingExpenses": "156000000", "investmentIncomeNet": "None", "netInterestIncome": "None", "interestIncome": "None", "interestExpense": "7200000", "nonInterestIncome": "None", "otherNonOperatingIncome": "None", "depreciation": "None", "depreciationAndAmortization": "14300000", "incomeBeforeTax": "34000000", "incomeTaxExpense": "-4100000", "interestAndDebtExpense": "None", "netIncomeFromContinuingOperations": "0", "comprehensiveIncomeNetOfTax": "None", "ebit": "28200000", "ebitda": "42500000", "netIncome": "38100000"}, {"fiscalDateEnding": "2008-09-30", "reportedCurrency": "USD", "grossProfit": "198700000", "totalRevenue": "303600000", "costOfRevenue": "104900000", "costofGoodsAndServicesSold": "104900000", "operatingIncome": "44300000", "sellingGeneralAndAdministrative": "119300000", "researchAndDevelopment": "35100000", "operatingExpenses": "154400000", "investmentIncomeNet": "None", "netInterestIncome": "None", "interestIncome": "None", "interestExpense": "400000", "nonInterestIncome": "None", "otherNonOperatingIncome": "None", "depreciation": "None", "depreciationAndAmortization": "13800000", "incomeBeforeTax": "43600000", "incomeTaxExpense": "10700000", "interestAndDebtExpense": "None", "netIncomeFromContinuingOperations": "0", "comprehensiveIncomeNetOfTax": "None", "ebit": "44300000", "ebitda": "58100000", "netIncome": "32900000"}, {"fiscalDateEnding": "2008-06-30", "reportedCurrency": "USD", "grossProfit": "214600000", "totalRevenue": "327600000", "costOfRevenue": "113000000", "costofGoodsAndServicesSold": "113000000", "operatingIncome": "52700000", "sellingGeneralAndAdministrative": "126500000", "researchAndDevelopment": "35400000", "operatingExpenses": "161900000", "investmentIncomeNet": "None", "netInterestIncome": "None", "interestIncome": "None", "interestExpense": "400000", "nonInterestIncome": "None", "otherNonOperatingIncome": "None", "depreciation": "None", "depreciationAndAmortization": "14000000", "incomeBeforeTax": "52100000", "incomeTaxExpense": "12400000", "interestAndDebtExpense": "None", "netIncomeFromContinuingOperations": "0", "comprehensiveIncomeNetOfTax": "None", "ebit": "54000000", "ebitda": "68000000", "netIncome": "39700000"}, {"fiscalDateEnding": "2008-03-31", "reportedCurrency": "USD", "grossProfit": "193900000", "totalRevenue": "296800000", "costOfRevenue": "102900000", "costofGoodsAndServicesSold": "102900000", "operatingIncome": "34700000", "sellingGeneralAndAdministrative": "114600000", "researchAndDevelopment": "32900000", "operatingExpenses": "159200000", "investmentIncomeNet": "None", "netInterestIncome": "None", "interestIncome": "None", "interestExpense": "400000", "nonInterestIncome": "None", "otherNonOperatingIncome": "None", "depreciation": "None", "depreciationAndAmortization": "13500000", "incomeBeforeTax": "34700000", "incomeTaxExpense": "16500000", "interestAndDebtExpense": "None", "netIncomeFromContinuingOperations": "0", "comprehensiveIncomeNetOfTax": "None", "ebit": "36800000", "ebitda": "50300000", "netIncome": "18200000"}, {"fiscalDateEnding": "2007-12-31", "reportedCurrency": "USD", "grossProfit": "193400000", "totalRevenue": "293000000", "costOfRevenue": "99600000", "costofGoodsAndServicesSold": "99600000", "operatingIncome": "45400000", "sellingGeneralAndAdministrative": "114500000", "researchAndDevelopment": "33500000", "operatingExpenses": "148000000", "investmentIncomeNet": "None", "netInterestIncome": "None", "interestIncome": "None", "interestExpense": "9100000", "nonInterestIncome": "None", "otherNonOperatingIncome": "None", "depreciation": "None", "depreciationAndAmortization": "13700000", "incomeBeforeTax": "19600000", "incomeTaxExpense": "3800000", "interestAndDebtExpense": "None", "netIncomeFromContinuingOperations": "0", "comprehensiveIncomeNetOfTax": "None", "ebit": "45400000", "ebitda": "59100000", "netIncome": "15800000"}, {"fiscalDateEnding": "2007-09-30", "reportedCurrency": "USD", "grossProfit": "170700000", "totalRevenue": "261400000", "costOfRevenue": "90700000", "costofGoodsAndServicesSold": "90700000", "operatingIncome": "36600000", "sellingGeneralAndAdministrative": "103200000", "researchAndDevelopment": "30900000", "operatingExpenses": "134100000", "investmentIncomeNet": "None", "netInterestIncome": "None", "interestIncome": "None", "interestExpense": "400000", "nonInterestIncome": "None", "otherNonOperatingIncome": "None", "depreciation": "None", "depreciationAndAmortization": "14000000", "incomeBeforeTax": "38800000", "incomeTaxExpense": "9700000", "interestAndDebtExpense": "None", "netIncomeFromContinuingOperations": "0", "comprehensiveIncomeNetOfTax": "None", "ebit": "36600000", "ebitda": "50600000", "netIncome": "29100000"}, {"fiscalDateEnding": "2007-06-30", "reportedCurrency": "USD", "grossProfit": "177900000", "totalRevenue": "272600000", "costOfRevenue": "94700000", "costofGoodsAndServicesSold": "94700000", "operatingIncome": "47100000", "sellingGeneralAndAdministrative": "101700000", "researchAndDevelopment": "29100000", "operatingExpenses": "130800000", "investmentIncomeNet": "None", "netInterestIncome": "None", "interestIncome": "None", "interestExpense": "400000", "nonInterestIncome": "None", "otherNonOperatingIncome": "None", "depreciation": "None", "depreciationAndAmortization": "13700000", "incomeBeforeTax": "46800000", "incomeTaxExpense": "11900000", "interestAndDebtExpense": "None", "netIncomeFromContinuingOperations": "0", "comprehensiveIncomeNetOfTax": "None", "ebit": "47100000", "ebitda": "60800000", "netIncome": "34900000"}, {"fiscalDateEnding": "2007-03-31", "reportedCurrency": "USD", "grossProfit": "170900000", "totalRevenue": "264100000", "costOfRevenue": "93200000", "costofGoodsAndServicesSold": "93200000", "operatingIncome": "44600000", "sellingGeneralAndAdministrative": "98600000", "researchAndDevelopment": "28800000", "operatingExpenses": "126300000", "investmentIncomeNet": "None", "netInterestIncome": "None", "interestIncome": "None", "interestExpense": "200000", "nonInterestIncome": "None", "otherNonOperatingIncome": "None", "depreciation": "None", "depreciationAndAmortization": "13400000", "incomeBeforeTax": "44600000", "incomeTaxExpense": "11400000", "interestAndDebtExpense": "None", "netIncomeFromContinuingOperations": "0", "comprehensiveIncomeNetOfTax": "None", "ebit": "44600000", "ebitda": "58000000", "netIncome": "33200000"}, {"fiscalDateEnding": "2006-12-31", "reportedCurrency": "USD", "grossProfit": "168200000", "totalRevenue": "265600000", "costOfRevenue": "97400000", "costofGoodsAndServicesSold": "97400000", "operatingIncome": "43100000", "sellingGeneralAndAdministrative": "95100000", "researchAndDevelopment": "30000000", "operatingExpenses": "125100000", "investmentIncomeNet": "None", "netInterestIncome": "None", "interestIncome": "None", "interestExpense": "10500000", "nonInterestIncome": "None", "otherNonOperatingIncome": "None", "depreciation": "None", "depreciationAndAmortization": "14600000", "incomeBeforeTax": "23700000", "incomeTaxExpense": "3000000", "interestAndDebtExpense": "None", "netIncomeFromContinuingOperations": "0", "comprehensiveIncomeNetOfTax": "None", "ebit": "43100000", "ebitda": "57700000", "netIncome": "20700000"}, {"fiscalDateEnding": "2006-09-30", "reportedCurrency": "USD", "grossProfit": "160000000", "totalRevenue": "247400000", "costOfRevenue": "87400000", "costofGoodsAndServicesSold": "87400000", "operatingIncome": "40200000", "sellingGeneralAndAdministrative": "91700000", "researchAndDevelopment": "28100000", "operatingExpenses": "119800000", "investmentIncomeNet": "None", "netInterestIncome": "None", "interestIncome": "None", "interestExpense": "800000", "nonInterestIncome": "None", "otherNonOperatingIncome": "None", "depreciation": "None", "depreciationAndAmortization": "13800000", "incomeBeforeTax": "36700000", "incomeTaxExpense": "8900000", "interestAndDebtExpense": "None", "netIncomeFromContinuingOperations": "0", "comprehensiveIncomeNetOfTax": "None", "ebit": "40200000", "ebitda": "54000000", "netIncome": "27800000"}, {"fiscalDateEnding": "2006-06-30", "reportedCurrency": "USD", "grossProfit": "171600000", "totalRevenue": "267300000", "costOfRevenue": "95700000", "costofGoodsAndServicesSold": "95700000", "operatingIncome": "45700000", "sellingGeneralAndAdministrative": "97000000", "researchAndDevelopment": "28900000", "operatingExpenses": "125900000", "investmentIncomeNet": "None", "netInterestIncome": "None", "interestIncome": "None", "interestExpense": "600000", "nonInterestIncome": "None", "otherNonOperatingIncome": "None", "depreciation": "None", "depreciationAndAmortization": "14400000", "incomeBeforeTax": "45500000", "incomeTaxExpense": "9400000", "interestAndDebtExpense": "None", "netIncomeFromContinuingOperations": "0", "comprehensiveIncomeNetOfTax": "None", "ebit": "45500000", "ebitda": "59900000", "netIncome": "36100000"}, {"fiscalDateEnding": "2006-03-31", "reportedCurrency": "USD", "grossProfit": "164000000", "totalRevenue": "257000000", "costOfRevenue": "93000000", "costofGoodsAndServicesSold": "93000000", "operatingIncome": "66000000", "sellingGeneralAndAdministrative": "92000000", "researchAndDevelopment": "27000000", "operatingExpenses": "98000000", "investmentIncomeNet": "None", "netInterestIncome": "None", "interestIncome": "None", "interestExpense": "900000", "nonInterestIncome": "None", "otherNonOperatingIncome": "None", "depreciation": "None", "depreciationAndAmortization": "14000000", "incomeBeforeTax": "66000000", "incomeTaxExpense": "21000000", "interestAndDebtExpense": "None", "netIncomeFromContinuingOperations": "0", "comprehensiveIncomeNetOfTax": "None", "ebit": "66200000", "ebitda": "80200000", "netIncome": "46000000"}, {"fiscalDateEnding": "2005-12-31", "reportedCurrency": "USD", "grossProfit": "160100000", "totalRevenue": "249700000", "costOfRevenue": "89600000", "costofGoodsAndServicesSold": "89600000", "operatingIncome": "47200000", "sellingGeneralAndAdministrative": "87100000", "researchAndDevelopment": "25800000", "operatingExpenses": "112900000", "investmentIncomeNet": "None", "netInterestIncome": "None", "interestIncome": "None", "interestExpense": "9700000", "nonInterestIncome": "None", "otherNonOperatingIncome": "None", "depreciation": "None", "depreciationAndAmortization": "14400000", "incomeBeforeTax": "43500000", "incomeTaxExpense": "4900000", "interestAndDebtExpense": "None", "netIncomeFromContinuingOperations": "0", "comprehensiveIncomeNetOfTax": "None", "ebit": "47200000", "ebitda": "61600000", "netIncome": "38600000"}]}