{"symbol": "BAX", "annualReports": [{"fiscalDateEnding": "2025-12-31", "reportedCurrency": "USD", "grossProfit": "3379000000", "totalRevenue": "11244000000", "costOfRevenue": "7865000000", "costofGoodsAndServicesSold": "7865000000", "operatingIncome": "-6000000", "sellingGeneralAndAdministrative": "2890000000", "researchAndDevelopment": "518000000", "operatingExpenses": "132000000", "investmentIncomeNet": "None", "netInterestIncome": "-238000000", "interestIncome": "52000000", "interestExpense": "238000000", "nonInterestIncome": "None", "otherNonOperatingIncome": "None", "depreciation": "None", "depreciationAndAmortization": "None", "incomeBeforeTax": "-26000000", "incomeTaxExpense": "128000000", "interestAndDebtExpense": "None", "netIncomeFromContinuingOperations": "-900000000", "comprehensiveIncomeNetOfTax": "None", "ebit": "None", "ebitda": "-206000000", "netIncome": "1136000000"}, {"fiscalDateEnding": "2024-12-31", "reportedCurrency": "USD", "grossProfit": "3984000000", "totalRevenue": "10636000000", "costOfRevenue": "6652000000", "costofGoodsAndServicesSold": "6652000000", "operatingIncome": "14000000", "sellingGeneralAndAdministrative": "2967000000", "researchAndDevelopment": "590000000", "operatingExpenses": "3970000000", "investmentIncomeNet": "None", "netInterestIncome": "-341000000", "interestIncome": "67000000", "interestExpense": "408000000", "nonInterestIncome": "None", "otherNonOperatingIncome": "None", "depreciation": "None", "depreciationAndAmortization": "997000000", "incomeBeforeTax": "-289000000", "incomeTaxExpense": "37000000", "interestAndDebtExpense": "None", "netIncomeFromContinuingOperations": "-326000000", "comprehensiveIncomeNetOfTax": "None", "ebit": "119000000", "ebitda": "1116000000", "netIncome": "-649000000"}, {"fiscalDateEnding": "2023-12-31", "reportedCurrency": "USD", "grossProfit": "4150000000", "totalRevenue": "10360000000", "costOfRevenue": "6210000000", "costofGoodsAndServicesSold": "6210000000", "operatingIncome": "707000000", "sellingGeneralAndAdministrative": "2953000000", "researchAndDevelopment": "518000000", "operatingExpenses": "3443000000", "investmentIncomeNet": "None", "netInterestIncome": "-442000000", "interestIncome": "70000000", "interestExpense": "508000000", "nonInterestIncome": "None", "otherNonOperatingIncome": "None", "depreciation": "None", "depreciationAndAmortization": "984000000", "incomeBeforeTax": "242000000", "incomeTaxExpense": "61000000", "interestAndDebtExpense": "None", "netIncomeFromContinuingOperations": "-69000000", "comprehensiveIncomeNetOfTax": "None", "ebit": "750000000", "ebitda": "1734000000", "netIncome": "2656000000"}, {"fiscalDateEnding": "2022-12-31", "reportedCurrency": "USD", "grossProfit": "3549000000", "totalRevenue": "14506000000", "costOfRevenue": "6508000000", "costofGoodsAndServicesSold": "6508000000", "operatingIncome": "-2845000000", "sellingGeneralAndAdministrative": "3097000000", "researchAndDevelopment": "450000000", "operatingExpenses": "6394000000", "investmentIncomeNet": "None", "netInterestIncome": "-395000000", "interestIncome": "20000000", "interestExpense": "413000000", "nonInterestIncome": "None", "otherNonOperatingIncome": "-15000000", "depreciation": "None", "depreciationAndAmortization": "1072000000", "incomeBeforeTax": "-3248000000", "incomeTaxExpense": "-135000000", "interestAndDebtExpense": "None", "netIncomeFromContinuingOperations": "-2421000000", "comprehensiveIncomeNetOfTax": "None", "ebit": "-2835000000", "ebitda": "-1763000000", "netIncome": "-2433000000"}, {"fiscalDateEnding": "2021-12-31", "reportedCurrency": "USD", "grossProfit": "4720000000", "totalRevenue": "12784000000", "costOfRevenue": "7426000000", "costofGoodsAndServicesSold": "7426000000", "operatingIncome": "1350000000", "sellingGeneralAndAdministrative": "2845000000", "researchAndDevelopment": "531000000", "operatingExpenses": "3370000000", "investmentIncomeNet": "None", "netInterestIncome": "-192000000", "interestIncome": "192000000", "interestExpense": "207000000", "nonInterestIncome": "None", "otherNonOperatingIncome": "-41000000", "depreciation": "None", "depreciationAndAmortization": "867000000", "incomeBeforeTax": "1116000000", "incomeTaxExpense": "83000000", "interestAndDebtExpense": "None", "netIncomeFromContinuingOperations": "1295000000", "comprehensiveIncomeNetOfTax": "None", "ebit": "1323000000", "ebitda": "2190000000", "netIncome": "1284000000"}, {"fiscalDateEnding": "2020-12-31", "reportedCurrency": "USD", "grossProfit": "4587000000", "totalRevenue": "11673000000", "costOfRevenue": "7086000000", "costofGoodsAndServicesSold": "7086000000", "operatingIncome": "1616000000", "sellingGeneralAndAdministrative": "2469000000", "researchAndDevelopment": "521000000", "operatingExpenses": "2971000000", "investmentIncomeNet": "None", "netInterestIncome": "-134000000", "interestIncome": "134000000", "interestExpense": "153000000", "nonInterestIncome": "None", "otherNonOperatingIncome": "-190000000", "depreciation": "None", "depreciationAndAmortization": "823000000", "incomeBeforeTax": "1292000000", "incomeTaxExpense": "182000000", "interestAndDebtExpense": "None", "netIncomeFromContinuingOperations": "1110000000", "comprehensiveIncomeNetOfTax": "None", "ebit": "1445000000", "ebitda": "2268000000", "netIncome": "1102000000"}, {"fiscalDateEnding": "2019-12-31", "reportedCurrency": "USD", "grossProfit": "4761000000", "totalRevenue": "11362000000", "costOfRevenue": "6601000000", "costofGoodsAndServicesSold": "6601000000", "operatingIncome": "1772000000", "sellingGeneralAndAdministrative": "2535000000", "researchAndDevelopment": "595000000", "operatingExpenses": "2989000000", "investmentIncomeNet": "None", "netInterestIncome": "-71000000", "interestIncome": "40000000", "interestExpense": "111000000", "nonInterestIncome": "None", "otherNonOperatingIncome": "-731000000", "depreciation": "None", "depreciationAndAmortization": "789000000", "incomeBeforeTax": "970000000", "incomeTaxExpense": "-41000000", "interestAndDebtExpense": "None", "netIncomeFromContinuingOperations": "1011000000", "comprehensiveIncomeNetOfTax": "None", "ebit": "1081000000", "ebitda": "1870000000", "netIncome": "1001000000"}, {"fiscalDateEnding": "2018-12-31", "reportedCurrency": "USD", "grossProfit": "4759000000", "totalRevenue": "11099000000", "costOfRevenue": "6340000000", "costofGoodsAndServicesSold": "6340000000", "operatingIncome": "1584000000", "sellingGeneralAndAdministrative": "2620000000", "researchAndDevelopment": "654000000", "operatingExpenses": "3175000000", "investmentIncomeNet": "None", "netInterestIncome": "-45000000", "interestIncome": "48000000", "interestExpense": "93000000", "nonInterestIncome": "None", "otherNonOperatingIncome": "139000000", "depreciation": "None", "depreciationAndAmortization": "771000000", "incomeBeforeTax": "1617000000", "incomeTaxExpense": "65000000", "interestAndDebtExpense": "None", "netIncomeFromContinuingOperations": "1630000000", "comprehensiveIncomeNetOfTax": "None", "ebit": "1710000000", "ebitda": "2481000000", "netIncome": "1546000000"}, {"fiscalDateEnding": "2017-12-31", "reportedCurrency": "USD", "grossProfit": "4474000000", "totalRevenue": "10561000000", "costOfRevenue": "6110000000", "costofGoodsAndServicesSold": "6110000000", "operatingIncome": "1288000000", "sellingGeneralAndAdministrative": "2627000000", "researchAndDevelopment": "615000000", "operatingExpenses": "3186000000", "investmentIncomeNet": "None", "netInterestIncome": "-55000000", "interestIncome": "30000000", "interestExpense": "85000000", "nonInterestIncome": "None", "otherNonOperatingIncome": "14000000", "depreciation": "None", "depreciationAndAmortization": "750000000", "incomeBeforeTax": "1100000000", "incomeTaxExpense": "491000000", "interestAndDebtExpense": "None", "netIncomeFromContinuingOperations": "724000000", "comprehensiveIncomeNetOfTax": "None", "ebit": "1185000000", "ebitda": "1935000000", "netIncome": "602000000"}, {"fiscalDateEnding": "2016-12-31", "reportedCurrency": "USD", "grossProfit": "4116000000", "totalRevenue": "10163000000", "costOfRevenue": "6047000000", "costofGoodsAndServicesSold": "6047000000", "operatingIncome": "745000000", "sellingGeneralAndAdministrative": "21000000", "researchAndDevelopment": "646000000", "operatingExpenses": "3371000000", "investmentIncomeNet": "None", "netInterestIncome": "-66000000", "interestIncome": "23000000", "interestExpense": "89000000", "nonInterestIncome": "None", "otherNonOperatingIncome": "4296000000", "depreciation": "None", "depreciationAndAmortization": "800000000", "incomeBeforeTax": "4954000000", "incomeTaxExpense": "-12000000", "interestAndDebtExpense": "None", "netIncomeFromContinuingOperations": "4966000000", "comprehensiveIncomeNetOfTax": "None", "ebit": "5043000000", "ebitda": "5843000000", "netIncome": "4965000000"}, {"fiscalDateEnding": "2015-12-31", "reportedCurrency": "USD", "grossProfit": "4146000000", "totalRevenue": "9968000000", "costOfRevenue": "5822000000", "costofGoodsAndServicesSold": "5822000000", "operatingIncome": "449000000", "sellingGeneralAndAdministrative": "3094000000", "researchAndDevelopment": "603000000", "operatingExpenses": "3697000000", "investmentIncomeNet": "None", "netInterestIncome": "None", "interestIncome": "106000000", "interestExpense": "146000000", "nonInterestIncome": "None", "otherNonOperatingIncome": "105000000", "depreciation": "None", "depreciationAndAmortization": "759000000", "incomeBeforeTax": "428000000", "incomeTaxExpense": "35000000", "interestAndDebtExpense": "None", "netIncomeFromContinuingOperations": "393000000", "comprehensiveIncomeNetOfTax": "None", "ebit": "574000000", "ebitda": "1333000000", "netIncome": "968000000"}, {"fiscalDateEnding": "2014-12-31", "reportedCurrency": "USD", "grossProfit": "4581000000", "totalRevenue": "10718000000", "costOfRevenue": "6138000000", "costofGoodsAndServicesSold": "6138000000", "operatingIncome": "656000000", "sellingGeneralAndAdministrative": "4029000000", "researchAndDevelopment": "610000000", "operatingExpenses": "3925000000", "investmentIncomeNet": "None", "netInterestIncome": "None", "interestIncome": "None", "interestExpense": "167000000", "nonInterestIncome": "None", "otherNonOperatingIncome": "-123000000", "depreciation": "None", "depreciationAndAmortization": "792000000", "incomeBeforeTax": "490000000", "incomeTaxExpense": "33000000", "interestAndDebtExpense": "None", "netIncomeFromContinuingOperations": "1946000000", "comprehensiveIncomeNetOfTax": "None", "ebit": "657000000", "ebitda": "1449000000", "netIncome": "2497000000"}, {"fiscalDateEnding": "2013-12-31", "reportedCurrency": "USD", "grossProfit": "4162000000", "totalRevenue": "14968000000", "costOfRevenue": "5251000000", "costofGoodsAndServicesSold": "5251000000", "operatingIncome": "496000000", "sellingGeneralAndAdministrative": "3681000000", "researchAndDevelopment": "582000000", "operatingExpenses": "3666000000", "investmentIncomeNet": "None", "netInterestIncome": "None", "interestIncome": "None", "interestExpense": "155000000", "nonInterestIncome": "None", "otherNonOperatingIncome": "9000000", "depreciation": "None", "depreciationAndAmortization": "635000000", "incomeBeforeTax": "375000000", "incomeTaxExpense": "60000000", "interestAndDebtExpense": "None", "netIncomeFromContinuingOperations": "2012000000", "comprehensiveIncomeNetOfTax": "None", "ebit": "530000000", "ebitda": "1165000000", "netIncome": "2012000000"}, {"fiscalDateEnding": "2012-12-31", "reportedCurrency": "USD", "grossProfit": "7134000000", "totalRevenue": "14193000000", "costOfRevenue": "6802000000", "costofGoodsAndServicesSold": "6802000000", "operatingIncome": "2821000000", "sellingGeneralAndAdministrative": "3324000000", "researchAndDevelopment": "1081000000", "operatingExpenses": "4313000000", "investmentIncomeNet": "None", "netInterestIncome": "None", "interestIncome": "None", "interestExpense": "113000000", "nonInterestIncome": "None", "otherNonOperatingIncome": "155000000", "depreciation": "None", "depreciationAndAmortization": "712000000", "incomeBeforeTax": "2838000000", "incomeTaxExpense": "555000000", "interestAndDebtExpense": "None", "netIncomeFromContinuingOperations": "2326000000", "comprehensiveIncomeNetOfTax": "None", "ebit": "2951000000", "ebitda": "3663000000", "netIncome": "2326000000"}, {"fiscalDateEnding": "2011-12-31", "reportedCurrency": "USD", "grossProfit": "7046000000", "totalRevenue": "13893000000", "costOfRevenue": "6847000000", "costofGoodsAndServicesSold": "6847000000", "operatingIncome": "2946000000", "sellingGeneralAndAdministrative": "3924000000", "researchAndDevelopment": "946000000", "operatingExpenses": "4100000000", "investmentIncomeNet": "None", "netInterestIncome": "None", "interestIncome": "None", "interestExpense": "54000000", "nonInterestIncome": "None", "otherNonOperatingIncome": "None", "depreciation": "None", "depreciationAndAmortization": "670000000", "incomeBeforeTax": "2809000000", "incomeTaxExpense": "553000000", "interestAndDebtExpense": "None", "netIncomeFromContinuingOperations": "None", "comprehensiveIncomeNetOfTax": "None", "ebit": "2946000000", "ebitda": "3616000000", "netIncome": "2224000000"}, {"fiscalDateEnding": "2010-12-31", "reportedCurrency": "USD", "grossProfit": "5958000000", "totalRevenue": "13059000000", "costOfRevenue": "6885000000", "costofGoodsAndServicesSold": "6885000000", "operatingIncome": "2136000000", "sellingGeneralAndAdministrative": "2907000000", "researchAndDevelopment": "915000000", "operatingExpenses": "3822000000", "investmentIncomeNet": "None", "netInterestIncome": "None", "interestIncome": "None", "interestExpense": "115000000", "nonInterestIncome": "None", "otherNonOperatingIncome": "-159000000", "depreciation": "None", "depreciationAndAmortization": "685000000", "incomeBeforeTax": "1890000000", "incomeTaxExpense": "463000000", "interestAndDebtExpense": "None", "netIncomeFromContinuingOperations": "1427000000", "comprehensiveIncomeNetOfTax": "None", "ebit": "2005000000", "ebitda": "2690000000", "netIncome": "1420000000"}, {"fiscalDateEnding": "2009-12-31", "reportedCurrency": "USD", "grossProfit": "6525000000", "totalRevenue": "12557000000", "costOfRevenue": "6037000000", "costofGoodsAndServicesSold": "6037000000", "operatingIncome": "2877000000", "sellingGeneralAndAdministrative": "2731000000", "researchAndDevelopment": "917000000", "operatingExpenses": "3648000000", "investmentIncomeNet": "None", "netInterestIncome": "None", "interestIncome": "None", "interestExpense": "117000000", "nonInterestIncome": "None", "otherNonOperatingIncome": "None", "depreciation": "None", "depreciationAndAmortization": "638000000", "incomeBeforeTax": "2734000000", "incomeTaxExpense": "519000000", "interestAndDebtExpense": "None", "netIncomeFromContinuingOperations": "None", "comprehensiveIncomeNetOfTax": "None", "ebit": "2851000000", "ebitda": "3489000000", "netIncome": "2205000000"}, {"fiscalDateEnding": "2008-12-31", "reportedCurrency": "USD", "grossProfit": "6130000000", "totalRevenue": "12348000000", "costOfRevenue": "6218000000", "costofGoodsAndServicesSold": "6218000000", "operatingIncome": "2564000000", "sellingGeneralAndAdministrative": "2698000000", "researchAndDevelopment": "868000000", "operatingExpenses": "3566000000", "investmentIncomeNet": "None", "netInterestIncome": "None", "interestIncome": "None", "interestExpense": "148000000", "nonInterestIncome": "None", "otherNonOperatingIncome": "None", "depreciation": "None", "depreciationAndAmortization": "631000000", "incomeBeforeTax": "2462000000", "incomeTaxExpense": "437000000", "interestAndDebtExpense": "None", "netIncomeFromContinuingOperations": "None", "comprehensiveIncomeNetOfTax": "None", "ebit": "2610000000", "ebitda": "3241000000", "netIncome": "2014000000"}, {"fiscalDateEnding": "2007-12-31", "reportedCurrency": "USD", "grossProfit": "5519000000", "totalRevenue": "11263000000", "costOfRevenue": "5744000000", "costofGoodsAndServicesSold": "5744000000", "operatingIncome": "2168000000", "sellingGeneralAndAdministrative": "2521000000", "researchAndDevelopment": "760000000", "operatingExpenses": "3351000000", "investmentIncomeNet": "None", "netInterestIncome": "None", "interestIncome": "None", "interestExpense": "124000000", "nonInterestIncome": "None", "otherNonOperatingIncome": "None", "depreciation": "None", "depreciationAndAmortization": "581000000", "incomeBeforeTax": "2114000000", "incomeTaxExpense": "407000000", "interestAndDebtExpense": "None", "netIncomeFromContinuingOperations": "None", "comprehensiveIncomeNetOfTax": "None", "ebit": "2238000000", "ebitda": "2819000000", "netIncome": "1707000000"}, {"fiscalDateEnding": "2006-12-31", "reportedCurrency": "USD", "grossProfit": "4737000000", "totalRevenue": "10378000000", "costOfRevenue": "5641000000", "costofGoodsAndServicesSold": "5641000000", "operatingIncome": "1841000000", "sellingGeneralAndAdministrative": "2282000000", "researchAndDevelopment": "614000000", "operatingExpenses": "2896000000", "investmentIncomeNet": "None", "netInterestIncome": "None", "interestIncome": "None", "interestExpense": "101000000", "nonInterestIncome": "None", "otherNonOperatingIncome": "None", "depreciation": "None", "depreciationAndAmortization": "575000000", "incomeBeforeTax": "1746000000", "incomeTaxExpense": "348000000", "interestAndDebtExpense": "None", "netIncomeFromContinuingOperations": "None", "comprehensiveIncomeNetOfTax": "None", "ebit": "1841000000", "ebitda": "2416000000", "netIncome": "1396000000"}], "quarterlyReports": [{"fiscalDateEnding": "2025-12-31", "reportedCurrency": "USD", "grossProfit": "577000000", "totalRevenue": "2974000000", "costOfRevenue": "2397000000", "costofGoodsAndServicesSold": "2397000000", "operatingIncome": "-208000000", "sellingGeneralAndAdministrative": "761000000", "researchAndDevelopment": "126000000", "operatingExpenses": "887000000", "investmentIncomeNet": "None", "netInterestIncome": "-58000000", "interestIncome": "11000000", "interestExpense": "58000000", "nonInterestIncome": "None", "otherNonOperatingIncome": "None", "depreciation": "None", "depreciationAndAmortization": "None", "incomeBeforeTax": "-277000000", "incomeTaxExpense": "12000000", "interestAndDebtExpense": "None", "netIncomeFromContinuingOperations": "-1035000000", "comprehensiveIncomeNetOfTax": "None", "ebit": "None", "ebitda": "-66000000", "netIncome": "-1035000000"}, {"fiscalDateEnding": "2025-09-30", "reportedCurrency": "USD", "grossProfit": "950000000", "totalRevenue": "2835000000", "costOfRevenue": "1885000000", "costofGoodsAndServicesSold": "1885000000", "operatingIncome": "-48000000", "sellingGeneralAndAdministrative": "708000000", "researchAndDevelopment": "118000000", "operatingExpenses": "998000000", "investmentIncomeNet": "None", "netInterestIncome": "-58000000", "interestIncome": "10000000", "interestExpense": "68000000", "nonInterestIncome": "None", "otherNonOperatingIncome": "None", "depreciation": "None", "depreciationAndAmortization": "237000000", "incomeBeforeTax": "121000000", "incomeTaxExpense": "172000000", "interestAndDebtExpense": "None", "netIncomeFromContinuingOperations": "-51000000", "comprehensiveIncomeNetOfTax": "None", "ebit": "179000000", "ebitda": "416000000", "netIncome": "-46000000"}, {"fiscalDateEnding": "2025-06-30", "reportedCurrency": "USD", "grossProfit": "1131000000", "totalRevenue": "2810000000", "costOfRevenue": "1679000000", "costofGoodsAndServicesSold": "1679000000", "operatingIncome": "192000000", "sellingGeneralAndAdministrative": "718000000", "researchAndDevelopment": "134000000", "operatingExpenses": "939000000", "investmentIncomeNet": "None", "netInterestIncome": "-58000000", "interestIncome": "58000000", "interestExpense": "72000000", "nonInterestIncome": "None", "otherNonOperatingIncome": "None", "depreciation": "None", "depreciationAndAmortization": "257000000", "incomeBeforeTax": "133000000", "incomeTaxExpense": "11000000", "interestAndDebtExpense": "None", "netIncomeFromContinuingOperations": "122000000", "comprehensiveIncomeNetOfTax": "None", "ebit": "205000000", "ebitda": "462000000", "netIncome": "91000000"}, {"fiscalDateEnding": "2025-03-31", "reportedCurrency": "USD", "grossProfit": "861000000", "totalRevenue": "2625000000", "costOfRevenue": "1764000000", "costofGoodsAndServicesSold": "1764000000", "operatingIncome": "58000000", "sellingGeneralAndAdministrative": "703000000", "researchAndDevelopment": "140000000", "operatingExpenses": "803000000", "investmentIncomeNet": "None", "netInterestIncome": "-64000000", "interestIncome": "17000000", "interestExpense": "81000000", "nonInterestIncome": "None", "otherNonOperatingIncome": "None", "depreciation": "None", "depreciationAndAmortization": "247000000", "incomeBeforeTax": "-3000000", "incomeTaxExpense": "-67000000", "interestAndDebtExpense": "None", "netIncomeFromContinuingOperations": "64000000", "comprehensiveIncomeNetOfTax": "None", "ebit": "78000000", "ebitda": "325000000", "netIncome": "126000000"}, {"fiscalDateEnding": "2024-12-31", "reportedCurrency": "USD", "grossProfit": "959000000", "totalRevenue": "2753000000", "costOfRevenue": "1794000000", "costofGoodsAndServicesSold": "1794000000", "operatingIncome": "-435000000", "sellingGeneralAndAdministrative": "1972000000", "researchAndDevelopment": "211000000", "operatingExpenses": "1394000000", "investmentIncomeNet": "None", "netInterestIncome": "-90000000", "interestIncome": "10000000", "interestExpense": "100000000", "nonInterestIncome": "None", "otherNonOperatingIncome": "None", "depreciation": "None", "depreciationAndAmortization": "245000000", "incomeBeforeTax": "-521000000", "incomeTaxExpense": "-33000000", "interestAndDebtExpense": "None", "netIncomeFromContinuingOperations": "-488000000", "comprehensiveIncomeNetOfTax": "None", "ebit": "-421000000", "ebitda": "-176000000", "netIncome": "-512000000"}, {"fiscalDateEnding": "2024-09-30", "reportedCurrency": "USD", "grossProfit": "1033000000", "totalRevenue": "2699000000", "costOfRevenue": "1666000000", "costofGoodsAndServicesSold": "1666000000", "operatingIncome": "155000000", "sellingGeneralAndAdministrative": "754000000", "researchAndDevelopment": "129000000", "operatingExpenses": "878000000", "investmentIncomeNet": "None", "netInterestIncome": "-87000000", "interestIncome": "14000000", "interestExpense": "101000000", "nonInterestIncome": "None", "otherNonOperatingIncome": "None", "depreciation": "None", "depreciationAndAmortization": "129000000", "incomeBeforeTax": "69000000", "incomeTaxExpense": "8000000", "interestAndDebtExpense": "None", "netIncomeFromContinuingOperations": "61000000", "comprehensiveIncomeNetOfTax": "None", "ebit": "170000000", "ebitda": "299000000", "netIncome": "140000000"}, {"fiscalDateEnding": "2024-06-30", "reportedCurrency": "USD", "grossProfit": "1031000000", "totalRevenue": "2694000000", "costOfRevenue": "1663000000", "costofGoodsAndServicesSold": "1663000000", "operatingIncome": "179000000", "sellingGeneralAndAdministrative": "1021000000", "researchAndDevelopment": "130000000", "operatingExpenses": "852000000", "investmentIncomeNet": "None", "netInterestIncome": "-85000000", "interestIncome": "19000000", "interestExpense": "104000000", "nonInterestIncome": "None", "otherNonOperatingIncome": "None", "depreciation": "None", "depreciationAndAmortization": "227000000", "incomeBeforeTax": "117000000", "incomeTaxExpense": "22000000", "interestAndDebtExpense": "None", "netIncomeFromContinuingOperations": "-311000000", "comprehensiveIncomeNetOfTax": "None", "ebit": "221000000", "ebitda": "448000000", "netIncome": "-314000000"}, {"fiscalDateEnding": "2024-03-31", "reportedCurrency": "USD", "grossProfit": "961000000", "totalRevenue": "2490000000", "costOfRevenue": "1529000000", "costofGoodsAndServicesSold": "1529000000", "operatingIncome": "115000000", "sellingGeneralAndAdministrative": "995000000", "researchAndDevelopment": "120000000", "operatingExpenses": "846000000", "investmentIncomeNet": "None", "netInterestIncome": "-78000000", "interestIncome": "25000000", "interestExpense": "103000000", "nonInterestIncome": "None", "otherNonOperatingIncome": "None", "depreciation": "None", "depreciationAndAmortization": "271000000", "incomeBeforeTax": "46000000", "incomeTaxExpense": "40000000", "interestAndDebtExpense": "None", "netIncomeFromContinuingOperations": "39000000", "comprehensiveIncomeNetOfTax": "None", "ebit": "149000000", "ebitda": "420000000", "netIncome": "37000000"}, {"fiscalDateEnding": "2023-12-31", "reportedCurrency": "USD", "grossProfit": "1472000000", "totalRevenue": "2729000000", "costOfRevenue": "2413000000", "costofGoodsAndServicesSold": "2413000000", "operatingIncome": "329000000", "sellingGeneralAndAdministrative": "935000000", "researchAndDevelopment": "172000000", "operatingExpenses": "1143000000", "investmentIncomeNet": "None", "netInterestIncome": "-73000000", "interestIncome": "44000000", "interestExpense": "117000000", "nonInterestIncome": "None", "otherNonOperatingIncome": "None", "depreciation": "None", "depreciationAndAmortization": "324000000", "incomeBeforeTax": "238000000", "incomeTaxExpense": "165000000", "interestAndDebtExpense": "None", "netIncomeFromContinuingOperations": "73000000", "comprehensiveIncomeNetOfTax": "None", "ebit": "355000000", "ebitda": "679000000", "netIncome": "245000000"}, {"fiscalDateEnding": "2023-09-30", "reportedCurrency": "USD", "grossProfit": "1056000000", "totalRevenue": "2599000000", "costOfRevenue": "1543000000", "costofGoodsAndServicesSold": "1543000000", "operatingIncome": "179000000", "sellingGeneralAndAdministrative": "1002000000", "researchAndDevelopment": "133000000", "operatingExpenses": "877000000", "investmentIncomeNet": "None", "netInterestIncome": "-128000000", "interestIncome": "8000000", "interestExpense": "136000000", "nonInterestIncome": "None", "otherNonOperatingIncome": "None", "depreciation": "None", "depreciationAndAmortization": "92000000", "incomeBeforeTax": "64000000", "incomeTaxExpense": "27000000", "interestAndDebtExpense": "None", "netIncomeFromContinuingOperations": "51000000", "comprehensiveIncomeNetOfTax": "None", "ebit": "200000000", "ebitda": "292000000", "netIncome": "2508000000"}, {"fiscalDateEnding": "2023-06-30", "reportedCurrency": "USD", "grossProfit": "1111000000", "totalRevenue": "3707000000", "costOfRevenue": "2596000000", "costofGoodsAndServicesSold": "2596000000", "operatingIncome": "-17000000", "sellingGeneralAndAdministrative": "964000000", "researchAndDevelopment": "165000000", "operatingExpenses": "1128000000", "investmentIncomeNet": "None", "netInterestIncome": "-124000000", "interestIncome": "8000000", "interestExpense": "132000000", "nonInterestIncome": "None", "otherNonOperatingIncome": "-42000000", "depreciation": "None", "depreciationAndAmortization": "315000000", "incomeBeforeTax": "-183000000", "incomeTaxExpense": "10000000", "interestAndDebtExpense": "None", "netIncomeFromContinuingOperations": "-193000000", "comprehensiveIncomeNetOfTax": "None", "ebit": "-51000000", "ebitda": "264000000", "netIncome": "-141000000"}, {"fiscalDateEnding": "2023-03-31", "reportedCurrency": "USD", "grossProfit": "1275000000", "totalRevenue": "3513000000", "costOfRevenue": "2238000000", "costofGoodsAndServicesSold": "2238000000", "operatingIncome": "129000000", "sellingGeneralAndAdministrative": "914000000", "researchAndDevelopment": "164000000", "operatingExpenses": "1146000000", "investmentIncomeNet": "None", "netInterestIncome": "-117000000", "interestIncome": "126000000", "interestExpense": "127000000", "nonInterestIncome": "None", "otherNonOperatingIncome": "1000000", "depreciation": "None", "depreciationAndAmortization": "313000000", "incomeBeforeTax": "14000000", "incomeTaxExpense": "14000000", "interestAndDebtExpense": "None", "netIncomeFromContinuingOperations": "45000000", "comprehensiveIncomeNetOfTax": "None", "ebit": "141000000", "ebitda": "454000000", "netIncome": "44000000"}, {"fiscalDateEnding": "2022-12-31", "reportedCurrency": "USD", "grossProfit": "1463000000", "totalRevenue": "3745000000", "costOfRevenue": "2424000000", "costofGoodsAndServicesSold": "2424000000", "operatingIncome": "353000000", "sellingGeneralAndAdministrative": "912000000", "researchAndDevelopment": "155000000", "operatingExpenses": "1110000000", "investmentIncomeNet": "None", "netInterestIncome": "-117000000", "interestIncome": "8000000", "interestExpense": "125000000", "nonInterestIncome": "None", "otherNonOperatingIncome": "-12000000", "depreciation": "None", "depreciationAndAmortization": "334000000", "incomeBeforeTax": "224000000", "incomeTaxExpense": "39000000", "interestAndDebtExpense": "None", "netIncomeFromContinuingOperations": "185000000", "comprehensiveIncomeNetOfTax": "None", "ebit": "349000000", "ebitda": "683000000", "netIncome": "181000000"}, {"fiscalDateEnding": "2022-09-30", "reportedCurrency": "USD", "grossProfit": "1045000000", "totalRevenue": "3609000000", "costOfRevenue": "2564000000", "costofGoodsAndServicesSold": "2564000000", "operatingIncome": "-2880000000", "sellingGeneralAndAdministrative": "942000000", "researchAndDevelopment": "151000000", "operatingExpenses": "3925000000", "investmentIncomeNet": "None", "netInterestIncome": "-104000000", "interestIncome": "172000000", "interestExpense": "109000000", "nonInterestIncome": "None", "otherNonOperatingIncome": "-63000000", "depreciation": "None", "depreciationAndAmortization": "331000000", "incomeBeforeTax": "-3045000000", "incomeTaxExpense": "-54000000", "interestAndDebtExpense": "None", "netIncomeFromContinuingOperations": "-2934000000", "comprehensiveIncomeNetOfTax": "None", "ebit": "-2936000000", "ebitda": "-2605000000", "netIncome": "-2937000000"}, {"fiscalDateEnding": "2022-06-30", "reportedCurrency": "USD", "grossProfit": "1371000000", "totalRevenue": "3594000000", "costOfRevenue": "2223000000", "costofGoodsAndServicesSold": "2223000000", "operatingIncome": "264000000", "sellingGeneralAndAdministrative": "976000000", "researchAndDevelopment": "148000000", "operatingExpenses": "1107000000", "investmentIncomeNet": "None", "netInterestIncome": "-85000000", "interestIncome": "4000000", "interestExpense": "93000000", "nonInterestIncome": "None", "otherNonOperatingIncome": "44000000", "depreciation": "None", "depreciationAndAmortization": "343000000", "incomeBeforeTax": "219000000", "incomeTaxExpense": "34000000", "interestAndDebtExpense": "None", "netIncomeFromContinuingOperations": "255000000", "comprehensiveIncomeNetOfTax": "None", "ebit": "312000000", "ebitda": "655000000", "netIncome": "252000000"}, {"fiscalDateEnding": "2022-03-31", "reportedCurrency": "USD", "grossProfit": "1348000000", "totalRevenue": "3707000000", "costOfRevenue": "2359000000", "costofGoodsAndServicesSold": "2359000000", "operatingIncome": "163000000", "sellingGeneralAndAdministrative": "1052000000", "researchAndDevelopment": "150000000", "operatingExpenses": "1185000000", "investmentIncomeNet": "None", "netInterestIncome": "-85000000", "interestIncome": "3000000", "interestExpense": "88000000", "nonInterestIncome": "None", "otherNonOperatingIncome": "16000000", "depreciation": "None", "depreciationAndAmortization": "380000000", "incomeBeforeTax": "94000000", "incomeTaxExpense": "21000000", "interestAndDebtExpense": "None", "netIncomeFromContinuingOperations": "73000000", "comprehensiveIncomeNetOfTax": "None", "ebit": "182000000", "ebitda": "562000000", "netIncome": "71000000"}, {"fiscalDateEnding": "2021-12-31", "reportedCurrency": "USD", "grossProfit": "1406000000", "totalRevenue": "3514000000", "costOfRevenue": "2108000000", "costofGoodsAndServicesSold": "2108000000", "operatingIncome": "383000000", "sellingGeneralAndAdministrative": "885000000", "researchAndDevelopment": "138000000", "operatingExpenses": "1023000000", "investmentIncomeNet": "None", "netInterestIncome": "-74000000", "interestIncome": "74000000", "interestExpense": "78000000", "nonInterestIncome": "None", "otherNonOperatingIncome": "-26000000", "depreciation": "None", "depreciationAndAmortization": "245000000", "incomeBeforeTax": "283000000", "incomeTaxExpense": "41000000", "interestAndDebtExpense": "None", "netIncomeFromContinuingOperations": "242000000", "comprehensiveIncomeNetOfTax": "None", "ebit": "361000000", "ebitda": "606000000", "netIncome": "238000000"}, {"fiscalDateEnding": "2021-09-30", "reportedCurrency": "USD", "grossProfit": "1321000000", "totalRevenue": "3226000000", "costOfRevenue": "1905000000", "costofGoodsAndServicesSold": "1905000000", "operatingIncome": "513000000", "sellingGeneralAndAdministrative": "680000000", "researchAndDevelopment": "129000000", "operatingExpenses": "808000000", "investmentIncomeNet": "None", "netInterestIncome": "-50000000", "interestIncome": "41000000", "interestExpense": "54000000", "nonInterestIncome": "None", "otherNonOperatingIncome": "-12000000", "depreciation": "None", "depreciationAndAmortization": "206000000", "incomeBeforeTax": "451000000", "incomeTaxExpense": "-1000000", "interestAndDebtExpense": "None", "netIncomeFromContinuingOperations": "452000000", "comprehensiveIncomeNetOfTax": "None", "ebit": "505000000", "ebitda": "711000000", "netIncome": "450000000"}, {"fiscalDateEnding": "2021-06-30", "reportedCurrency": "USD", "grossProfit": "1233000000", "totalRevenue": "3098000000", "costOfRevenue": "1865000000", "costofGoodsAndServicesSold": "1865000000", "operatingIncome": "424000000", "sellingGeneralAndAdministrative": "675000000", "researchAndDevelopment": "139000000", "operatingExpenses": "809000000", "investmentIncomeNet": "None", "netInterestIncome": "-34000000", "interestIncome": "3000000", "interestExpense": "37000000", "nonInterestIncome": "None", "otherNonOperatingIncome": "2000000", "depreciation": "None", "depreciationAndAmortization": "222000000", "incomeBeforeTax": "392000000", "incomeTaxExpense": "91000000", "interestAndDebtExpense": "None", "netIncomeFromContinuingOperations": "301000000", "comprehensiveIncomeNetOfTax": "None", "ebit": "429000000", "ebitda": "651000000", "netIncome": "298000000"}, {"fiscalDateEnding": "2021-03-31", "reportedCurrency": "USD", "grossProfit": "1145000000", "totalRevenue": "2946000000", "costOfRevenue": "1801000000", "costofGoodsAndServicesSold": "1801000000", "operatingIncome": "390000000", "sellingGeneralAndAdministrative": "627000000", "researchAndDevelopment": "128000000", "operatingExpenses": "755000000", "investmentIncomeNet": "None", "netInterestIncome": "-34000000", "interestIncome": "3000000", "interestExpense": "37000000", "nonInterestIncome": "None", "otherNonOperatingIncome": "-5000000", "depreciation": "None", "depreciationAndAmortization": "217000000", "incomeBeforeTax": "351000000", "incomeTaxExpense": "51000000", "interestAndDebtExpense": "None", "netIncomeFromContinuingOperations": "300000000", "comprehensiveIncomeNetOfTax": "None", "ebit": "388000000", "ebitda": "605000000", "netIncome": "298000000"}, {"fiscalDateEnding": "2020-12-31", "reportedCurrency": "USD", "grossProfit": "1191000000", "totalRevenue": "3181000000", "costOfRevenue": "1990000000", "costofGoodsAndServicesSold": "1990000000", "operatingIncome": "406000000", "sellingGeneralAndAdministrative": "650000000", "researchAndDevelopment": "135000000", "operatingExpenses": "785000000", "investmentIncomeNet": "None", "netInterestIncome": "-38000000", "interestIncome": "38000000", "interestExpense": "41000000", "nonInterestIncome": "None", "otherNonOperatingIncome": "-158000000", "depreciation": "None", "depreciationAndAmortization": "213000000", "incomeBeforeTax": "210000000", "incomeTaxExpense": "39000000", "interestAndDebtExpense": "None", "netIncomeFromContinuingOperations": "171000000", "comprehensiveIncomeNetOfTax": "None", "ebit": "251000000", "ebitda": "464000000", "netIncome": "168000000"}, {"fiscalDateEnding": "2020-09-30", "reportedCurrency": "USD", "grossProfit": "1195000000", "totalRevenue": "2972000000", "costOfRevenue": "1777000000", "costofGoodsAndServicesSold": "1777000000", "operatingIncome": "470000000", "sellingGeneralAndAdministrative": "601000000", "researchAndDevelopment": "123000000", "operatingExpenses": "725000000", "investmentIncomeNet": "None", "netInterestIncome": "-39000000", "interestIncome": "62000000", "interestExpense": "42000000", "nonInterestIncome": "None", "otherNonOperatingIncome": "-16000000", "depreciation": "None", "depreciationAndAmortization": "209000000", "incomeBeforeTax": "415000000", "incomeTaxExpense": "56000000", "interestAndDebtExpense": "None", "netIncomeFromContinuingOperations": "359000000", "comprehensiveIncomeNetOfTax": "None", "ebit": "457000000", "ebitda": "666000000", "netIncome": "356000000"}, {"fiscalDateEnding": "2020-06-30", "reportedCurrency": "USD", "grossProfit": "1038000000", "totalRevenue": "2718000000", "costOfRevenue": "1680000000", "costofGoodsAndServicesSold": "1680000000", "operatingIncome": "331000000", "sellingGeneralAndAdministrative": "590000000", "researchAndDevelopment": "117000000", "operatingExpenses": "707000000", "investmentIncomeNet": "None", "netInterestIncome": "-36000000", "interestIncome": "4000000", "interestExpense": "40000000", "nonInterestIncome": "None", "otherNonOperatingIncome": "-6000000", "depreciation": "None", "depreciationAndAmortization": "202000000", "incomeBeforeTax": "289000000", "incomeTaxExpense": "42000000", "interestAndDebtExpense": "None", "netIncomeFromContinuingOperations": "247000000", "comprehensiveIncomeNetOfTax": "None", "ebit": "329000000", "ebitda": "531000000", "netIncome": "246000000"}, {"fiscalDateEnding": "2020-03-31", "reportedCurrency": "USD", "grossProfit": "1163000000", "totalRevenue": "2802000000", "costOfRevenue": "1639000000", "costofGoodsAndServicesSold": "1639000000", "operatingIncome": "409000000", "sellingGeneralAndAdministrative": "628000000", "researchAndDevelopment": "146000000", "operatingExpenses": "754000000", "investmentIncomeNet": "None", "netInterestIncome": "-21000000", "interestIncome": "9000000", "interestExpense": "30000000", "nonInterestIncome": "None", "otherNonOperatingIncome": "-10000000", "depreciation": "None", "depreciationAndAmortization": "199000000", "incomeBeforeTax": "378000000", "incomeTaxExpense": "45000000", "interestAndDebtExpense": "None", "netIncomeFromContinuingOperations": "333000000", "comprehensiveIncomeNetOfTax": "None", "ebit": "408000000", "ebitda": "607000000", "netIncome": "332000000"}, {"fiscalDateEnding": "2019-12-31", "reportedCurrency": "USD", "grossProfit": "1298000000", "totalRevenue": "3039000000", "costOfRevenue": "1741000000", "costofGoodsAndServicesSold": "1741000000", "operatingIncome": "536000000", "sellingGeneralAndAdministrative": "666000000", "researchAndDevelopment": "156000000", "operatingExpenses": "762000000", "investmentIncomeNet": "None", "netInterestIncome": "-20000000", "interestIncome": "10000000", "interestExpense": "30000000", "nonInterestIncome": "None", "otherNonOperatingIncome": "-775000000", "depreciation": "None", "depreciationAndAmortization": "209000000", "incomeBeforeTax": "-223000000", "incomeTaxExpense": "-204000000", "interestAndDebtExpense": "None", "netIncomeFromContinuingOperations": "-54000000", "comprehensiveIncomeNetOfTax": "None", "ebit": "-193000000", "ebitda": "16000000", "netIncome": "-23000000"}, {"fiscalDateEnding": "2019-09-30", "reportedCurrency": "USD", "grossProfit": "1230000000", "totalRevenue": "2851000000", "costOfRevenue": "1621000000", "costofGoodsAndServicesSold": "1621000000", "operatingIncome": "459000000", "sellingGeneralAndAdministrative": "627000000", "researchAndDevelopment": "144000000", "operatingExpenses": "771000000", "investmentIncomeNet": "None", "netInterestIncome": "-13000000", "interestIncome": "15000000", "interestExpense": "28000000", "nonInterestIncome": "None", "otherNonOperatingIncome": "-9000000", "depreciation": "None", "depreciationAndAmortization": "187000000", "incomeBeforeTax": "481000000", "incomeTaxExpense": "106000000", "interestAndDebtExpense": "None", "netIncomeFromContinuingOperations": "375000000", "comprehensiveIncomeNetOfTax": "None", "ebit": "459000000", "ebitda": "646000000", "netIncome": "369000000"}, {"fiscalDateEnding": "2019-06-30", "reportedCurrency": "USD", "grossProfit": "1153000000", "totalRevenue": "2834000000", "costOfRevenue": "1681000000", "costofGoodsAndServicesSold": "1681000000", "operatingIncome": "350000000", "sellingGeneralAndAdministrative": "641000000", "researchAndDevelopment": "166000000", "operatingExpenses": "803000000", "investmentIncomeNet": "None", "netInterestIncome": "-20000000", "interestIncome": "8000000", "interestExpense": "28000000", "nonInterestIncome": "None", "otherNonOperatingIncome": "28000000", "depreciation": "None", "depreciationAndAmortization": "193000000", "incomeBeforeTax": "326000000", "incomeTaxExpense": "13000000", "interestAndDebtExpense": "None", "netIncomeFromContinuingOperations": "343000000", "comprehensiveIncomeNetOfTax": "None", "ebit": "354000000", "ebitda": "547000000", "netIncome": "313000000"}, {"fiscalDateEnding": "2019-03-31", "reportedCurrency": "USD", "grossProfit": "1080000000", "totalRevenue": "2638000000", "costOfRevenue": "1558000000", "costofGoodsAndServicesSold": "1558000000", "operatingIncome": "383000000", "sellingGeneralAndAdministrative": "601000000", "researchAndDevelopment": "129000000", "operatingExpenses": "697000000", "investmentIncomeNet": "None", "netInterestIncome": "-18000000", "interestIncome": "17000000", "interestExpense": "25000000", "nonInterestIncome": "None", "otherNonOperatingIncome": "25000000", "depreciation": "None", "depreciationAndAmortization": "192000000", "incomeBeforeTax": "386000000", "incomeTaxExpense": "44000000", "interestAndDebtExpense": "None", "netIncomeFromContinuingOperations": "347000000", "comprehensiveIncomeNetOfTax": "None", "ebit": "411000000", "ebitda": "603000000", "netIncome": "342000000"}, {"fiscalDateEnding": "2018-12-31", "reportedCurrency": "USD", "grossProfit": "1192000000", "totalRevenue": "2833000000", "costOfRevenue": "1649000000", "costofGoodsAndServicesSold": "1649000000", "operatingIncome": "398000000", "sellingGeneralAndAdministrative": "9000000", "researchAndDevelopment": "175000000", "operatingExpenses": "794000000", "investmentIncomeNet": "None", "netInterestIncome": "None", "interestIncome": "None", "interestExpense": "23000000", "nonInterestIncome": "None", "otherNonOperatingIncome": "58000000", "depreciation": "None", "depreciationAndAmortization": "191000000", "incomeBeforeTax": "445000000", "incomeTaxExpense": "91000000", "interestAndDebtExpense": "None", "netIncomeFromContinuingOperations": "354000000", "comprehensiveIncomeNetOfTax": "None", "ebit": "468000000", "ebitda": "659000000", "netIncome": "348000000"}, {"fiscalDateEnding": "2018-09-30", "reportedCurrency": "USD", "grossProfit": "1232000000", "totalRevenue": "2761000000", "costOfRevenue": "1529000000", "costofGoodsAndServicesSold": "1529000000", "operatingIncome": "382000000", "sellingGeneralAndAdministrative": "684000000", "researchAndDevelopment": "166000000", "operatingExpenses": "850000000", "investmentIncomeNet": "None", "netInterestIncome": "None", "interestIncome": "None", "interestExpense": "24000000", "nonInterestIncome": "None", "otherNonOperatingIncome": "32000000", "depreciation": "None", "depreciationAndAmortization": "199000000", "incomeBeforeTax": "372000000", "incomeTaxExpense": "-146000000", "interestAndDebtExpense": "None", "netIncomeFromContinuingOperations": "544000000", "comprehensiveIncomeNetOfTax": "None", "ebit": "396000000", "ebitda": "595000000", "netIncome": "518000000"}, {"fiscalDateEnding": "2018-06-30", "reportedCurrency": "USD", "grossProfit": "1239000000", "totalRevenue": "2842000000", "costOfRevenue": "1603000000", "costofGoodsAndServicesSold": "1603000000", "operatingIncome": "384000000", "sellingGeneralAndAdministrative": "681000000", "researchAndDevelopment": "174000000", "operatingExpenses": "855000000", "investmentIncomeNet": "None", "netInterestIncome": "None", "interestIncome": "None", "interestExpense": "24000000", "nonInterestIncome": "None", "otherNonOperatingIncome": "31000000", "depreciation": "None", "depreciationAndAmortization": "195000000", "incomeBeforeTax": "404000000", "incomeTaxExpense": "61000000", "interestAndDebtExpense": "None", "netIncomeFromContinuingOperations": "343000000", "comprehensiveIncomeNetOfTax": "None", "ebit": "428000000", "ebitda": "623000000", "netIncome": "343000000"}, {"fiscalDateEnding": "2018-03-31", "reportedCurrency": "USD", "grossProfit": "1114000000", "totalRevenue": "2677000000", "costOfRevenue": "1563000000", "costofGoodsAndServicesSold": "1563000000", "operatingIncome": "432000000", "sellingGeneralAndAdministrative": "622000000", "researchAndDevelopment": "140000000", "operatingExpenses": "682000000", "investmentIncomeNet": "None", "netInterestIncome": "None", "interestIncome": "None", "interestExpense": "22000000", "nonInterestIncome": "None", "otherNonOperatingIncome": "18000000", "depreciation": "None", "depreciationAndAmortization": "192000000", "incomeBeforeTax": "438000000", "incomeTaxExpense": "49000000", "interestAndDebtExpense": "None", "netIncomeFromContinuingOperations": "389000000", "comprehensiveIncomeNetOfTax": "None", "ebit": "460000000", "ebitda": "652000000", "netIncome": "389000000"}, {"fiscalDateEnding": "2017-12-31", "reportedCurrency": "USD", "grossProfit": "1162000000", "totalRevenue": "2774000000", "costOfRevenue": "1612000000", "costofGoodsAndServicesSold": "1612000000", "operatingIncome": "283000000", "sellingGeneralAndAdministrative": "697000000", "researchAndDevelopment": "182000000", "operatingExpenses": "879000000", "investmentIncomeNet": "None", "netInterestIncome": "None", "interestIncome": "None", "interestExpense": "23000000", "nonInterestIncome": "None", "otherNonOperatingIncome": "24000000", "depreciation": "None", "depreciationAndAmortization": "199000000", "incomeBeforeTax": "293000000", "incomeTaxExpense": "354000000", "interestAndDebtExpense": "None", "netIncomeFromContinuingOperations": "-61000000", "comprehensiveIncomeNetOfTax": "None", "ebit": "316000000", "ebitda": "515000000", "netIncome": "-71000000"}, {"fiscalDateEnding": "2017-09-30", "reportedCurrency": "USD", "grossProfit": "1130000000", "totalRevenue": "2707000000", "costOfRevenue": "1577000000", "costofGoodsAndServicesSold": "1577000000", "operatingIncome": "300000000", "sellingGeneralAndAdministrative": "8000000", "researchAndDevelopment": "150000000", "operatingExpenses": "830000000", "investmentIncomeNet": "None", "netInterestIncome": "None", "interestIncome": "None", "interestExpense": "22000000", "nonInterestIncome": "None", "otherNonOperatingIncome": "12000000", "depreciation": "None", "depreciationAndAmortization": "184000000", "incomeBeforeTax": "290000000", "incomeTaxExpense": "42000000", "interestAndDebtExpense": "None", "netIncomeFromContinuingOperations": "248000000", "comprehensiveIncomeNetOfTax": "None", "ebit": "312000000", "ebitda": "496000000", "netIncome": "251000000"}, {"fiscalDateEnding": "2017-06-30", "reportedCurrency": "USD", "grossProfit": "1132000000", "totalRevenue": "2605000000", "costOfRevenue": "1473000000", "costofGoodsAndServicesSold": "1473000000", "operatingIncome": "347000000", "sellingGeneralAndAdministrative": "8000000", "researchAndDevelopment": "155000000", "operatingExpenses": "785000000", "investmentIncomeNet": "None", "netInterestIncome": "None", "interestIncome": "None", "interestExpense": "21000000", "nonInterestIncome": "None", "otherNonOperatingIncome": "-20000000", "depreciation": "None", "depreciationAndAmortization": "184000000", "incomeBeforeTax": "306000000", "incomeTaxExpense": "42000000", "interestAndDebtExpense": "None", "netIncomeFromContinuingOperations": "264000000", "comprehensiveIncomeNetOfTax": "None", "ebit": "327000000", "ebitda": "511000000", "netIncome": "265000000"}, {"fiscalDateEnding": "2017-03-31", "reportedCurrency": "USD", "grossProfit": "1044000000", "totalRevenue": "2475000000", "costOfRevenue": "1431000000", "costofGoodsAndServicesSold": "1431000000", "operatingIncome": "353000000", "sellingGeneralAndAdministrative": "9000000", "researchAndDevelopment": "127000000", "operatingExpenses": "691000000", "investmentIncomeNet": "None", "netInterestIncome": "None", "interestIncome": "None", "interestExpense": "20000000", "nonInterestIncome": "None", "otherNonOperatingIncome": "-2000000", "depreciation": "None", "depreciationAndAmortization": "194000000", "incomeBeforeTax": "328000000", "incomeTaxExpense": "55000000", "interestAndDebtExpense": "None", "netIncomeFromContinuingOperations": "273000000", "comprehensiveIncomeNetOfTax": "None", "ebit": "348000000", "ebitda": "542000000", "netIncome": "272000000"}, {"fiscalDateEnding": "2016-12-31", "reportedCurrency": "USD", "grossProfit": "1102000000", "totalRevenue": "2645000000", "costOfRevenue": "1543000000", "costofGoodsAndServicesSold": "1543000000", "operatingIncome": "282000000", "sellingGeneralAndAdministrative": "771000000", "researchAndDevelopment": "157000000", "operatingExpenses": "820000000", "investmentIncomeNet": "None", "netInterestIncome": "None", "interestIncome": "None", "interestExpense": "20000000", "nonInterestIncome": "None", "otherNonOperatingIncome": "None", "depreciation": "None", "depreciationAndAmortization": "201000000", "incomeBeforeTax": "279000000", "incomeTaxExpense": "39000000", "interestAndDebtExpense": "None", "netIncomeFromContinuingOperations": "-1686000000", "comprehensiveIncomeNetOfTax": "None", "ebit": "299000000", "ebitda": "500000000", "netIncome": "243000000"}, {"fiscalDateEnding": "2016-09-30", "reportedCurrency": "USD", "grossProfit": "1071000000", "totalRevenue": "2558000000", "costOfRevenue": "1487000000", "costofGoodsAndServicesSold": "1487000000", "operatingIncome": "186000000", "sellingGeneralAndAdministrative": "726000000", "researchAndDevelopment": "159000000", "operatingExpenses": "885000000", "investmentIncomeNet": "None", "netInterestIncome": "None", "interestIncome": "None", "interestExpense": "20000000", "nonInterestIncome": "None", "otherNonOperatingIncome": "-44000000", "depreciation": "None", "depreciationAndAmortization": "204000000", "incomeBeforeTax": "128000000", "incomeTaxExpense": "1000000", "interestAndDebtExpense": "None", "netIncomeFromContinuingOperations": "127000000", "comprehensiveIncomeNetOfTax": "None", "ebit": "148000000", "ebitda": "352000000", "netIncome": "130000000"}, {"fiscalDateEnding": "2016-06-30", "reportedCurrency": "USD", "grossProfit": "972000000", "totalRevenue": "2585000000", "costOfRevenue": "1613000000", "costofGoodsAndServicesSold": "1613000000", "operatingIncome": "68000000", "sellingGeneralAndAdministrative": "709000000", "researchAndDevelopment": "195000000", "operatingExpenses": "904000000", "investmentIncomeNet": "None", "netInterestIncome": "None", "interestIncome": "None", "interestExpense": "16000000", "nonInterestIncome": "None", "otherNonOperatingIncome": "1161000000", "depreciation": "None", "depreciationAndAmortization": "206000000", "incomeBeforeTax": "1218000000", "incomeTaxExpense": "6000000", "interestAndDebtExpense": "None", "netIncomeFromContinuingOperations": "1212000000", "comprehensiveIncomeNetOfTax": "None", "ebit": "1234000000", "ebitda": "1440000000", "netIncome": "1212000000"}, {"fiscalDateEnding": "2016-03-31", "reportedCurrency": "USD", "grossProfit": "965000000", "totalRevenue": "2375000000", "costOfRevenue": "1410000000", "costofGoodsAndServicesSold": "1410000000", "operatingIncome": "188000000", "sellingGeneralAndAdministrative": "641000000", "researchAndDevelopment": "136000000", "operatingExpenses": "777000000", "investmentIncomeNet": "None", "netInterestIncome": "None", "interestIncome": "None", "interestExpense": "33000000", "nonInterestIncome": "None", "otherNonOperatingIncome": "3169000000", "depreciation": "None", "depreciationAndAmortization": "189000000", "incomeBeforeTax": "3329000000", "incomeTaxExpense": "-58000000", "interestAndDebtExpense": "None", "netIncomeFromContinuingOperations": "3387000000", "comprehensiveIncomeNetOfTax": "None", "ebit": "3362000000", "ebitda": "3551000000", "netIncome": "3380000000"}, {"fiscalDateEnding": "2015-12-31", "reportedCurrency": "USD", "grossProfit": "1072000000", "totalRevenue": "2603000000", "costOfRevenue": "1531000000", "costofGoodsAndServicesSold": "1531000000", "operatingIncome": "178000000", "sellingGeneralAndAdministrative": "830000000", "researchAndDevelopment": "161000000", "operatingExpenses": "894000000", "investmentIncomeNet": "None", "netInterestIncome": "None", "interestIncome": "None", "interestExpense": "37000000", "nonInterestIncome": "None", "otherNonOperatingIncome": "None", "depreciation": "None", "depreciationAndAmortization": "166000000", "incomeBeforeTax": "205000000", "incomeTaxExpense": "22000000", "interestAndDebtExpense": "None", "netIncomeFromContinuingOperations": "393000000", "comprehensiveIncomeNetOfTax": "None", "ebit": "242000000", "ebitda": "408000000", "netIncome": "205000000"}, {"fiscalDateEnding": "2015-09-30", "reportedCurrency": "USD", "grossProfit": "1034000000", "totalRevenue": "2487000000", "costOfRevenue": "1453000000", "costofGoodsAndServicesSold": "1453000000", "operatingIncome": "92000000", "sellingGeneralAndAdministrative": "794000000", "researchAndDevelopment": "148000000", "operatingExpenses": "942000000", "investmentIncomeNet": "None", "netInterestIncome": "None", "interestIncome": "None", "interestExpense": "38000000", "nonInterestIncome": "None", "otherNonOperatingIncome": "-91000000", "depreciation": "None", "depreciationAndAmortization": "216000000", "incomeBeforeTax": "-33000000", "incomeTaxExpense": "-35000000", "interestAndDebtExpense": "None", "netIncomeFromContinuingOperations": "2000000", "comprehensiveIncomeNetOfTax": "None", "ebit": "5000000", "ebitda": "221000000", "netIncome": "1000000"}, {"fiscalDateEnding": "2015-06-30", "reportedCurrency": "USD", "grossProfit": "1021000000", "totalRevenue": "2475000000", "costOfRevenue": "1454000000", "costofGoodsAndServicesSold": "1454000000", "operatingIncome": "87000000", "sellingGeneralAndAdministrative": "890000000", "researchAndDevelopment": "151000000", "operatingExpenses": "934000000", "investmentIncomeNet": "None", "netInterestIncome": "None", "interestIncome": "None", "interestExpense": "36000000", "nonInterestIncome": "None", "otherNonOperatingIncome": "None", "depreciation": "None", "depreciationAndAmortization": "190000000", "incomeBeforeTax": "108000000", "incomeTaxExpense": "34000000", "interestAndDebtExpense": "None", "netIncomeFromContinuingOperations": "0", "comprehensiveIncomeNetOfTax": "None", "ebit": "144000000", "ebitda": "334000000", "netIncome": "332000000"}, {"fiscalDateEnding": "2015-03-31", "reportedCurrency": "USD", "grossProfit": "1019000000", "totalRevenue": "2403000000", "costOfRevenue": "1384000000", "costofGoodsAndServicesSold": "1384000000", "operatingIncome": "92000000", "sellingGeneralAndAdministrative": "1015000000", "researchAndDevelopment": "143000000", "operatingExpenses": "927000000", "investmentIncomeNet": "None", "netInterestIncome": "None", "interestIncome": "None", "interestExpense": "35000000", "nonInterestIncome": "None", "otherNonOperatingIncome": "74000000", "depreciation": "None", "depreciationAndAmortization": "187000000", "incomeBeforeTax": "148000000", "incomeTaxExpense": "14000000", "interestAndDebtExpense": "None", "netIncomeFromContinuingOperations": "420000000", "comprehensiveIncomeNetOfTax": "None", "ebit": "183000000", "ebitda": "370000000", "netIncome": "430000000"}, {"fiscalDateEnding": "2014-12-31", "reportedCurrency": "USD", "grossProfit": "2224000000", "totalRevenue": "4472000000", "costOfRevenue": "2248000000", "costofGoodsAndServicesSold": "2248000000", "operatingIncome": "798000000", "sellingGeneralAndAdministrative": "1091000000", "researchAndDevelopment": "335000000", "operatingExpenses": "1426000000", "investmentIncomeNet": "None", "netInterestIncome": "None", "interestIncome": "None", "interestExpense": "36000000", "nonInterestIncome": "None", "otherNonOperatingIncome": "-171000000", "depreciation": "None", "depreciationAndAmortization": "258000000", "incomeBeforeTax": "598000000", "incomeTaxExpense": "74000000", "interestAndDebtExpense": "None", "netIncomeFromContinuingOperations": "423000000", "comprehensiveIncomeNetOfTax": "None", "ebit": "634000000", "ebitda": "892000000", "netIncome": "953000000"}, {"fiscalDateEnding": "2014-09-30", "reportedCurrency": "USD", "grossProfit": "1193000000", "totalRevenue": "2709000000", "costOfRevenue": "1516000000", "costofGoodsAndServicesSold": "1516000000", "operatingIncome": "217000000", "sellingGeneralAndAdministrative": "1040000000", "researchAndDevelopment": "149000000", "operatingExpenses": "976000000", "investmentIncomeNet": "None", "netInterestIncome": "None", "interestIncome": "None", "interestExpense": "36000000", "nonInterestIncome": "None", "otherNonOperatingIncome": "39000000", "depreciation": "None", "depreciationAndAmortization": "103000000", "incomeBeforeTax": "202000000", "incomeTaxExpense": "27000000", "interestAndDebtExpense": "None", "netIncomeFromContinuingOperations": "447000000", "comprehensiveIncomeNetOfTax": "None", "ebit": "238000000", "ebitda": "341000000", "netIncome": "468000000"}, {"fiscalDateEnding": "2014-06-30", "reportedCurrency": "USD", "grossProfit": "1969000000", "totalRevenue": "4154000000", "costOfRevenue": "2185000000", "costofGoodsAndServicesSold": "2185000000", "operatingIncome": "659000000", "sellingGeneralAndAdministrative": "998000000", "researchAndDevelopment": "322000000", "operatingExpenses": "1310000000", "investmentIncomeNet": "None", "netInterestIncome": "None", "interestIncome": "None", "interestExpense": "47000000", "nonInterestIncome": "None", "otherNonOperatingIncome": "-15000000", "depreciation": "None", "depreciationAndAmortization": "253000000", "incomeBeforeTax": "602000000", "incomeTaxExpense": "134000000", "interestAndDebtExpense": "None", "netIncomeFromContinuingOperations": "520000000", "comprehensiveIncomeNetOfTax": "None", "ebit": "649000000", "ebitda": "902000000", "netIncome": "520000000"}, {"fiscalDateEnding": "2014-03-31", "reportedCurrency": "USD", "grossProfit": "1891000000", "totalRevenue": "3848000000", "costOfRevenue": "1957000000", "costofGoodsAndServicesSold": "1957000000", "operatingIncome": "672000000", "sellingGeneralAndAdministrative": "920000000", "researchAndDevelopment": "309000000", "operatingExpenses": "1219000000", "investmentIncomeNet": "None", "netInterestIncome": "None", "interestIncome": "None", "interestExpense": "48000000", "nonInterestIncome": "None", "otherNonOperatingIncome": "24000000", "depreciation": "None", "depreciationAndAmortization": "236000000", "incomeBeforeTax": "653000000", "incomeTaxExpense": "146000000", "interestAndDebtExpense": "None", "netIncomeFromContinuingOperations": "556000000", "comprehensiveIncomeNetOfTax": "None", "ebit": "701000000", "ebitda": "937000000", "netIncome": "556000000"}, {"fiscalDateEnding": "2013-12-31", "reportedCurrency": "USD", "grossProfit": "1954000000", "totalRevenue": "4368000000", "costOfRevenue": "2414000000", "costofGoodsAndServicesSold": "2414000000", "operatingIncome": "453000000", "sellingGeneralAndAdministrative": "795000000", "researchAndDevelopment": "437000000", "operatingExpenses": "1501000000", "investmentIncomeNet": "None", "netInterestIncome": "None", "interestIncome": "None", "interestExpense": "49000000", "nonInterestIncome": "None", "otherNonOperatingIncome": "19000000", "depreciation": "None", "depreciationAndAmortization": "250000000", "incomeBeforeTax": "431000000", "incomeTaxExpense": "105000000", "interestAndDebtExpense": "None", "netIncomeFromContinuingOperations": "326000000", "comprehensiveIncomeNetOfTax": "None", "ebit": "480000000", "ebitda": "730000000", "netIncome": "326000000"}, {"fiscalDateEnding": "2013-09-30", "reportedCurrency": "USD", "grossProfit": "1906000000", "totalRevenue": "3710000000", "costOfRevenue": "1804000000", "costofGoodsAndServicesSold": "1804000000", "operatingIncome": "654000000", "sellingGeneralAndAdministrative": "984000000", "researchAndDevelopment": "277000000", "operatingExpenses": "1252000000", "investmentIncomeNet": "None", "netInterestIncome": "None", "interestIncome": "None", "interestExpense": "51000000", "nonInterestIncome": "None", "otherNonOperatingIncome": "55000000", "depreciation": "None", "depreciationAndAmortization": "207000000", "incomeBeforeTax": "664000000", "incomeTaxExpense": "136000000", "interestAndDebtExpense": "None", "netIncomeFromContinuingOperations": "544000000", "comprehensiveIncomeNetOfTax": "None", "ebit": "715000000", "ebitda": "922000000", "netIncome": "544000000"}, {"fiscalDateEnding": "2013-06-30", "reportedCurrency": "USD", "grossProfit": "1939000000", "totalRevenue": "3669000000", "costOfRevenue": "1730000000", "costofGoodsAndServicesSold": "1730000000", "operatingIncome": "828000000", "sellingGeneralAndAdministrative": "838000000", "researchAndDevelopment": "273000000", "operatingExpenses": "1111000000", "investmentIncomeNet": "None", "netInterestIncome": "None", "interestIncome": "None", "interestExpense": "24000000", "nonInterestIncome": "None", "otherNonOperatingIncome": "-68000000", "depreciation": "None", "depreciationAndAmortization": "183000000", "incomeBeforeTax": "743000000", "incomeTaxExpense": "153000000", "interestAndDebtExpense": "None", "netIncomeFromContinuingOperations": "590000000", "comprehensiveIncomeNetOfTax": "None", "ebit": "767000000", "ebitda": "950000000", "netIncome": "590000000"}, {"fiscalDateEnding": "2013-03-31", "reportedCurrency": "USD", "grossProfit": "1756000000", "totalRevenue": "3448000000", "costOfRevenue": "1692000000", "costofGoodsAndServicesSold": "1692000000", "operatingIncome": "715000000", "sellingGeneralAndAdministrative": "795000000", "researchAndDevelopment": "246000000", "operatingExpenses": "1041000000", "investmentIncomeNet": "None", "netInterestIncome": "None", "interestIncome": "None", "interestExpense": "31000000", "nonInterestIncome": "None", "otherNonOperatingIncome": "3000000", "depreciation": "None", "depreciationAndAmortization": "183000000", "incomeBeforeTax": "693000000", "incomeTaxExpense": "141000000", "interestAndDebtExpense": "None", "netIncomeFromContinuingOperations": "552000000", "comprehensiveIncomeNetOfTax": "None", "ebit": "724000000", "ebitda": "907000000", "netIncome": "552000000"}, {"fiscalDateEnding": "2012-12-31", "reportedCurrency": "USD", "grossProfit": "1905000000", "totalRevenue": "3753000000", "costOfRevenue": "1848000000", "costofGoodsAndServicesSold": "1848000000", "operatingIncome": "574000000", "sellingGeneralAndAdministrative": "752000000", "researchAndDevelopment": "291000000", "operatingExpenses": "1331000000", "investmentIncomeNet": "None", "netInterestIncome": "None", "interestIncome": "None", "interestExpense": "28000000", "nonInterestIncome": "None", "otherNonOperatingIncome": "None", "depreciation": "None", "depreciationAndAmortization": "178000000", "incomeBeforeTax": "574000000", "incomeTaxExpense": "80000000", "interestAndDebtExpense": "None", "netIncomeFromContinuingOperations": "0", "comprehensiveIncomeNetOfTax": "None", "ebit": "602000000", "ebitda": "780000000", "netIncome": "494000000"}, {"fiscalDateEnding": "2012-09-30", "reportedCurrency": "USD", "grossProfit": "1810000000", "totalRevenue": "3477000000", "costOfRevenue": "1667000000", "costofGoodsAndServicesSold": "1667000000", "operatingIncome": "777000000", "sellingGeneralAndAdministrative": "743000000", "researchAndDevelopment": "290000000", "operatingExpenses": "1033000000", "investmentIncomeNet": "None", "netInterestIncome": "None", "interestIncome": "None", "interestExpense": "31000000", "nonInterestIncome": "None", "otherNonOperatingIncome": "None", "depreciation": "None", "depreciationAndAmortization": "179000000", "incomeBeforeTax": "766000000", "incomeTaxExpense": "183000000", "interestAndDebtExpense": "None", "netIncomeFromContinuingOperations": "0", "comprehensiveIncomeNetOfTax": "None", "ebit": "797000000", "ebitda": "976000000", "netIncome": "583000000"}, {"fiscalDateEnding": "2012-06-30", "reportedCurrency": "USD", "grossProfit": "1872000000", "totalRevenue": "3572000000", "costOfRevenue": "1700000000", "costofGoodsAndServicesSold": "1700000000", "operatingIncome": "777000000", "sellingGeneralAndAdministrative": "789000000", "researchAndDevelopment": "306000000", "operatingExpenses": "1095000000", "investmentIncomeNet": "None", "netInterestIncome": "None", "interestIncome": "None", "interestExpense": "27000000", "nonInterestIncome": "None", "otherNonOperatingIncome": "None", "depreciation": "None", "depreciationAndAmortization": "180000000", "incomeBeforeTax": "817000000", "incomeTaxExpense": "156000000", "interestAndDebtExpense": "None", "netIncomeFromContinuingOperations": "0", "comprehensiveIncomeNetOfTax": "None", "ebit": "844000000", "ebitda": "1024000000", "netIncome": "661000000"}, {"fiscalDateEnding": "2012-03-31", "reportedCurrency": "USD", "grossProfit": "1714000000", "totalRevenue": "3388000000", "costOfRevenue": "1674000000", "costofGoodsAndServicesSold": "1674000000", "operatingIncome": "693000000", "sellingGeneralAndAdministrative": "752000000", "researchAndDevelopment": "269000000", "operatingExpenses": "1021000000", "investmentIncomeNet": "None", "netInterestIncome": "None", "interestIncome": "None", "interestExpense": "27000000", "nonInterestIncome": "None", "otherNonOperatingIncome": "None", "depreciation": "None", "depreciationAndAmortization": "175000000", "incomeBeforeTax": "732000000", "incomeTaxExpense": "144000000", "interestAndDebtExpense": "None", "netIncomeFromContinuingOperations": "0", "comprehensiveIncomeNetOfTax": "None", "ebit": "759000000", "ebitda": "934000000", "netIncome": "588000000"}, {"fiscalDateEnding": "2011-12-31", "reportedCurrency": "USD", "grossProfit": "1765000000", "totalRevenue": "3594000000", "costOfRevenue": "1829000000", "costofGoodsAndServicesSold": "1829000000", "operatingIncome": "625000000", "sellingGeneralAndAdministrative": "1043000000", "researchAndDevelopment": "254000000", "operatingExpenses": "1140000000", "investmentIncomeNet": "None", "netInterestIncome": "None", "interestIncome": "None", "interestExpense": "25000000", "nonInterestIncome": "None", "otherNonOperatingIncome": "None", "depreciation": "None", "depreciationAndAmortization": "167000000", "incomeBeforeTax": "548000000", "incomeTaxExpense": "76000000", "interestAndDebtExpense": "None", "netIncomeFromContinuingOperations": "0", "comprehensiveIncomeNetOfTax": "None", "ebit": "573000000", "ebitda": "740000000", "netIncome": "463000000"}, {"fiscalDateEnding": "2011-09-30", "reportedCurrency": "USD", "grossProfit": "1771000000", "totalRevenue": "3479000000", "costOfRevenue": "1708000000", "costofGoodsAndServicesSold": "1708000000", "operatingIncome": "745000000", "sellingGeneralAndAdministrative": "787000000", "researchAndDevelopment": "239000000", "operatingExpenses": "1026000000", "investmentIncomeNet": "None", "netInterestIncome": "None", "interestIncome": "None", "interestExpense": "23000000", "nonInterestIncome": "None", "otherNonOperatingIncome": "-4000000", "depreciation": "None", "depreciationAndAmortization": "176000000", "incomeBeforeTax": "727000000", "incomeTaxExpense": "149000000", "interestAndDebtExpense": "None", "netIncomeFromContinuingOperations": "578000000", "comprehensiveIncomeNetOfTax": "None", "ebit": "750000000", "ebitda": "926000000", "netIncome": "576000000"}, {"fiscalDateEnding": "2011-06-30", "reportedCurrency": "USD", "grossProfit": "1835000000", "totalRevenue": "3536000000", "costOfRevenue": "1701000000", "costofGoodsAndServicesSold": "1701000000", "operatingIncome": "831000000", "sellingGeneralAndAdministrative": "765000000", "researchAndDevelopment": "239000000", "operatingExpenses": "1004000000", "investmentIncomeNet": "None", "netInterestIncome": "None", "interestIncome": "None", "interestExpense": "22000000", "nonInterestIncome": "None", "otherNonOperatingIncome": "-13000000", "depreciation": "None", "depreciationAndAmortization": "169000000", "incomeBeforeTax": "803000000", "incomeTaxExpense": "174000000", "interestAndDebtExpense": "None", "netIncomeFromContinuingOperations": "629000000", "comprehensiveIncomeNetOfTax": "None", "ebit": "825000000", "ebitda": "994000000", "netIncome": "615000000"}, {"fiscalDateEnding": "2011-03-31", "reportedCurrency": "USD", "grossProfit": "1675000000", "totalRevenue": "3284000000", "costOfRevenue": "1609000000", "costofGoodsAndServicesSold": "1609000000", "operatingIncome": "745000000", "sellingGeneralAndAdministrative": "716000000", "researchAndDevelopment": "214000000", "operatingExpenses": "930000000", "investmentIncomeNet": "None", "netInterestIncome": "None", "interestIncome": "None", "interestExpense": "22000000", "nonInterestIncome": "None", "otherNonOperatingIncome": "-4000000", "depreciation": "None", "depreciationAndAmortization": "158000000", "incomeBeforeTax": "731000000", "incomeTaxExpense": "154000000", "interestAndDebtExpense": "None", "netIncomeFromContinuingOperations": "577000000", "comprehensiveIncomeNetOfTax": "None", "ebit": "753000000", "ebitda": "911000000", "netIncome": "570000000"}, {"fiscalDateEnding": "2010-12-31", "reportedCurrency": "USD", "grossProfit": "1618000000", "totalRevenue": "3498000000", "costOfRevenue": "1880000000", "costofGoodsAndServicesSold": "1880000000", "operatingIncome": "523000000", "sellingGeneralAndAdministrative": "833000000", "researchAndDevelopment": "262000000", "operatingExpenses": "1095000000", "investmentIncomeNet": "None", "netInterestIncome": "None", "interestIncome": "None", "interestExpense": "27000000", "nonInterestIncome": "None", "otherNonOperatingIncome": "None", "depreciation": "None", "depreciationAndAmortization": "179000000", "incomeBeforeTax": "467000000", "incomeTaxExpense": "41000000", "interestAndDebtExpense": "None", "netIncomeFromContinuingOperations": "0", "comprehensiveIncomeNetOfTax": "None", "ebit": "494000000", "ebitda": "673000000", "netIncome": "423000000"}, {"fiscalDateEnding": "2010-09-30", "reportedCurrency": "USD", "grossProfit": "1659000000", "totalRevenue": "3224000000", "costOfRevenue": "1565000000", "costofGoodsAndServicesSold": "1565000000", "operatingIncome": "782000000", "sellingGeneralAndAdministrative": "670000000", "researchAndDevelopment": "207000000", "operatingExpenses": "877000000", "investmentIncomeNet": "None", "netInterestIncome": "None", "interestIncome": "None", "interestExpense": "30000000", "nonInterestIncome": "None", "otherNonOperatingIncome": "None", "depreciation": "None", "depreciationAndAmortization": "171000000", "incomeBeforeTax": "641000000", "incomeTaxExpense": "117000000", "interestAndDebtExpense": "None", "netIncomeFromContinuingOperations": "0", "comprehensiveIncomeNetOfTax": "None", "ebit": "671000000", "ebitda": "842000000", "netIncome": "525000000"}, {"fiscalDateEnding": "2010-06-30", "reportedCurrency": "USD", "grossProfit": "1638000000", "totalRevenue": "3194000000", "costOfRevenue": "1556000000", "costofGoodsAndServicesSold": "1556000000", "operatingIncome": "698000000", "sellingGeneralAndAdministrative": "721000000", "researchAndDevelopment": "219000000", "operatingExpenses": "940000000", "investmentIncomeNet": "None", "netInterestIncome": "None", "interestIncome": "None", "interestExpense": "30000000", "nonInterestIncome": "None", "otherNonOperatingIncome": "None", "depreciation": "None", "depreciationAndAmortization": "169000000", "incomeBeforeTax": "670000000", "incomeTaxExpense": "133000000", "interestAndDebtExpense": "None", "netIncomeFromContinuingOperations": "0", "comprehensiveIncomeNetOfTax": "None", "ebit": "700000000", "ebitda": "869000000", "netIncome": "535000000"}, {"fiscalDateEnding": "2010-03-31", "reportedCurrency": "USD", "grossProfit": "1043000000", "totalRevenue": "2927000000", "costOfRevenue": "1884000000", "costofGoodsAndServicesSold": "1884000000", "operatingIncome": "133000000", "sellingGeneralAndAdministrative": "683000000", "researchAndDevelopment": "227000000", "operatingExpenses": "910000000", "investmentIncomeNet": "None", "netInterestIncome": "None", "interestIncome": "None", "interestExpense": "28000000", "nonInterestIncome": "None", "otherNonOperatingIncome": "None", "depreciation": "None", "depreciationAndAmortization": "166000000", "incomeBeforeTax": "112000000", "incomeTaxExpense": "172000000", "interestAndDebtExpense": "None", "netIncomeFromContinuingOperations": "0", "comprehensiveIncomeNetOfTax": "None", "ebit": "140000000", "ebitda": "306000000", "netIncome": "-63000000"}, {"fiscalDateEnding": "2009-12-31", "reportedCurrency": "USD", "grossProfit": "1767000000", "totalRevenue": "3470000000", "costOfRevenue": "1703000000", "costofGoodsAndServicesSold": "1703000000", "operatingIncome": "733000000", "sellingGeneralAndAdministrative": "788000000", "researchAndDevelopment": "246000000", "operatingExpenses": "1034000000", "investmentIncomeNet": "None", "netInterestIncome": "None", "interestIncome": "None", "interestExpense": "44000000", "nonInterestIncome": "None", "otherNonOperatingIncome": "None", "depreciation": "None", "depreciationAndAmortization": "172000000", "incomeBeforeTax": "715000000", "incomeTaxExpense": "139000000", "interestAndDebtExpense": "None", "netIncomeFromContinuingOperations": "0", "comprehensiveIncomeNetOfTax": "None", "ebit": "759000000", "ebitda": "931000000", "netIncome": "572000000"}, {"fiscalDateEnding": "2009-09-30", "reportedCurrency": "USD", "grossProfit": "1632000000", "totalRevenue": "3145000000", "costOfRevenue": "1513000000", "costofGoodsAndServicesSold": "1513000000", "operatingIncome": "732000000", "sellingGeneralAndAdministrative": "672000000", "researchAndDevelopment": "228000000", "operatingExpenses": "900000000", "investmentIncomeNet": "None", "netInterestIncome": "None", "interestIncome": "None", "interestExpense": "27000000", "nonInterestIncome": "None", "otherNonOperatingIncome": "None", "depreciation": "None", "depreciationAndAmortization": "164000000", "incomeBeforeTax": "658000000", "incomeTaxExpense": "126000000", "interestAndDebtExpense": "None", "netIncomeFromContinuingOperations": "0", "comprehensiveIncomeNetOfTax": "None", "ebit": "685000000", "ebitda": "849000000", "netIncome": "530000000"}, {"fiscalDateEnding": "2009-06-30", "reportedCurrency": "USD", "grossProfit": "1638000000", "totalRevenue": "3123000000", "costOfRevenue": "1485000000", "costofGoodsAndServicesSold": "1485000000", "operatingIncome": "747000000", "sellingGeneralAndAdministrative": "660000000", "researchAndDevelopment": "231000000", "operatingExpenses": "891000000", "investmentIncomeNet": "None", "netInterestIncome": "None", "interestIncome": "None", "interestExpense": "29000000", "nonInterestIncome": "None", "otherNonOperatingIncome": "None", "depreciation": "None", "depreciationAndAmortization": "154000000", "incomeBeforeTax": "724000000", "incomeTaxExpense": "135000000", "interestAndDebtExpense": "None", "netIncomeFromContinuingOperations": "0", "comprehensiveIncomeNetOfTax": "None", "ebit": "753000000", "ebitda": "907000000", "netIncome": "587000000"}, {"fiscalDateEnding": "2009-03-31", "reportedCurrency": "USD", "grossProfit": "1488000000", "totalRevenue": "2824000000", "costOfRevenue": "1336000000", "costofGoodsAndServicesSold": "1336000000", "operatingIncome": "665000000", "sellingGeneralAndAdministrative": "611000000", "researchAndDevelopment": "212000000", "operatingExpenses": "823000000", "investmentIncomeNet": "None", "netInterestIncome": "None", "interestIncome": "None", "interestExpense": "31000000", "nonInterestIncome": "None", "otherNonOperatingIncome": "None", "depreciation": "None", "depreciationAndAmortization": "148000000", "incomeBeforeTax": "637000000", "incomeTaxExpense": "119000000", "interestAndDebtExpense": "None", "netIncomeFromContinuingOperations": "0", "comprehensiveIncomeNetOfTax": "None", "ebit": "668000000", "ebitda": "816000000", "netIncome": "516000000"}, {"fiscalDateEnding": "2008-12-31", "reportedCurrency": "USD", "grossProfit": "1602000000", "totalRevenue": "3131000000", "costOfRevenue": "1529000000", "costofGoodsAndServicesSold": "1529000000", "operatingIncome": "702000000", "sellingGeneralAndAdministrative": "674000000", "researchAndDevelopment": "226000000", "operatingExpenses": "900000000", "investmentIncomeNet": "None", "netInterestIncome": "None", "interestIncome": "None", "interestExpense": "35000000", "nonInterestIncome": "None", "otherNonOperatingIncome": "None", "depreciation": "None", "depreciationAndAmortization": "150000000", "incomeBeforeTax": "687000000", "incomeTaxExpense": "118000000", "interestAndDebtExpense": "None", "netIncomeFromContinuingOperations": "0", "comprehensiveIncomeNetOfTax": "None", "ebit": "737000000", "ebitda": "887000000", "netIncome": "569000000"}, {"fiscalDateEnding": "2008-09-30", "reportedCurrency": "USD", "grossProfit": "1521000000", "totalRevenue": "3151000000", "costOfRevenue": "1630000000", "costofGoodsAndServicesSold": "1630000000", "operatingIncome": "610000000", "sellingGeneralAndAdministrative": "681000000", "researchAndDevelopment": "230000000", "operatingExpenses": "911000000", "investmentIncomeNet": "None", "netInterestIncome": "None", "interestIncome": "None", "interestExpense": "37000000", "nonInterestIncome": "None", "otherNonOperatingIncome": "None", "depreciation": "None", "depreciationAndAmortization": "165000000", "incomeBeforeTax": "562000000", "incomeTaxExpense": "86000000", "interestAndDebtExpense": "None", "netIncomeFromContinuingOperations": "0", "comprehensiveIncomeNetOfTax": "None", "ebit": "599000000", "ebitda": "764000000", "netIncome": "472000000"}, {"fiscalDateEnding": "2008-06-30", "reportedCurrency": "USD", "grossProfit": "1627000000", "totalRevenue": "3189000000", "costOfRevenue": "1562000000", "costofGoodsAndServicesSold": "1562000000", "operatingIncome": "702000000", "sellingGeneralAndAdministrative": "703000000", "researchAndDevelopment": "222000000", "operatingExpenses": "925000000", "investmentIncomeNet": "None", "netInterestIncome": "None", "interestIncome": "None", "interestExpense": "25000000", "nonInterestIncome": "None", "otherNonOperatingIncome": "None", "depreciation": "None", "depreciationAndAmortization": "160000000", "incomeBeforeTax": "676000000", "incomeTaxExpense": "128000000", "interestAndDebtExpense": "None", "netIncomeFromContinuingOperations": "0", "comprehensiveIncomeNetOfTax": "None", "ebit": "701000000", "ebitda": "861000000", "netIncome": "544000000"}, {"fiscalDateEnding": "2008-03-31", "reportedCurrency": "USD", "grossProfit": "1380000000", "totalRevenue": "2877000000", "costOfRevenue": "1497000000", "costofGoodsAndServicesSold": "1497000000", "operatingIncome": "550000000", "sellingGeneralAndAdministrative": "640000000", "researchAndDevelopment": "190000000", "operatingExpenses": "830000000", "investmentIncomeNet": "None", "netInterestIncome": "None", "interestIncome": "None", "interestExpense": "37000000", "nonInterestIncome": "None", "otherNonOperatingIncome": "None", "depreciation": "None", "depreciationAndAmortization": "156000000", "incomeBeforeTax": "537000000", "incomeTaxExpense": "105000000", "interestAndDebtExpense": "None", "netIncomeFromContinuingOperations": "0", "comprehensiveIncomeNetOfTax": "None", "ebit": "574000000", "ebitda": "730000000", "netIncome": "429000000"}, {"fiscalDateEnding": "2007-12-31", "reportedCurrency": "USD", "grossProfit": "1485000000", "totalRevenue": "3009000000", "costOfRevenue": "1524000000", "costofGoodsAndServicesSold": "1524000000", "operatingIncome": "610000000", "sellingGeneralAndAdministrative": "654000000", "researchAndDevelopment": "221000000", "operatingExpenses": "875000000", "investmentIncomeNet": "None", "netInterestIncome": "None", "interestIncome": "None", "interestExpense": "34000000", "nonInterestIncome": "None", "otherNonOperatingIncome": "None", "depreciation": "None", "depreciationAndAmortization": "153000000", "incomeBeforeTax": "594000000", "incomeTaxExpense": "116000000", "interestAndDebtExpense": "None", "netIncomeFromContinuingOperations": "0", "comprehensiveIncomeNetOfTax": "None", "ebit": "610000000", "ebitda": "763000000", "netIncome": "478000000"}, {"fiscalDateEnding": "2007-09-30", "reportedCurrency": "USD", "grossProfit": "1376000000", "totalRevenue": "2750000000", "costOfRevenue": "1374000000", "costofGoodsAndServicesSold": "1374000000", "operatingIncome": "510000000", "sellingGeneralAndAdministrative": "663000000", "researchAndDevelopment": "203000000", "operatingExpenses": "866000000", "investmentIncomeNet": "None", "netInterestIncome": "None", "interestIncome": "None", "interestExpense": "30000000", "nonInterestIncome": "None", "otherNonOperatingIncome": "None", "depreciation": "None", "depreciationAndAmortization": "141000000", "incomeBeforeTax": "483000000", "incomeTaxExpense": "88000000", "interestAndDebtExpense": "None", "netIncomeFromContinuingOperations": "0", "comprehensiveIncomeNetOfTax": "None", "ebit": "510000000", "ebitda": "651000000", "netIncome": "395000000"}, {"fiscalDateEnding": "2007-06-30", "reportedCurrency": "USD", "grossProfit": "1392000000", "totalRevenue": "2829000000", "costOfRevenue": "1437000000", "costofGoodsAndServicesSold": "1437000000", "operatingIncome": "524000000", "sellingGeneralAndAdministrative": "621000000", "researchAndDevelopment": "177000000", "operatingExpenses": "868000000", "investmentIncomeNet": "None", "netInterestIncome": "None", "interestIncome": "None", "interestExpense": "31000000", "nonInterestIncome": "None", "otherNonOperatingIncome": "None", "depreciation": "None", "depreciationAndAmortization": "147000000", "incomeBeforeTax": "508000000", "incomeTaxExpense": "77000000", "interestAndDebtExpense": "None", "netIncomeFromContinuingOperations": "0", "comprehensiveIncomeNetOfTax": "None", "ebit": "594000000", "ebitda": "741000000", "netIncome": "431000000"}, {"fiscalDateEnding": "2007-03-31", "reportedCurrency": "USD", "grossProfit": "1266000000", "totalRevenue": "2675000000", "costOfRevenue": "1409000000", "costofGoodsAndServicesSold": "1409000000", "operatingIncome": "524000000", "sellingGeneralAndAdministrative": "583000000", "researchAndDevelopment": "159000000", "operatingExpenses": "742000000", "investmentIncomeNet": "None", "netInterestIncome": "None", "interestIncome": "None", "interestExpense": "5000000", "nonInterestIncome": "None", "otherNonOperatingIncome": "None", "depreciation": "None", "depreciationAndAmortization": "140000000", "incomeBeforeTax": "529000000", "incomeTaxExpense": "126000000", "interestAndDebtExpense": "None", "netIncomeFromContinuingOperations": "0", "comprehensiveIncomeNetOfTax": "None", "ebit": "524000000", "ebitda": "664000000", "netIncome": "403000000"}, {"fiscalDateEnding": "2006-12-31", "reportedCurrency": "USD", "grossProfit": "1315000000", "totalRevenue": "2763000000", "costOfRevenue": "1448000000", "costofGoodsAndServicesSold": "1448000000", "operatingIncome": "522000000", "sellingGeneralAndAdministrative": "612000000", "researchAndDevelopment": "181000000", "operatingExpenses": "793000000", "investmentIncomeNet": "None", "netInterestIncome": "None", "interestIncome": "None", "interestExpense": "31000000", "nonInterestIncome": "None", "otherNonOperatingIncome": "None", "depreciation": "None", "depreciationAndAmortization": "144000000", "incomeBeforeTax": "515000000", "incomeTaxExpense": "82000000", "interestAndDebtExpense": "None", "netIncomeFromContinuingOperations": "0", "comprehensiveIncomeNetOfTax": "None", "ebit": "522000000", "ebitda": "666000000", "netIncome": "431000000"}, {"fiscalDateEnding": "2006-09-30", "reportedCurrency": "USD", "grossProfit": "1215000000", "totalRevenue": "2557000000", "costOfRevenue": "1342000000", "costofGoodsAndServicesSold": "1342000000", "operatingIncome": "504000000", "sellingGeneralAndAdministrative": "562000000", "researchAndDevelopment": "149000000", "operatingExpenses": "711000000", "investmentIncomeNet": "None", "netInterestIncome": "None", "interestIncome": "None", "interestExpense": "25000000", "nonInterestIncome": "None", "otherNonOperatingIncome": "None", "depreciation": "None", "depreciationAndAmortization": "146000000", "incomeBeforeTax": "479000000", "incomeTaxExpense": "105000000", "interestAndDebtExpense": "None", "netIncomeFromContinuingOperations": "0", "comprehensiveIncomeNetOfTax": "None", "ebit": "504000000", "ebitda": "650000000", "netIncome": "374000000"}, {"fiscalDateEnding": "2006-06-30", "reportedCurrency": "USD", "grossProfit": "1155000000", "totalRevenue": "2649000000", "costOfRevenue": "1494000000", "costofGoodsAndServicesSold": "1494000000", "operatingIncome": "427000000", "sellingGeneralAndAdministrative": "582000000", "researchAndDevelopment": "146000000", "operatingExpenses": "728000000", "investmentIncomeNet": "None", "netInterestIncome": "None", "interestIncome": "None", "interestExpense": "18000000", "nonInterestIncome": "None", "otherNonOperatingIncome": "None", "depreciation": "None", "depreciationAndAmortization": "146000000", "incomeBeforeTax": "398000000", "incomeTaxExpense": "89000000", "interestAndDebtExpense": "None", "netIncomeFromContinuingOperations": "0", "comprehensiveIncomeNetOfTax": "None", "ebit": "427000000", "ebitda": "573000000", "netIncome": "309000000"}, {"fiscalDateEnding": "2006-03-31", "reportedCurrency": "USD", "grossProfit": "1052000000", "totalRevenue": "2409000000", "costOfRevenue": "1357000000", "costofGoodsAndServicesSold": "1357000000", "operatingIncome": "388000000", "sellingGeneralAndAdministrative": "526000000", "researchAndDevelopment": "138000000", "operatingExpenses": "664000000", "investmentIncomeNet": "None", "netInterestIncome": "None", "interestIncome": "None", "interestExpense": "27000000", "nonInterestIncome": "None", "otherNonOperatingIncome": "None", "depreciation": "None", "depreciationAndAmortization": "139000000", "incomeBeforeTax": "354000000", "incomeTaxExpense": "72000000", "interestAndDebtExpense": "None", "netIncomeFromContinuingOperations": "0", "comprehensiveIncomeNetOfTax": "None", "ebit": "388000000", "ebitda": "527000000", "netIncome": "282000000"}, {"fiscalDateEnding": "2005-12-31", "reportedCurrency": "USD", "grossProfit": "1001000000", "totalRevenue": "2491000000", "costOfRevenue": "1490000000", "costofGoodsAndServicesSold": "1490000000", "operatingIncome": "348000000", "sellingGeneralAndAdministrative": "519000000", "researchAndDevelopment": "134000000", "operatingExpenses": "653000000", "investmentIncomeNet": "None", "netInterestIncome": "None", "interestIncome": "None", "interestExpense": "23000000", "nonInterestIncome": "None", "otherNonOperatingIncome": "None", "depreciation": "None", "depreciationAndAmortization": "143000000", "incomeBeforeTax": "384000000", "incomeTaxExpense": "90000000", "interestAndDebtExpense": "None", "netIncomeFromContinuingOperations": "0", "comprehensiveIncomeNetOfTax": "None", "ebit": "348000000", "ebitda": "491000000", "netIncome": "292000000"}]}