{"symbol": "AMST", "annualReports": [{"fiscalDateEnding": "2025-06-30", "reportedCurrency": "USD", "grossProfit": "-323344", "totalRevenue": "110459", "costOfRevenue": "433803", "costofGoodsAndServicesSold": "433803", "operatingIncome": "-3603613", "sellingGeneralAndAdministrative": "2477888", "researchAndDevelopment": "282699", "operatingExpenses": "3280269", "investmentIncomeNet": "None", "netInterestIncome": "77396", "interestIncome": "77396", "interestExpense": "None", "nonInterestIncome": "None", "otherNonOperatingIncome": "None", "depreciation": "None", "depreciationAndAmortization": "433803", "incomeBeforeTax": "-3617086", "incomeTaxExpense": "None", "interestAndDebtExpense": "None", "netIncomeFromContinuingOperations": "-3617086", "comprehensiveIncomeNetOfTax": "None", "ebit": "-3617086", "ebitda": "-3183283", "netIncome": "-3617086"}, {"fiscalDateEnding": "2024-06-30", "reportedCurrency": "USD", "grossProfit": "166881", "totalRevenue": "166881", "costOfRevenue": "533667", "costofGoodsAndServicesSold": "533667", "operatingIncome": "-4579651", "sellingGeneralAndAdministrative": "2908289", "researchAndDevelopment": "1074328", "operatingExpenses": "4746532", "investmentIncomeNet": "None", "netInterestIncome": "176469", "interestIncome": "176469", "interestExpense": "0", "nonInterestIncome": "None", "otherNonOperatingIncome": "None", "depreciation": "None", "depreciationAndAmortization": "533667", "incomeBeforeTax": "-4403182", "incomeTaxExpense": "176469", "interestAndDebtExpense": "None", "netIncomeFromContinuingOperations": "-4403182", "comprehensiveIncomeNetOfTax": "None", "ebit": "-4403182", "ebitda": "-3869515", "netIncome": "-4403182"}, {"fiscalDateEnding": "2023-06-30", "reportedCurrency": "USD", "grossProfit": "162524", "totalRevenue": "845009", "costOfRevenue": "682485", "costofGoodsAndServicesSold": "682485", "operatingIncome": "-4224508", "sellingGeneralAndAdministrative": "2492777", "researchAndDevelopment": "866410", "operatingExpenses": "4387032", "investmentIncomeNet": "None", "netInterestIncome": "72824", "interestIncome": "72824", "interestExpense": "11504", "nonInterestIncome": "None", "otherNonOperatingIncome": "None", "depreciation": "None", "depreciationAndAmortization": "682485", "incomeBeforeTax": "-4153303", "incomeTaxExpense": "-72824", "interestAndDebtExpense": "None", "netIncomeFromContinuingOperations": "-4153303", "comprehensiveIncomeNetOfTax": "None", "ebit": "-4153304", "ebitda": "-3470819", "netIncome": "-4153303"}, {"fiscalDateEnding": "2022-06-30", "reportedCurrency": "USD", "grossProfit": "-178603", "totalRevenue": "697000", "costOfRevenue": "875604", "costofGoodsAndServicesSold": "875604", "operatingIncome": "-9056518", "sellingGeneralAndAdministrative": "4620431", "researchAndDevelopment": "2214333", "operatingExpenses": "8877915", "investmentIncomeNet": "None", "netInterestIncome": "-3405", "interestIncome": "9230", "interestExpense": "12635", "nonInterestIncome": "None", "otherNonOperatingIncome": "None", "depreciation": "None", "depreciationAndAmortization": "875604", "incomeBeforeTax": "-9059923", "incomeTaxExpense": "12635", "interestAndDebtExpense": "None", "netIncomeFromContinuingOperations": "-9059923", "comprehensiveIncomeNetOfTax": "None", "ebit": "-9047288", "ebitda": "-8171684", "netIncome": "-9059923"}, {"fiscalDateEnding": "2021-06-30", "reportedCurrency": "USD", "grossProfit": "674580", "totalRevenue": "674580", "costOfRevenue": "None", "costofGoodsAndServicesSold": "None", "operatingIncome": "-7972419", "sellingGeneralAndAdministrative": "4620431", "researchAndDevelopment": "2276555", "operatingExpenses": "8648592", "investmentIncomeNet": "None", "netInterestIncome": "-3612280", "interestIncome": "1593", "interestExpense": "3613873", "nonInterestIncome": "None", "otherNonOperatingIncome": "None", "depreciation": "None", "depreciationAndAmortization": "751498", "incomeBeforeTax": "-11586292", "incomeTaxExpense": "3613873", "interestAndDebtExpense": "None", "netIncomeFromContinuingOperations": "-11586292", "comprehensiveIncomeNetOfTax": "None", "ebit": "-7972419", "ebitda": "-7220921", "netIncome": "-15200165"}, {"fiscalDateEnding": "2020-06-30", "reportedCurrency": "USD", "grossProfit": "59749", "totalRevenue": "59749", "costOfRevenue": "None", "costofGoodsAndServicesSold": "None", "operatingIncome": "-3218212", "sellingGeneralAndAdministrative": "2046968", "researchAndDevelopment": "482000", "operatingExpenses": "3277961", "investmentIncomeNet": "None", "netInterestIncome": "-87919", "interestIncome": "17158", "interestExpense": "105077", "nonInterestIncome": "None", "otherNonOperatingIncome": "None", "depreciation": "None", "depreciationAndAmortization": "40257", "incomeBeforeTax": "-4170302", "incomeTaxExpense": "105077", "interestAndDebtExpense": "None", "netIncomeFromContinuingOperations": "-4170303", "comprehensiveIncomeNetOfTax": "None", "ebit": "-4082384", "ebitda": "-4042127", "netIncome": "-4170302"}, {"fiscalDateEnding": "2019-06-30", "reportedCurrency": "USD", "grossProfit": "14920", "totalRevenue": "14920", "costOfRevenue": "None", "costofGoodsAndServicesSold": "None", "operatingIncome": "-3970252", "sellingGeneralAndAdministrative": "2923002", "researchAndDevelopment": "151437", "operatingExpenses": "3825301", "investmentIncomeNet": "None", "netInterestIncome": "31321", "interestIncome": "31321", "interestExpense": "0", "nonInterestIncome": "None", "otherNonOperatingIncome": "None", "depreciation": "None", "depreciationAndAmortization": "159871", "incomeBeforeTax": "-3938931", "incomeTaxExpense": "31319", "interestAndDebtExpense": "None", "netIncomeFromContinuingOperations": "-3938931", "comprehensiveIncomeNetOfTax": "None", "ebit": "-3938931", "ebitda": "-3779060", "netIncome": "-3938931"}, {"fiscalDateEnding": "2018-06-30", "reportedCurrency": "USD", "grossProfit": "-141462", "totalRevenue": "None", "costOfRevenue": "141462", "costofGoodsAndServicesSold": "141462", "operatingIncome": "-980204", "sellingGeneralAndAdministrative": "703224", "researchAndDevelopment": "78724", "operatingExpenses": "838742", "investmentIncomeNet": "None", "netInterestIncome": "None", "interestIncome": "None", "interestExpense": "0", "nonInterestIncome": "None", "otherNonOperatingIncome": "None", "depreciation": "None", "depreciationAndAmortization": "2734", "incomeBeforeTax": "-980204", "incomeTaxExpense": "-4", "interestAndDebtExpense": "None", "netIncomeFromContinuingOperations": "None", "comprehensiveIncomeNetOfTax": "None", "ebit": "-980204", "ebitda": "-977470", "netIncome": "-980204"}], "quarterlyReports": [{"fiscalDateEnding": "2025-12-31", "reportedCurrency": "USD", "grossProfit": "40310", "totalRevenue": "108050", "costOfRevenue": "67740", "costofGoodsAndServicesSold": "67740", "operatingIncome": "-745253", "sellingGeneralAndAdministrative": "578940", "researchAndDevelopment": "164853", "operatingExpenses": "785563", "investmentIncomeNet": "None", "netInterestIncome": "12705", "interestIncome": "12705", "interestExpense": "None", "nonInterestIncome": "None", "otherNonOperatingIncome": "None", "depreciation": "None", "depreciationAndAmortization": "67740", "incomeBeforeTax": "-732548", "incomeTaxExpense": "None", "interestAndDebtExpense": "None", "netIncomeFromContinuingOperations": "-732548", "comprehensiveIncomeNetOfTax": "None", "ebit": "-732548", "ebitda": "-664808", "netIncome": "-732548"}, {"fiscalDateEnding": "2025-09-30", "reportedCurrency": "USD", "grossProfit": "94296", "totalRevenue": "94296", "costOfRevenue": "60440", "costofGoodsAndServicesSold": "60440", "operatingIncome": "-662124", "sellingGeneralAndAdministrative": "547060", "researchAndDevelopment": "102888", "operatingExpenses": "756420", "investmentIncomeNet": "None", "netInterestIncome": "19858", "interestIncome": "19858", "interestExpense": "None", "nonInterestIncome": "None", "otherNonOperatingIncome": "None", "depreciation": "None", "depreciationAndAmortization": "60440", "incomeBeforeTax": "-642266", "incomeTaxExpense": "None", "interestAndDebtExpense": "None", "netIncomeFromContinuingOperations": "-642266", "comprehensiveIncomeNetOfTax": "None", "ebit": "-642266", "ebitda": "-581826", "netIncome": "-642266"}, {"fiscalDateEnding": "2025-06-30", "reportedCurrency": "USD", "grossProfit": "-46325", "totalRevenue": "55759", "costOfRevenue": "102084", "costofGoodsAndServicesSold": "102084", "operatingIncome": "-857678", "sellingGeneralAndAdministrative": "611649", "researchAndDevelopment": "71785", "operatingExpenses": "811353", "investmentIncomeNet": "None", "netInterestIncome": "24561", "interestIncome": "24561", "interestExpense": "None", "nonInterestIncome": "None", "otherNonOperatingIncome": "None", "depreciation": "None", "depreciationAndAmortization": "102084", "incomeBeforeTax": "-923986", "incomeTaxExpense": "None", "interestAndDebtExpense": "None", "netIncomeFromContinuingOperations": "-923986", "comprehensiveIncomeNetOfTax": "None", "ebit": "-923986", "ebitda": "-821902", "netIncome": "-923986"}, {"fiscalDateEnding": "2025-03-31", "reportedCurrency": "USD", "grossProfit": "-69819", "totalRevenue": "30690", "costOfRevenue": "100509", "costofGoodsAndServicesSold": "100509", "operatingIncome": "-687722", "sellingGeneralAndAdministrative": "428465", "researchAndDevelopment": "77926", "operatingExpenses": "617903", "investmentIncomeNet": "None", "netInterestIncome": "24304", "interestIncome": "24304", "interestExpense": "None", "nonInterestIncome": "None", "otherNonOperatingIncome": "None", "depreciation": "None", "depreciationAndAmortization": "100509", "incomeBeforeTax": "-663418", "incomeTaxExpense": "None", "interestAndDebtExpense": "None", "netIncomeFromContinuingOperations": "-663418", "comprehensiveIncomeNetOfTax": "None", "ebit": "-663418", "ebitda": "-562909", "netIncome": "-663418"}, {"fiscalDateEnding": "2024-12-31", "reportedCurrency": "USD", "grossProfit": "-100175", "totalRevenue": "12760", "costOfRevenue": "112935", "costofGoodsAndServicesSold": "112935", "operatingIncome": "-1130869", "sellingGeneralAndAdministrative": "804652", "researchAndDevelopment": "105269", "operatingExpenses": "1030694", "investmentIncomeNet": "None", "netInterestIncome": "9232", "interestIncome": "9232", "interestExpense": "None", "nonInterestIncome": "None", "otherNonOperatingIncome": "None", "depreciation": "None", "depreciationAndAmortization": "112935", "incomeBeforeTax": "-1121637", "incomeTaxExpense": "-1121637", "interestAndDebtExpense": "None", "netIncomeFromContinuingOperations": "-1121637", "comprehensiveIncomeNetOfTax": "None", "ebit": "-1121637", "ebitda": "-1008702", "netIncome": "-1121637"}, {"fiscalDateEnding": "2024-09-30", "reportedCurrency": "USD", "grossProfit": "11250", "totalRevenue": "11250", "costOfRevenue": "None", "costofGoodsAndServicesSold": "None", "operatingIncome": "-927344", "sellingGeneralAndAdministrative": "633122", "researchAndDevelopment": "139658", "operatingExpenses": "938594", "investmentIncomeNet": "None", "netInterestIncome": "19299", "interestIncome": "19299", "interestExpense": "None", "nonInterestIncome": "None", "otherNonOperatingIncome": "None", "depreciation": "None", "depreciationAndAmortization": "None", "incomeBeforeTax": "-908045", "incomeTaxExpense": "None", "interestAndDebtExpense": "None", "netIncomeFromContinuingOperations": "-908045", "comprehensiveIncomeNetOfTax": "None", "ebit": "-927344", "ebitda": "-927344", "netIncome": "-908045"}, {"fiscalDateEnding": "2024-06-30", "reportedCurrency": "USD", "grossProfit": "27844", "totalRevenue": "27844", "costOfRevenue": "119490", "costofGoodsAndServicesSold": "119490", "operatingIncome": "-1209793", "sellingGeneralAndAdministrative": "891359", "researchAndDevelopment": "185825", "operatingExpenses": "1237637", "investmentIncomeNet": "None", "netInterestIncome": "28827", "interestIncome": "28827", "interestExpense": "None", "nonInterestIncome": "None", "otherNonOperatingIncome": "None", "depreciation": "None", "depreciationAndAmortization": "119490", "incomeBeforeTax": "-1180966", "incomeTaxExpense": "176469", "interestAndDebtExpense": "None", "netIncomeFromContinuingOperations": "-1180966", "comprehensiveIncomeNetOfTax": "None", "ebit": "-1180966", "ebitda": "-1061476", "netIncome": "-1180966"}, {"fiscalDateEnding": "2024-03-31", "reportedCurrency": "USD", "grossProfit": "-87891", "totalRevenue": "34261", "costOfRevenue": "122152", "costofGoodsAndServicesSold": "122152", "operatingIncome": "-1463784", "sellingGeneralAndAdministrative": "1134867", "researchAndDevelopment": "108031", "operatingExpenses": "1375893", "investmentIncomeNet": "None", "netInterestIncome": "37872", "interestIncome": "37872", "interestExpense": "None", "nonInterestIncome": "None", "otherNonOperatingIncome": "None", "depreciation": "None", "depreciationAndAmortization": "122152", "incomeBeforeTax": "-1425912", "incomeTaxExpense": "-2", "interestAndDebtExpense": "None", "netIncomeFromContinuingOperations": "-1425912", "comprehensiveIncomeNetOfTax": "None", "ebit": "-1425912", "ebitda": "-1303760", "netIncome": "-1425912"}, {"fiscalDateEnding": "2023-12-31", "reportedCurrency": "USD", "grossProfit": "-98224", "totalRevenue": "41443", "costOfRevenue": "139667", "costofGoodsAndServicesSold": "139667", "operatingIncome": "-956084", "sellingGeneralAndAdministrative": "443801", "researchAndDevelopment": "197894", "operatingExpenses": "857860", "investmentIncomeNet": "None", "netInterestIncome": "50473", "interestIncome": "50473", "interestExpense": "None", "nonInterestIncome": "None", "otherNonOperatingIncome": "None", "depreciation": "None", "depreciationAndAmortization": "139667", "incomeBeforeTax": "-905611", "incomeTaxExpense": "3", "interestAndDebtExpense": "None", "netIncomeFromContinuingOperations": "-905611", "comprehensiveIncomeNetOfTax": "None", "ebit": "-905611", "ebitda": "-765944", "netIncome": "-905611"}, {"fiscalDateEnding": "2023-09-30", "reportedCurrency": "USD", "grossProfit": "-89025", "totalRevenue": "63333", "costOfRevenue": "152358", "costofGoodsAndServicesSold": "152358", "operatingIncome": "-949990", "sellingGeneralAndAdministrative": "438262", "researchAndDevelopment": "187413", "operatingExpenses": "860965", "investmentIncomeNet": "None", "netInterestIncome": "59297", "interestIncome": "59297", "interestExpense": "12030", "nonInterestIncome": "None", "otherNonOperatingIncome": "None", "depreciation": "None", "depreciationAndAmortization": "152358", "incomeBeforeTax": "-890693", "incomeTaxExpense": "109082", "interestAndDebtExpense": "None", "netIncomeFromContinuingOperations": "-890693", "comprehensiveIncomeNetOfTax": "None", "ebit": "-890693", "ebitda": "-738335", "netIncome": "-890693"}, {"fiscalDateEnding": "2023-06-30", "reportedCurrency": "USD", "grossProfit": "None", "totalRevenue": "122999", "costOfRevenue": "None", "costofGoodsAndServicesSold": "None", "operatingIncome": "-984780", "sellingGeneralAndAdministrative": "775505", "researchAndDevelopment": "332274", "operatingExpenses": "1107779", "investmentIncomeNet": "None", "netInterestIncome": "36568", "interestIncome": "36568", "interestExpense": "None", "nonInterestIncome": "None", "otherNonOperatingIncome": "None", "depreciation": "None", "depreciationAndAmortization": "None", "incomeBeforeTax": "-948484", "incomeTaxExpense": "None", "interestAndDebtExpense": "None", "netIncomeFromContinuingOperations": "-948484", "comprehensiveIncomeNetOfTax": "None", "ebit": "-984780", "ebitda": "None", "netIncome": "-948484"}, {"fiscalDateEnding": "2023-03-31", "reportedCurrency": "USD", "grossProfit": "41298", "totalRevenue": "204589", "costOfRevenue": "163291", "costofGoodsAndServicesSold": "163291", "operatingIncome": "-945478", "sellingGeneralAndAdministrative": "653128", "researchAndDevelopment": "122411", "operatingExpenses": "986776", "investmentIncomeNet": "None", "netInterestIncome": "18297", "interestIncome": "18297", "interestExpense": "17481", "nonInterestIncome": "None", "otherNonOperatingIncome": "None", "depreciation": "None", "depreciationAndAmortization": "163291", "incomeBeforeTax": "-927997", "incomeTaxExpense": "-17481", "interestAndDebtExpense": "None", "netIncomeFromContinuingOperations": "-927997", "comprehensiveIncomeNetOfTax": "None", "ebit": "-928001", "ebitda": "-764710", "netIncome": "-927997"}, {"fiscalDateEnding": "2022-12-31", "reportedCurrency": "USD", "grossProfit": "61835", "totalRevenue": "237139", "costOfRevenue": "175304", "costofGoodsAndServicesSold": "175304", "operatingIncome": "-711992", "sellingGeneralAndAdministrative": "316348", "researchAndDevelopment": "261745", "operatingExpenses": "773827", "investmentIncomeNet": "None", "netInterestIncome": "12508", "interestIncome": "12508", "interestExpense": "0", "nonInterestIncome": "None", "otherNonOperatingIncome": "12508", "depreciation": "None", "depreciationAndAmortization": "175304", "incomeBeforeTax": "-699484", "incomeTaxExpense": "12508", "interestAndDebtExpense": "None", "netIncomeFromContinuingOperations": "-699484", "comprehensiveIncomeNetOfTax": "None", "ebit": "-699484", "ebitda": "-524180", "netIncome": "-699484"}, {"fiscalDateEnding": "2022-09-30", "reportedCurrency": "USD", "grossProfit": "93246", "totalRevenue": "280282", "costOfRevenue": "187036", "costofGoodsAndServicesSold": "187036", "operatingIncome": "-1582258", "sellingGeneralAndAdministrative": "976320", "researchAndDevelopment": "300116", "operatingExpenses": "1675504", "investmentIncomeNet": "None", "netInterestIncome": "5451", "interestIncome": "5451", "interestExpense": "5451", "nonInterestIncome": "None", "otherNonOperatingIncome": "None", "depreciation": "None", "depreciationAndAmortization": "187036", "incomeBeforeTax": "-1577338", "incomeTaxExpense": "5451", "interestAndDebtExpense": "None", "netIncomeFromContinuingOperations": "-1577338", "comprehensiveIncomeNetOfTax": "None", "ebit": "-1577337", "ebitda": "-1390301", "netIncome": "-1577338"}, {"fiscalDateEnding": "2022-06-30", "reportedCurrency": "USD", "grossProfit": "-35918", "totalRevenue": "157618", "costOfRevenue": "193536", "costofGoodsAndServicesSold": "193536", "operatingIncome": "-2137980", "sellingGeneralAndAdministrative": "1256962", "researchAndDevelopment": "495613", "operatingExpenses": "2102062", "investmentIncomeNet": "None", "netInterestIncome": "-5436", "interestIncome": "488", "interestExpense": "5924", "nonInterestIncome": "None", "otherNonOperatingIncome": "None", "depreciation": "None", "depreciationAndAmortization": "193536", "incomeBeforeTax": "-2143416", "incomeTaxExpense": "5924", "interestAndDebtExpense": "None", "netIncomeFromContinuingOperations": "-2143416", "comprehensiveIncomeNetOfTax": "None", "ebit": "-2137492", "ebitda": "-1943956", "netIncome": "-2143416"}, {"fiscalDateEnding": "2022-03-31", "reportedCurrency": "USD", "grossProfit": "209518", "totalRevenue": "209518", "costOfRevenue": "None", "costofGoodsAndServicesSold": "None", "operatingIncome": "-2212270", "sellingGeneralAndAdministrative": "1239153", "researchAndDevelopment": "899951", "operatingExpenses": "2421788", "investmentIncomeNet": "None", "netInterestIncome": "-3842", "interestIncome": "1207", "interestExpense": "5049", "nonInterestIncome": "None", "otherNonOperatingIncome": "None", "depreciation": "None", "depreciationAndAmortization": "240219", "incomeBeforeTax": "-2216112", "incomeTaxExpense": "5049", "interestAndDebtExpense": "None", "netIncomeFromContinuingOperations": "-2216112", "comprehensiveIncomeNetOfTax": "None", "ebit": "-2212270", "ebitda": "-1972051", "netIncome": "-2216112"}, {"fiscalDateEnding": "2021-12-31", "reportedCurrency": "USD", "grossProfit": "189174", "totalRevenue": "189174", "costOfRevenue": "None", "costofGoodsAndServicesSold": "None", "operatingIncome": "-2327850", "sellingGeneralAndAdministrative": "1451979", "researchAndDevelopment": "681018", "operatingExpenses": "2517024", "investmentIncomeNet": "None", "netInterestIncome": "5611", "interestIncome": "7273", "interestExpense": "1662", "nonInterestIncome": "None", "otherNonOperatingIncome": "None", "depreciation": "None", "depreciationAndAmortization": "6411", "incomeBeforeTax": "-2322239", "incomeTaxExpense": "1662", "interestAndDebtExpense": "None", "netIncomeFromContinuingOperations": "-2322239", "comprehensiveIncomeNetOfTax": "None", "ebit": "-2327850", "ebitda": "-2321439", "netIncome": "-2322239"}, {"fiscalDateEnding": "2021-09-30", "reportedCurrency": "USD", "grossProfit": "140691", "totalRevenue": "140691", "costOfRevenue": "None", "costofGoodsAndServicesSold": "None", "operatingIncome": "-1790311", "sellingGeneralAndAdministrative": "1235770", "researchAndDevelopment": "208000", "operatingExpenses": "1931002", "investmentIncomeNet": "None", "netInterestIncome": "262", "interestIncome": "262", "interestExpense": "0", "nonInterestIncome": "None", "otherNonOperatingIncome": "None", "depreciation": "None", "depreciationAndAmortization": "11438", "incomeBeforeTax": "-2378157", "incomeTaxExpense": "262", "interestAndDebtExpense": "None", "netIncomeFromContinuingOperations": "-2378157", "comprehensiveIncomeNetOfTax": "None", "ebit": "-2378419", "ebitda": "-2366981", "netIncome": "-2378157"}, {"fiscalDateEnding": "2021-06-30", "reportedCurrency": "USD", "grossProfit": "256265", "totalRevenue": "256265", "costOfRevenue": "None", "costofGoodsAndServicesSold": "None", "operatingIncome": "-1415664", "sellingGeneralAndAdministrative": "1097172", "researchAndDevelopment": "208353", "operatingExpenses": "1671929", "investmentIncomeNet": "None", "netInterestIncome": "228", "interestIncome": "270", "interestExpense": "42", "nonInterestIncome": "None", "otherNonOperatingIncome": "None", "depreciation": "None", "depreciationAndAmortization": "6033", "incomeBeforeTax": "-1889704", "incomeTaxExpense": "270", "interestAndDebtExpense": "None", "netIncomeFromContinuingOperations": "-1889704", "comprehensiveIncomeNetOfTax": "None", "ebit": "-1889932", "ebitda": "-1883899", "netIncome": "-1889704"}, {"fiscalDateEnding": "2021-03-31", "reportedCurrency": "USD", "grossProfit": "201394", "totalRevenue": "201394", "costOfRevenue": "None", "costofGoodsAndServicesSold": "None", "operatingIncome": "-1900296", "sellingGeneralAndAdministrative": "1049128", "researchAndDevelopment": "192000", "operatingExpenses": "2101690", "investmentIncomeNet": "None", "netInterestIncome": "703", "interestIncome": "703", "interestExpense": "0", "nonInterestIncome": "None", "otherNonOperatingIncome": "None", "depreciation": "None", "depreciationAndAmortization": "5159", "incomeBeforeTax": "-2322750", "incomeTaxExpense": "703", "interestAndDebtExpense": "None", "netIncomeFromContinuingOperations": "-2322750", "comprehensiveIncomeNetOfTax": "None", "ebit": "-2323453", "ebitda": "-2318294", "netIncome": "-2322750"}, {"fiscalDateEnding": "2020-12-31", "reportedCurrency": "USD", "grossProfit": "106812", "totalRevenue": "106812", "costOfRevenue": "None", "costofGoodsAndServicesSold": "None", "operatingIncome": "-1952167", "sellingGeneralAndAdministrative": "1611223", "researchAndDevelopment": "175000", "operatingExpenses": "2058979", "investmentIncomeNet": "None", "netInterestIncome": "607", "interestIncome": "607", "interestExpense": "0", "nonInterestIncome": "None", "otherNonOperatingIncome": "None", "depreciation": "None", "depreciationAndAmortization": "3979", "incomeBeforeTax": "-2287574", "incomeTaxExpense": "607", "interestAndDebtExpense": "None", "netIncomeFromContinuingOperations": "-2287574", "comprehensiveIncomeNetOfTax": "None", "ebit": "-2288181", "ebitda": "-2284202", "netIncome": "-2287574"}, {"fiscalDateEnding": "2020-09-30", "reportedCurrency": "USD", "grossProfit": "110109", "totalRevenue": "110109", "costOfRevenue": "None", "costofGoodsAndServicesSold": "None", "operatingIncome": "-1162683", "sellingGeneralAndAdministrative": "862908", "researchAndDevelopment": "158000", "operatingExpenses": "1272792", "investmentIncomeNet": "None", "netInterestIncome": "-3613818", "interestIncome": "13", "interestExpense": "3613831", "nonInterestIncome": "None", "otherNonOperatingIncome": "None", "depreciation": "None", "depreciationAndAmortization": "2974", "incomeBeforeTax": "-5086264", "incomeTaxExpense": "13", "interestAndDebtExpense": "None", "netIncomeFromContinuingOperations": "-5086264", "comprehensiveIncomeNetOfTax": "None", "ebit": "-1472446", "ebitda": "-1469472", "netIncome": "-5086264"}, {"fiscalDateEnding": "2020-06-30", "reportedCurrency": "USD", "grossProfit": "-1495", "totalRevenue": "-1495", "costOfRevenue": "None", "costofGoodsAndServicesSold": "None", "operatingIncome": "-1276908", "sellingGeneralAndAdministrative": "669518", "researchAndDevelopment": "422100", "operatingExpenses": "1275413", "investmentIncomeNet": "None", "netInterestIncome": "-103967", "interestIncome": "1033", "interestExpense": "105000", "nonInterestIncome": "None", "otherNonOperatingIncome": "None", "depreciation": "None", "depreciationAndAmortization": "156908", "incomeBeforeTax": "-1380875", "incomeTaxExpense": "1033", "interestAndDebtExpense": "None", "netIncomeFromContinuingOperations": "-1380875", "comprehensiveIncomeNetOfTax": "None", "ebit": "-1275875", "ebitda": "-1118967", "netIncome": "-1380875"}, {"fiscalDateEnding": "2020-03-31", "reportedCurrency": "USD", "grossProfit": "20937", "totalRevenue": "20937", "costOfRevenue": "None", "costofGoodsAndServicesSold": "None", "operatingIncome": "-672418", "sellingGeneralAndAdministrative": "378541", "researchAndDevelopment": "132000", "operatingExpenses": "693355", "investmentIncomeNet": "None", "netInterestIncome": "8134", "interestIncome": "8134", "interestExpense": "0", "nonInterestIncome": "None", "otherNonOperatingIncome": "None", "depreciation": "None", "depreciationAndAmortization": "15539", "incomeBeforeTax": "-876685", "incomeTaxExpense": "8134", "interestAndDebtExpense": "None", "netIncomeFromContinuingOperations": "-876685", "comprehensiveIncomeNetOfTax": "None", "ebit": "-884819", "ebitda": "-869280", "netIncome": "-876685"}, {"fiscalDateEnding": "2019-12-31", "reportedCurrency": "USD", "grossProfit": "32606", "totalRevenue": "32606", "costOfRevenue": "None", "costofGoodsAndServicesSold": "None", "operatingIncome": "-759208", "sellingGeneralAndAdministrative": "472520", "researchAndDevelopment": "112000", "operatingExpenses": "791815", "investmentIncomeNet": "None", "netInterestIncome": "5547", "interestIncome": "5547", "interestExpense": "0", "nonInterestIncome": "None", "otherNonOperatingIncome": "None", "depreciation": "None", "depreciationAndAmortization": "3562", "incomeBeforeTax": "-959646", "incomeTaxExpense": "5547", "interestAndDebtExpense": "None", "netIncomeFromContinuingOperations": "-959646", "comprehensiveIncomeNetOfTax": "None", "ebit": "-965193", "ebitda": "-961631", "netIncome": "-959646"}, {"fiscalDateEnding": "2019-09-30", "reportedCurrency": "USD", "grossProfit": "7700", "totalRevenue": "7700", "costOfRevenue": "None", "costofGoodsAndServicesSold": "None", "operatingIncome": "-784778", "sellingGeneralAndAdministrative": "526389", "researchAndDevelopment": "91000", "operatingExpenses": "792478", "investmentIncomeNet": "None", "netInterestIncome": "2367", "interestIncome": "2447", "interestExpense": "80", "nonInterestIncome": "None", "otherNonOperatingIncome": "None", "depreciation": "None", "depreciationAndAmortization": "10248", "incomeBeforeTax": "-953097", "incomeTaxExpense": "2447", "interestAndDebtExpense": "None", "netIncomeFromContinuingOperations": "-953097", "comprehensiveIncomeNetOfTax": "None", "ebit": "-955464", "ebitda": "-945216", "netIncome": "-953097"}, {"fiscalDateEnding": "2019-06-30", "reportedCurrency": "None", "grossProfit": "-1248529", "totalRevenue": "11344", "costOfRevenue": "1259873", "costofGoodsAndServicesSold": "1259873", "operatingIncome": "-1799407", "sellingGeneralAndAdministrative": "2212432", "researchAndDevelopment": "81437", "operatingExpenses": "1730767", "investmentIncomeNet": "None", "netInterestIncome": "None", "interestIncome": "None", "interestExpense": "None", "nonInterestIncome": "None", "otherNonOperatingIncome": "None", "depreciation": "None", "depreciationAndAmortization": "79984", "incomeBeforeTax": "-1791574", "incomeTaxExpense": "None", "interestAndDebtExpense": "None", "netIncomeFromContinuingOperations": "None", "comprehensiveIncomeNetOfTax": "None", "ebit": "-1791574", "ebitda": "-1711590", "netIncome": "-1791574"}, {"fiscalDateEnding": "2019-03-31", "reportedCurrency": "None", "grossProfit": "-640773", "totalRevenue": "2831", "costOfRevenue": "643604", "costofGoodsAndServicesSold": "643604", "operatingIncome": "-962487", "sellingGeneralAndAdministrative": "247232", "researchAndDevelopment": "56970", "operatingExpenses": "929739", "investmentIncomeNet": "None", "netInterestIncome": "None", "interestIncome": "None", "interestExpense": "None", "nonInterestIncome": "None", "otherNonOperatingIncome": "None", "depreciation": "None", "depreciationAndAmortization": "35579", "incomeBeforeTax": "-948261", "incomeTaxExpense": "None", "interestAndDebtExpense": "None", "netIncomeFromContinuingOperations": "None", "comprehensiveIncomeNetOfTax": "None", "ebit": "-948261", "ebitda": "-912682", "netIncome": "-948261"}, {"fiscalDateEnding": "2018-12-31", "reportedCurrency": "None", "grossProfit": "-34646", "totalRevenue": "745", "costOfRevenue": "35391", "costofGoodsAndServicesSold": "35391", "operatingIncome": "-566872", "sellingGeneralAndAdministrative": "216834", "researchAndDevelopment": "36297", "operatingExpenses": "532226", "investmentIncomeNet": "None", "netInterestIncome": "None", "interestIncome": "None", "interestExpense": "None", "nonInterestIncome": "None", "otherNonOperatingIncome": "None", "depreciation": "None", "depreciationAndAmortization": "35391", "incomeBeforeTax": "-557610", "incomeTaxExpense": "None", "interestAndDebtExpense": "None", "netIncomeFromContinuingOperations": "None", "comprehensiveIncomeNetOfTax": "None", "ebit": "-557610", "ebitda": "-522219", "netIncome": "-557610"}, {"fiscalDateEnding": "2018-09-30", "reportedCurrency": "None", "grossProfit": "-8890", "totalRevenue": "None", "costOfRevenue": "8890", "costofGoodsAndServicesSold": "8890", "operatingIncome": "-641486", "sellingGeneralAndAdministrative": "232357", "researchAndDevelopment": "58170", "operatingExpenses": "632596", "investmentIncomeNet": "None", "netInterestIncome": "None", "interestIncome": "None", "interestExpense": "None", "nonInterestIncome": "None", "otherNonOperatingIncome": "None", "depreciation": "None", "depreciationAndAmortization": "8890", "incomeBeforeTax": "-641486", "incomeTaxExpense": "None", "interestAndDebtExpense": "None", "netIncomeFromContinuingOperations": "None", "comprehensiveIncomeNetOfTax": "None", "ebit": "-641486", "ebitda": "-632596", "netIncome": "-641486"}, {"fiscalDateEnding": "2018-06-30", "reportedCurrency": "None", "grossProfit": "-138728", "totalRevenue": "None", "costOfRevenue": "138728", "costofGoodsAndServicesSold": "138728", "operatingIncome": "-835479", "sellingGeneralAndAdministrative": "607134", "researchAndDevelopment": "78724", "operatingExpenses": "696751", "investmentIncomeNet": "None", "netInterestIncome": "None", "interestIncome": "None", "interestExpense": "None", "nonInterestIncome": "None", "otherNonOperatingIncome": "None", "depreciation": "None", "depreciationAndAmortization": "2000", "incomeBeforeTax": "-835479", "incomeTaxExpense": "None", "interestAndDebtExpense": "None", "netIncomeFromContinuingOperations": "None", "comprehensiveIncomeNetOfTax": "None", "ebit": "-835477", "ebitda": "-833477", "netIncome": "-835479"}, {"fiscalDateEnding": "2018-03-31", "reportedCurrency": "None", "grossProfit": "None", "totalRevenue": "None", "costOfRevenue": "None", "costofGoodsAndServicesSold": "None", "operatingIncome": "-113260", "sellingGeneralAndAdministrative": "70536", "researchAndDevelopment": "26778", "operatingExpenses": "113260", "investmentIncomeNet": "None", "netInterestIncome": "None", "interestIncome": "None", "interestExpense": "None", "nonInterestIncome": "None", "otherNonOperatingIncome": "None", "depreciation": "None", "depreciationAndAmortization": "487", "incomeBeforeTax": "-113260", "incomeTaxExpense": "None", "interestAndDebtExpense": "None", "netIncomeFromContinuingOperations": "None", "comprehensiveIncomeNetOfTax": "None", "ebit": "-113260", "ebitda": "-113260", "netIncome": "-113260"}, {"fiscalDateEnding": "2017-09-30", "reportedCurrency": "None", "grossProfit": "None", "totalRevenue": "None", "costOfRevenue": "None", "costofGoodsAndServicesSold": "None", "operatingIncome": "-4404", "sellingGeneralAndAdministrative": "None", "researchAndDevelopment": "None", "operatingExpenses": "4404", "investmentIncomeNet": "None", "netInterestIncome": "None", "interestIncome": "None", "interestExpense": "259", "nonInterestIncome": "None", "otherNonOperatingIncome": "None", "depreciation": "None", "depreciationAndAmortization": "None", "incomeBeforeTax": "-4663", "incomeTaxExpense": "None", "interestAndDebtExpense": "None", "netIncomeFromContinuingOperations": "None", "comprehensiveIncomeNetOfTax": "None", "ebit": "-4404", "ebitda": "-4404", "netIncome": "-4663"}]}