{"symbol": "PGR", "annualReports": [{"fiscalDateEnding": "2025-12-31", "reportedCurrency": "USD", "grossProfit": "24592000000", "totalRevenue": "79908000000", "costOfRevenue": "55316000000", "costofGoodsAndServicesSold": "55316000000", "operatingIncome": "12833000000", "sellingGeneralAndAdministrative": "None", "researchAndDevelopment": "None", "operatingExpenses": "11759000000", "investmentIncomeNet": "None", "netInterestIncome": "None", "interestIncome": "278000000", "interestExpense": "255000000", "nonInterestIncome": "None", "otherNonOperatingIncome": "None", "depreciation": "None", "depreciationAndAmortization": "255000000", "incomeBeforeTax": "12833000000", "incomeTaxExpense": "2672000000", "interestAndDebtExpense": "None", "netIncomeFromContinuingOperations": "None", "comprehensiveIncomeNetOfTax": "None", "ebit": "12833000000", "ebitda": "13088000000", "netIncome": "10161000000"}, {"fiscalDateEnding": "2024-12-31", "reportedCurrency": "USD", "grossProfit": "20900000000", "totalRevenue": "75343000000", "costOfRevenue": "54443000000", "costofGoodsAndServicesSold": "54443000000", "operatingIncome": "10713000000", "sellingGeneralAndAdministrative": "None", "researchAndDevelopment": "None", "operatingExpenses": "10187000000", "investmentIncomeNet": "None", "netInterestIncome": "-279000000", "interestIncome": "279000000", "interestExpense": "279000000", "nonInterestIncome": "None", "otherNonOperatingIncome": "None", "depreciation": "None", "depreciationAndAmortization": "284000000", "incomeBeforeTax": "10713000000", "incomeTaxExpense": "2233000000", "interestAndDebtExpense": "None", "netIncomeFromContinuingOperations": "8480000000", "comprehensiveIncomeNetOfTax": "None", "ebit": "10992000000", "ebitda": "11276000000", "netIncome": "8480000000"}, {"fiscalDateEnding": "2023-12-31", "reportedCurrency": "USD", "grossProfit": "11763000000", "totalRevenue": "62083000000", "costOfRevenue": "50320000000", "costofGoodsAndServicesSold": "50320000000", "operatingIncome": "4904000000", "sellingGeneralAndAdministrative": "None", "researchAndDevelopment": "None", "operatingExpenses": "6859000000", "investmentIncomeNet": "None", "netInterestIncome": "-261800000", "interestIncome": "268400000", "interestExpense": "268000000", "nonInterestIncome": "None", "otherNonOperatingIncome": "None", "depreciation": "None", "depreciationAndAmortization": "285000000", "incomeBeforeTax": "4904000000", "incomeTaxExpense": "1001000000", "interestAndDebtExpense": "None", "netIncomeFromContinuingOperations": "2741000000", "comprehensiveIncomeNetOfTax": "None", "ebit": "5172000000", "ebitda": "5457000000", "netIncome": "3903000000"}, {"fiscalDateEnding": "2022-12-31", "reportedCurrency": "USD", "grossProfit": "7547000000", "totalRevenue": "49587000000", "costOfRevenue": "42040000000", "costofGoodsAndServicesSold": "42040000000", "operatingIncome": "922000000", "sellingGeneralAndAdministrative": "None", "researchAndDevelopment": "None", "operatingExpenses": "6625000000", "investmentIncomeNet": "None", "netInterestIncome": "-243500000", "interestIncome": "243500000", "interestExpense": "244000000", "nonInterestIncome": "None", "otherNonOperatingIncome": "None", "depreciation": "None", "depreciationAndAmortization": "306000000", "incomeBeforeTax": "922000000", "incomeTaxExpense": "200000000", "interestAndDebtExpense": "None", "netIncomeFromContinuingOperations": "721500000", "comprehensiveIncomeNetOfTax": "None", "ebit": "1166000000", "ebitda": "1472000000", "netIncome": "722000000"}, {"fiscalDateEnding": "2021-12-31", "reportedCurrency": "USD", "grossProfit": "10336100000", "totalRevenue": "47676500000", "costOfRevenue": "37340400000", "costofGoodsAndServicesSold": "37340400000", "operatingIncome": "4210000000", "sellingGeneralAndAdministrative": "None", "researchAndDevelopment": "None", "operatingExpenses": "6126100000", "investmentIncomeNet": "None", "netInterestIncome": "-218600000", "interestIncome": "218600000", "interestExpense": "218600000", "nonInterestIncome": "None", "otherNonOperatingIncome": "None", "depreciation": "None", "depreciationAndAmortization": "337400000", "incomeBeforeTax": "4210000000", "incomeTaxExpense": "859100000", "interestAndDebtExpense": "None", "netIncomeFromContinuingOperations": "3350900000", "comprehensiveIncomeNetOfTax": "None", "ebit": "4428600000", "ebitda": "4766000000", "netIncome": "3350900000"}, {"fiscalDateEnding": "2020-12-31", "reportedCurrency": "USD", "grossProfit": "14243100000", "totalRevenue": "42638100000", "costOfRevenue": "28395000000", "costofGoodsAndServicesSold": "28395000000", "operatingIncome": "7173200000", "sellingGeneralAndAdministrative": "None", "researchAndDevelopment": "None", "operatingExpenses": "7069900000", "investmentIncomeNet": "None", "netInterestIncome": "-217000000", "interestIncome": "217000000", "interestExpense": "217000000", "nonInterestIncome": "None", "otherNonOperatingIncome": "None", "depreciation": "None", "depreciationAndAmortization": "331800000", "incomeBeforeTax": "7173200000", "incomeTaxExpense": "1468600000", "interestAndDebtExpense": "None", "netIncomeFromContinuingOperations": "5704600000", "comprehensiveIncomeNetOfTax": "None", "ebit": "7390200000", "ebitda": "7722000000", "netIncome": "5704600000"}, {"fiscalDateEnding": "2019-12-31", "reportedCurrency": "USD", "grossProfit": "10504000000", "totalRevenue": "38997700000", "costOfRevenue": "28493700000", "costofGoodsAndServicesSold": "28493700000", "operatingIncome": "5160300000", "sellingGeneralAndAdministrative": "178900000", "researchAndDevelopment": "None", "operatingExpenses": "5343700000", "investmentIncomeNet": "None", "netInterestIncome": "-189700000", "interestIncome": "189700000", "interestExpense": "189700000", "nonInterestIncome": "None", "otherNonOperatingIncome": "None", "depreciation": "None", "depreciationAndAmortization": "306100000", "incomeBeforeTax": "5160300000", "incomeTaxExpense": "1180300000", "interestAndDebtExpense": "None", "netIncomeFromContinuingOperations": "3980000000", "comprehensiveIncomeNetOfTax": "None", "ebit": "5350000000", "ebitda": "5656100000", "netIncome": "3970300000"}, {"fiscalDateEnding": "2018-12-31", "reportedCurrency": "USD", "grossProfit": "7660000000", "totalRevenue": "31954700000", "costOfRevenue": "24294700000", "costofGoodsAndServicesSold": "24294700000", "operatingIncome": "3163600000", "sellingGeneralAndAdministrative": "134100000", "researchAndDevelopment": "0", "operatingExpenses": "4496400000", "investmentIncomeNet": "None", "netInterestIncome": "-166500000", "interestIncome": "166500000", "interestExpense": "166500000", "nonInterestIncome": "None", "otherNonOperatingIncome": "None", "depreciation": "None", "depreciationAndAmortization": "262400000", "incomeBeforeTax": "3163600000", "incomeTaxExpense": "542600000", "interestAndDebtExpense": "None", "netIncomeFromContinuingOperations": "2621000000", "comprehensiveIncomeNetOfTax": "None", "ebit": "3330100000", "ebitda": "3592500000", "netIncome": "2615300000"}, {"fiscalDateEnding": "2017-12-31", "reportedCurrency": "USD", "grossProfit": "5883200000", "totalRevenue": "26816100000", "costOfRevenue": "20932900000", "costofGoodsAndServicesSold": "20932900000", "operatingIncome": "2138900000", "sellingGeneralAndAdministrative": "109500000", "researchAndDevelopment": "0", "operatingExpenses": "3744300000", "investmentIncomeNet": "None", "netInterestIncome": "-153100000", "interestIncome": "153100000", "interestExpense": "153100000", "nonInterestIncome": "None", "otherNonOperatingIncome": "None", "depreciation": "None", "depreciationAndAmortization": "236100000", "incomeBeforeTax": "2138900000", "incomeTaxExpense": "540800000", "interestAndDebtExpense": "None", "netIncomeFromContinuingOperations": "1598100000", "comprehensiveIncomeNetOfTax": "None", "ebit": "2292000000", "ebitda": "2528100000", "netIncome": "1592200000"}, {"fiscalDateEnding": "2016-12-31", "reportedCurrency": "USD", "grossProfit": "4674000000", "totalRevenue": "23417400000", "costOfRevenue": "18743400000", "costofGoodsAndServicesSold": "18743400000", "operatingIncome": "1470700000", "sellingGeneralAndAdministrative": "92000000", "researchAndDevelopment": "0", "operatingExpenses": "3203300000", "investmentIncomeNet": "None", "netInterestIncome": "-140900000", "interestIncome": "140900000", "interestExpense": "140900000", "nonInterestIncome": "None", "otherNonOperatingIncome": "None", "depreciation": "None", "depreciationAndAmortization": "199500000", "incomeBeforeTax": "1470700000", "incomeTaxExpense": "413500000", "interestAndDebtExpense": "None", "netIncomeFromContinuingOperations": "1057200000", "comprehensiveIncomeNetOfTax": "None", "ebit": "1611600000", "ebitda": "1811100000", "netIncome": "1031000000"}, {"fiscalDateEnding": "2015-12-31", "reportedCurrency": "USD", "grossProfit": "4838100000", "totalRevenue": "20831900000", "costOfRevenue": "15993800000", "costofGoodsAndServicesSold": "15993800000", "operatingIncome": "1911600000", "sellingGeneralAndAdministrative": "77500000", "researchAndDevelopment": "0", "operatingExpenses": "2926500000", "investmentIncomeNet": "None", "netInterestIncome": "None", "interestIncome": "136000000", "interestExpense": "136000000", "nonInterestIncome": "None", "otherNonOperatingIncome": "None", "depreciation": "None", "depreciationAndAmortization": "150500000", "incomeBeforeTax": "1911600000", "incomeTaxExpense": "611100000", "interestAndDebtExpense": "None", "netIncomeFromContinuingOperations": "1300500000", "comprehensiveIncomeNetOfTax": "None", "ebit": "2047600000", "ebitda": "2198100000", "netIncome": "1267600000"}, {"fiscalDateEnding": "2014-12-31", "reportedCurrency": "USD", "grossProfit": "4547100000", "totalRevenue": "19377300000", "costOfRevenue": "14830200000", "costofGoodsAndServicesSold": "14830200000", "operatingIncome": "1907400000", "sellingGeneralAndAdministrative": "50900000", "researchAndDevelopment": "0", "operatingExpenses": "2639700000", "investmentIncomeNet": "None", "netInterestIncome": "None", "interestIncome": "None", "interestExpense": "116900000", "nonInterestIncome": "None", "otherNonOperatingIncome": "None", "depreciation": "None", "depreciationAndAmortization": "97100000", "incomeBeforeTax": "1907400000", "incomeTaxExpense": "626400000", "interestAndDebtExpense": "None", "netIncomeFromContinuingOperations": "1281000000", "comprehensiveIncomeNetOfTax": "None", "ebit": "2024300000", "ebitda": "2121400000", "netIncome": "1281000000"}, {"fiscalDateEnding": "2013-12-31", "reportedCurrency": "USD", "grossProfit": "4232200000", "totalRevenue": "18156400000", "costOfRevenue": "13924200000", "costofGoodsAndServicesSold": "13924200000", "operatingIncome": "1720000000", "sellingGeneralAndAdministrative": "38800000", "researchAndDevelopment": "0", "operatingExpenses": "2512200000", "investmentIncomeNet": "None", "netInterestIncome": "None", "interestIncome": "None", "interestExpense": "118200000", "nonInterestIncome": "None", "otherNonOperatingIncome": "None", "depreciation": "None", "depreciationAndAmortization": "101300000", "incomeBeforeTax": "1720000000", "incomeTaxExpense": "554600000", "interestAndDebtExpense": "None", "netIncomeFromContinuingOperations": "1165400000", "comprehensiveIncomeNetOfTax": "None", "ebit": "1838200000", "ebitda": "1939500000", "netIncome": "1165400000"}, {"fiscalDateEnding": "2012-12-31", "reportedCurrency": "USD", "grossProfit": "3685700000", "totalRevenue": "17070300000", "costOfRevenue": "13384600000", "costofGoodsAndServicesSold": "13384600000", "operatingIncome": "1317700000", "sellingGeneralAndAdministrative": "36100000", "researchAndDevelopment": "0", "operatingExpenses": "2368000000", "investmentIncomeNet": "None", "netInterestIncome": "None", "interestIncome": "None", "interestExpense": "123800000", "nonInterestIncome": "None", "otherNonOperatingIncome": "None", "depreciation": "None", "depreciationAndAmortization": "94400000", "incomeBeforeTax": "1317700000", "incomeTaxExpense": "415400000", "interestAndDebtExpense": "None", "netIncomeFromContinuingOperations": "902300000", "comprehensiveIncomeNetOfTax": "None", "ebit": "1441500000", "ebitda": "1535900000", "netIncome": "902300000"}, {"fiscalDateEnding": "2011-12-31", "reportedCurrency": "USD", "grossProfit": "3727200000", "totalRevenue": "15761200000", "costOfRevenue": "12034000000", "costofGoodsAndServicesSold": "12034000000", "operatingIncome": "1487000000", "sellingGeneralAndAdministrative": "19400000", "researchAndDevelopment": "0", "operatingExpenses": "2240200000", "investmentIncomeNet": "None", "netInterestIncome": "None", "interestIncome": "None", "interestExpense": "132700000", "nonInterestIncome": "None", "otherNonOperatingIncome": "None", "depreciation": "None", "depreciationAndAmortization": "88500000", "incomeBeforeTax": "1487000000", "incomeTaxExpense": "471500000", "interestAndDebtExpense": "None", "netIncomeFromContinuingOperations": "1015500000", "comprehensiveIncomeNetOfTax": "None", "ebit": "1619700000", "ebitda": "1708200000", "netIncome": "1015500000"}, {"fiscalDateEnding": "2010-12-31", "reportedCurrency": "USD", "grossProfit": "3706000000", "totalRevenue": "15197200000", "costOfRevenue": "11491200000", "costofGoodsAndServicesSold": "11491200000", "operatingIncome": "1565200000", "sellingGeneralAndAdministrative": "21400000", "researchAndDevelopment": "0", "operatingExpenses": "2140800000", "investmentIncomeNet": "None", "netInterestIncome": "None", "interestIncome": "None", "interestExpense": "133500000", "nonInterestIncome": "None", "otherNonOperatingIncome": "None", "depreciation": "None", "depreciationAndAmortization": "83100000", "incomeBeforeTax": "1565200000", "incomeTaxExpense": "496900000", "interestAndDebtExpense": "None", "netIncomeFromContinuingOperations": "1068300000", "comprehensiveIncomeNetOfTax": "None", "ebit": "1698700000", "ebitda": "1781800000", "netIncome": "1068300000"}, {"fiscalDateEnding": "2009-12-31", "reportedCurrency": "USD", "grossProfit": "3294100000", "totalRevenue": "14563600000", "costOfRevenue": "11269500000", "costofGoodsAndServicesSold": "11269500000", "operatingIncome": "1556900000", "sellingGeneralAndAdministrative": "19400000", "researchAndDevelopment": "0", "operatingExpenses": "1737200000", "investmentIncomeNet": "None", "netInterestIncome": "None", "interestIncome": "None", "interestExpense": "139000000", "nonInterestIncome": "None", "otherNonOperatingIncome": "None", "depreciation": "None", "depreciationAndAmortization": "127600000", "incomeBeforeTax": "1556900000", "incomeTaxExpense": "499400000", "interestAndDebtExpense": "None", "netIncomeFromContinuingOperations": "1057500000", "comprehensiveIncomeNetOfTax": "None", "ebit": "1695900000", "ebitda": "1823500000", "netIncome": "1057500000"}, {"fiscalDateEnding": "2008-12-31", "reportedCurrency": "USD", "grossProfit": "1467000000", "totalRevenue": "12840100000", "costOfRevenue": "11373100000", "costofGoodsAndServicesSold": "11373100000", "operatingIncome": "-222300000", "sellingGeneralAndAdministrative": "20400000", "researchAndDevelopment": "None", "operatingExpenses": "1689300000", "investmentIncomeNet": "None", "netInterestIncome": "None", "interestIncome": "None", "interestExpense": "136700000", "nonInterestIncome": "None", "otherNonOperatingIncome": "None", "depreciation": "None", "depreciationAndAmortization": "133600000", "incomeBeforeTax": "-222300000", "incomeTaxExpense": "-152300000", "interestAndDebtExpense": "None", "netIncomeFromContinuingOperations": "None", "comprehensiveIncomeNetOfTax": "None", "ebit": "-85600000", "ebitda": "48000000", "netIncome": "-70000000"}, {"fiscalDateEnding": "2007-12-31", "reportedCurrency": "USD", "grossProfit": "3360700000", "totalRevenue": "14686800000", "costOfRevenue": "11326100000", "costofGoodsAndServicesSold": "11326100000", "operatingIncome": "1693000000", "sellingGeneralAndAdministrative": "20500000", "researchAndDevelopment": "None", "operatingExpenses": "1667700000", "investmentIncomeNet": "None", "netInterestIncome": "None", "interestIncome": "None", "interestExpense": "108600000", "nonInterestIncome": "None", "otherNonOperatingIncome": "None", "depreciation": "None", "depreciationAndAmortization": "133400000", "incomeBeforeTax": "1693000000", "incomeTaxExpense": "510500000", "interestAndDebtExpense": "None", "netIncomeFromContinuingOperations": "None", "comprehensiveIncomeNetOfTax": "None", "ebit": "1801600000", "ebitda": "1935000000", "netIncome": "1182500000"}, {"fiscalDateEnding": "2006-12-31", "reportedCurrency": "USD", "grossProfit": "2546800000", "totalRevenue": "14786400000", "costOfRevenue": "12239600000", "costofGoodsAndServicesSold": "12239600000", "operatingIncome": "2433200000", "sellingGeneralAndAdministrative": "24400000", "researchAndDevelopment": "None", "operatingExpenses": "113600000", "investmentIncomeNet": "None", "netInterestIncome": "None", "interestIncome": "None", "interestExpense": "77300000", "nonInterestIncome": "None", "otherNonOperatingIncome": "None", "depreciation": "None", "depreciationAndAmortization": "103400000", "incomeBeforeTax": "2433200000", "incomeTaxExpense": "785700000", "interestAndDebtExpense": "None", "netIncomeFromContinuingOperations": "None", "comprehensiveIncomeNetOfTax": "None", "ebit": "2510500000", "ebitda": "2613900000", "netIncome": "1647500000"}], "quarterlyReports": [{"fiscalDateEnding": "2025-12-31", "reportedCurrency": "USD", "grossProfit": "None", "totalRevenue": "22738000000", "costOfRevenue": "None", "costofGoodsAndServicesSold": "None", "operatingIncome": "3751000000", "sellingGeneralAndAdministrative": "None", "researchAndDevelopment": "None", "operatingExpenses": "18987000000", "investmentIncomeNet": "None", "netInterestIncome": "None", "interestIncome": "69000000", "interestExpense": "None", "nonInterestIncome": "None", "otherNonOperatingIncome": "None", "depreciation": "None", "depreciationAndAmortization": "None", "incomeBeforeTax": "3682000000", "incomeTaxExpense": "None", "interestAndDebtExpense": "None", "netIncomeFromContinuingOperations": "None", "comprehensiveIncomeNetOfTax": "None", "ebit": "None", "ebitda": "None", "netIncome": "2951000000"}, {"fiscalDateEnding": "2025-09-30", "reportedCurrency": "USD", "grossProfit": "8024000000", "totalRevenue": "14999000000", "costOfRevenue": "6975000000", "costofGoodsAndServicesSold": "6975000000", "operatingIncome": "2292000000", "sellingGeneralAndAdministrative": "None", "researchAndDevelopment": "None", "operatingExpenses": "5732000000", "investmentIncomeNet": "None", "netInterestIncome": "-70000000", "interestIncome": "70000000", "interestExpense": "46000000", "nonInterestIncome": "None", "otherNonOperatingIncome": "None", "depreciation": "None", "depreciationAndAmortization": "25000000", "incomeBeforeTax": "2292000000", "incomeTaxExpense": "488000000", "interestAndDebtExpense": "None", "netIncomeFromContinuingOperations": "2615000000", "comprehensiveIncomeNetOfTax": "None", "ebit": "2083000000", "ebitda": "2108000000", "netIncome": "1804000000"}, {"fiscalDateEnding": "2025-06-30", "reportedCurrency": "USD", "grossProfit": "6879000000", "totalRevenue": "21995000000", "costOfRevenue": "15116000000", "costofGoodsAndServicesSold": "15116000000", "operatingIncome": "3982000000", "sellingGeneralAndAdministrative": "None", "researchAndDevelopment": "None", "operatingExpenses": "2897000000", "investmentIncomeNet": "None", "netInterestIncome": "-69000000", "interestIncome": "69000000", "interestExpense": "69000000", "nonInterestIncome": "None", "otherNonOperatingIncome": "None", "depreciation": "None", "depreciationAndAmortization": "79000000", "incomeBeforeTax": "3982000000", "incomeTaxExpense": "807000000", "interestAndDebtExpense": "None", "netIncomeFromContinuingOperations": "3175000000", "comprehensiveIncomeNetOfTax": "None", "ebit": "4051000000", "ebitda": "4130000000", "netIncome": "3175000000"}, {"fiscalDateEnding": "2025-03-31", "reportedCurrency": "USD", "grossProfit": "6142000000", "totalRevenue": "20402000000", "costOfRevenue": "14260000000", "costofGoodsAndServicesSold": "14260000000", "operatingIncome": "3236000000", "sellingGeneralAndAdministrative": "None", "researchAndDevelopment": "None", "operatingExpenses": "2906000000", "investmentIncomeNet": "None", "netInterestIncome": "-70000000", "interestIncome": "70000000", "interestExpense": "70000000", "nonInterestIncome": "None", "otherNonOperatingIncome": "None", "depreciation": "None", "depreciationAndAmortization": "70000000", "incomeBeforeTax": "3236000000", "incomeTaxExpense": "669000000", "interestAndDebtExpense": "None", "netIncomeFromContinuingOperations": "2567000000", "comprehensiveIncomeNetOfTax": "None", "ebit": "3306000000", "ebitda": "3376000000", "netIncome": "2567000000"}, {"fiscalDateEnding": "2024-12-31", "reportedCurrency": "USD", "grossProfit": "5831600000", "totalRevenue": "20267400000", "costOfRevenue": "14435800000", "costofGoodsAndServicesSold": "14435800000", "operatingIncome": "2967900000", "sellingGeneralAndAdministrative": "None", "researchAndDevelopment": "None", "operatingExpenses": "2863700000", "investmentIncomeNet": "None", "netInterestIncome": "-69900000", "interestIncome": "69900000", "interestExpense": "69900000", "nonInterestIncome": "None", "otherNonOperatingIncome": "None", "depreciation": "None", "depreciationAndAmortization": "75800000", "incomeBeforeTax": "2967900000", "incomeTaxExpense": "611400000", "interestAndDebtExpense": "None", "netIncomeFromContinuingOperations": "2356500000", "comprehensiveIncomeNetOfTax": "None", "ebit": "3037800000", "ebitda": "3113600000", "netIncome": "2356500000"}, {"fiscalDateEnding": "2024-09-30", "reportedCurrency": "USD", "grossProfit": "19711800000", "totalRevenue": "19719300000", "costOfRevenue": "-19433500000", "costofGoodsAndServicesSold": "-19433500000", "operatingIncome": "3014700000", "sellingGeneralAndAdministrative": "None", "researchAndDevelopment": "None", "operatingExpenses": "19711800000", "investmentIncomeNet": "None", "netInterestIncome": "-69900000", "interestIncome": "None", "interestExpense": "69900000", "nonInterestIncome": "None", "otherNonOperatingIncome": "None", "depreciation": "None", "depreciationAndAmortization": "70700000", "incomeBeforeTax": "2944800000", "incomeTaxExpense": "611400000", "interestAndDebtExpense": "None", "netIncomeFromContinuingOperations": "2333400000", "comprehensiveIncomeNetOfTax": "None", "ebit": "3014700000", "ebitda": "3085400000", "netIncome": "2333400000"}, {"fiscalDateEnding": "2024-06-30", "reportedCurrency": "USD", "grossProfit": "4224000000", "totalRevenue": "18127000000", "costOfRevenue": "13903000000", "costofGoodsAndServicesSold": "13903000000", "operatingIncome": "1860000000", "sellingGeneralAndAdministrative": "None", "researchAndDevelopment": "None", "operatingExpenses": "2364000000", "investmentIncomeNet": "None", "netInterestIncome": "-69600000", "interestIncome": "None", "interestExpense": "69000000", "nonInterestIncome": "None", "otherNonOperatingIncome": "None", "depreciation": "None", "depreciationAndAmortization": "68000000", "incomeBeforeTax": "1860000000", "incomeTaxExpense": "401000000", "interestAndDebtExpense": "None", "netIncomeFromContinuingOperations": "1458700000", "comprehensiveIncomeNetOfTax": "None", "ebit": "1929000000", "ebitda": "1997000000", "netIncome": "1459000000"}, {"fiscalDateEnding": "2024-03-31", "reportedCurrency": "USD", "grossProfit": "5033000000", "totalRevenue": "17237000000", "costOfRevenue": "12204000000", "costofGoodsAndServicesSold": "12204000000", "operatingIncome": "2940000000", "sellingGeneralAndAdministrative": "None", "researchAndDevelopment": "None", "operatingExpenses": "2093000000", "investmentIncomeNet": "None", "netInterestIncome": "-69600000", "interestIncome": "None", "interestExpense": "70000000", "nonInterestIncome": "None", "otherNonOperatingIncome": "None", "depreciation": "None", "depreciationAndAmortization": "70000000", "incomeBeforeTax": "2940000000", "incomeTaxExpense": "609000000", "interestAndDebtExpense": "None", "netIncomeFromContinuingOperations": "2331400000", "comprehensiveIncomeNetOfTax": "None", "ebit": "3010000000", "ebitda": "3080000000", "netIncome": "2331000000"}, {"fiscalDateEnding": "2023-12-31", "reportedCurrency": "USD", "grossProfit": "4188700000", "totalRevenue": "16883800000", "costOfRevenue": "12695100000", "costofGoodsAndServicesSold": "12695100000", "operatingIncome": "2503400000", "sellingGeneralAndAdministrative": "None", "researchAndDevelopment": "None", "operatingExpenses": "1685300000", "investmentIncomeNet": "None", "netInterestIncome": "-69700000", "interestIncome": "None", "interestExpense": "69700000", "nonInterestIncome": "None", "otherNonOperatingIncome": "None", "depreciation": "None", "depreciationAndAmortization": "76300000", "incomeBeforeTax": "2503400000", "incomeTaxExpense": "515600000", "interestAndDebtExpense": "None", "netIncomeFromContinuingOperations": "1987800000", "comprehensiveIncomeNetOfTax": "None", "ebit": "2573100000", "ebitda": "2649400000", "netIncome": "1987800000"}, {"fiscalDateEnding": "2023-09-30", "reportedCurrency": "USD", "grossProfit": "2992300000", "totalRevenue": "15553400000", "costOfRevenue": "12561100000", "costofGoodsAndServicesSold": "12561100000", "operatingIncome": "1410200000", "sellingGeneralAndAdministrative": "None", "researchAndDevelopment": "None", "operatingExpenses": "1582100000", "investmentIncomeNet": "None", "netInterestIncome": "-69700000", "interestIncome": "69700000", "interestExpense": "69700000", "nonInterestIncome": "None", "otherNonOperatingIncome": "None", "depreciation": "None", "depreciationAndAmortization": "71400000", "incomeBeforeTax": "1410200000", "incomeTaxExpense": "288900000", "interestAndDebtExpense": "None", "netIncomeFromContinuingOperations": "1121300000", "comprehensiveIncomeNetOfTax": "None", "ebit": "1479900000", "ebitda": "1551300000", "netIncome": "1121300000"}, {"fiscalDateEnding": "2023-06-30", "reportedCurrency": "USD", "grossProfit": "2023700000", "totalRevenue": "15347400000", "costOfRevenue": "13323700000", "costofGoodsAndServicesSold": "13323700000", "operatingIncome": "435700000", "sellingGeneralAndAdministrative": "None", "researchAndDevelopment": "None", "operatingExpenses": "1588000000", "investmentIncomeNet": "None", "netInterestIncome": "-65700000", "interestIncome": "65700000", "interestExpense": "65700000", "nonInterestIncome": "None", "otherNonOperatingIncome": "None", "depreciation": "None", "depreciationAndAmortization": "72600000", "incomeBeforeTax": "435700000", "incomeTaxExpense": "90300000", "interestAndDebtExpense": "None", "netIncomeFromContinuingOperations": "345400000", "comprehensiveIncomeNetOfTax": "None", "ebit": "501400000", "ebitda": "574000000", "netIncome": "345400000"}, {"fiscalDateEnding": "2023-03-31", "reportedCurrency": "USD", "grossProfit": "2557900000", "totalRevenue": "14297700000", "costOfRevenue": "11739800000", "costofGoodsAndServicesSold": "11739800000", "operatingIncome": "554400000", "sellingGeneralAndAdministrative": "None", "researchAndDevelopment": "None", "operatingExpenses": "2003500000", "investmentIncomeNet": "None", "netInterestIncome": "-63300000", "interestIncome": "63300000", "interestExpense": "63300000", "nonInterestIncome": "None", "otherNonOperatingIncome": "None", "depreciation": "None", "depreciationAndAmortization": "68000000", "incomeBeforeTax": "554400000", "incomeTaxExpense": "106500000", "interestAndDebtExpense": "None", "netIncomeFromContinuingOperations": "447900000", "comprehensiveIncomeNetOfTax": "None", "ebit": "617700000", "ebitda": "685700000", "netIncome": "447900000"}, {"fiscalDateEnding": "2022-12-31", "reportedCurrency": "USD", "grossProfit": "2589300000", "totalRevenue": "13462900000", "costOfRevenue": "10873600000", "costofGoodsAndServicesSold": "10873600000", "operatingIncome": "1025300000", "sellingGeneralAndAdministrative": "None", "researchAndDevelopment": "None", "operatingExpenses": "1564000000", "investmentIncomeNet": "None", "netInterestIncome": "-63100000", "interestIncome": "63100000", "interestExpense": "63100000", "nonInterestIncome": "None", "otherNonOperatingIncome": "None", "depreciation": "None", "depreciationAndAmortization": "83600000", "incomeBeforeTax": "1025300000", "incomeTaxExpense": "198900000", "interestAndDebtExpense": "None", "netIncomeFromContinuingOperations": "826400000", "comprehensiveIncomeNetOfTax": "None", "ebit": "1088400000", "ebitda": "1172000000", "netIncome": "826400000"}, {"fiscalDateEnding": "2022-09-30", "reportedCurrency": "USD", "grossProfit": "1784800000", "totalRevenue": "12774400000", "costOfRevenue": "10989600000", "costofGoodsAndServicesSold": "10989600000", "operatingIncome": "142500000", "sellingGeneralAndAdministrative": "None", "researchAndDevelopment": "None", "operatingExpenses": "1642300000", "investmentIncomeNet": "None", "netInterestIncome": "-63100000", "interestIncome": "63100000", "interestExpense": "63100000", "nonInterestIncome": "None", "otherNonOperatingIncome": "None", "depreciation": "None", "depreciationAndAmortization": "83300000", "incomeBeforeTax": "142500000", "incomeTaxExpense": "18400000", "interestAndDebtExpense": "None", "netIncomeFromContinuingOperations": "124100000", "comprehensiveIncomeNetOfTax": "None", "ebit": "205600000", "ebitda": "288900000", "netIncome": "124100000"}, {"fiscalDateEnding": "2022-06-30", "reportedCurrency": "USD", "grossProfit": "1158600000", "totalRevenue": "11513300000", "costOfRevenue": "10354700000", "costofGoodsAndServicesSold": "10354700000", "operatingIncome": "-635900000", "sellingGeneralAndAdministrative": "None", "researchAndDevelopment": "None", "operatingExpenses": "1794500000", "investmentIncomeNet": "None", "netInterestIncome": "-63000000", "interestIncome": "63000000", "interestExpense": "63000000", "nonInterestIncome": "None", "otherNonOperatingIncome": "None", "depreciation": "None", "depreciationAndAmortization": "84000000", "incomeBeforeTax": "-635900000", "incomeTaxExpense": "-93000000", "interestAndDebtExpense": "None", "netIncomeFromContinuingOperations": "-542900000", "comprehensiveIncomeNetOfTax": "None", "ebit": "-572900000", "ebitda": "-488900000", "netIncome": "-542900000"}, {"fiscalDateEnding": "2022-03-31", "reportedCurrency": "USD", "grossProfit": "2014000000", "totalRevenue": "11835800000", "costOfRevenue": "9821800000", "costofGoodsAndServicesSold": "9821800000", "operatingIncome": "390200000", "sellingGeneralAndAdministrative": "None", "researchAndDevelopment": "None", "operatingExpenses": "1623800000", "investmentIncomeNet": "None", "netInterestIncome": "-54300000", "interestIncome": "54300000", "interestExpense": "54300000", "nonInterestIncome": "None", "otherNonOperatingIncome": "None", "depreciation": "None", "depreciationAndAmortization": "85700000", "incomeBeforeTax": "390200000", "incomeTaxExpense": "76300000", "interestAndDebtExpense": "None", "netIncomeFromContinuingOperations": "313900000", "comprehensiveIncomeNetOfTax": "None", "ebit": "444500000", "ebitda": "530200000", "netIncome": "313900000"}, {"fiscalDateEnding": "2021-12-31", "reportedCurrency": "USD", "grossProfit": "2667000000", "totalRevenue": "12485100000", "costOfRevenue": "9818100000", "costofGoodsAndServicesSold": "9818100000", "operatingIncome": "1203900000", "sellingGeneralAndAdministrative": "None", "researchAndDevelopment": "None", "operatingExpenses": "1463100000", "investmentIncomeNet": "None", "netInterestIncome": "-51600000", "interestIncome": "51600000", "interestExpense": "51600000", "nonInterestIncome": "None", "otherNonOperatingIncome": "None", "depreciation": "None", "depreciationAndAmortization": "90400000", "incomeBeforeTax": "1203900000", "incomeTaxExpense": "241600000", "interestAndDebtExpense": "None", "netIncomeFromContinuingOperations": "962300000", "comprehensiveIncomeNetOfTax": "None", "ebit": "1255500000", "ebitda": "1345900000", "netIncome": "962300000"}, {"fiscalDateEnding": "2021-09-30", "reportedCurrency": "USD", "grossProfit": "1650400000", "totalRevenue": "11852600000", "costOfRevenue": "10202200000", "costofGoodsAndServicesSold": "10202200000", "operatingIncome": "139000000", "sellingGeneralAndAdministrative": "None", "researchAndDevelopment": "None", "operatingExpenses": "1511400000", "investmentIncomeNet": "None", "netInterestIncome": "-54200000", "interestIncome": "54200000", "interestExpense": "54200000", "nonInterestIncome": "None", "otherNonOperatingIncome": "None", "depreciation": "None", "depreciationAndAmortization": "89100000", "incomeBeforeTax": "139000000", "incomeTaxExpense": "20500000", "interestAndDebtExpense": "None", "netIncomeFromContinuingOperations": "118500000", "comprehensiveIncomeNetOfTax": "None", "ebit": "193200000", "ebitda": "282300000", "netIncome": "118500000"}, {"fiscalDateEnding": "2021-06-30", "reportedCurrency": "USD", "grossProfit": "2564000000", "totalRevenue": "11899200000", "costOfRevenue": "9335200000", "costofGoodsAndServicesSold": "9335200000", "operatingIncome": "999200000", "sellingGeneralAndAdministrative": "None", "researchAndDevelopment": "None", "operatingExpenses": "1564800000", "investmentIncomeNet": "None", "netInterestIncome": "-56400000", "interestIncome": "56400000", "interestExpense": "56400000", "nonInterestIncome": "None", "otherNonOperatingIncome": "None", "depreciation": "None", "depreciationAndAmortization": "80800000", "incomeBeforeTax": "999200000", "incomeTaxExpense": "209100000", "interestAndDebtExpense": "None", "netIncomeFromContinuingOperations": "790100000", "comprehensiveIncomeNetOfTax": "None", "ebit": "1055600000", "ebitda": "1136400000", "netIncome": "790100000"}, {"fiscalDateEnding": "2021-03-31", "reportedCurrency": "USD", "grossProfit": "3454700000", "totalRevenue": "11439600000", "costOfRevenue": "7984900000", "costofGoodsAndServicesSold": "7984900000", "operatingIncome": "1867900000", "sellingGeneralAndAdministrative": "None", "researchAndDevelopment": "None", "operatingExpenses": "1586800000", "investmentIncomeNet": "None", "netInterestIncome": "-56400000", "interestIncome": "56400000", "interestExpense": "56400000", "nonInterestIncome": "None", "otherNonOperatingIncome": "None", "depreciation": "None", "depreciationAndAmortization": "77100000", "incomeBeforeTax": "1867900000", "incomeTaxExpense": "387900000", "interestAndDebtExpense": "None", "netIncomeFromContinuingOperations": "1480000000", "comprehensiveIncomeNetOfTax": "None", "ebit": "1924300000", "ebitda": "2001400000", "netIncome": "1480000000"}, {"fiscalDateEnding": "2020-12-31", "reportedCurrency": "USD", "grossProfit": "3618500000", "totalRevenue": "11410300000", "costOfRevenue": "7791800000", "costofGoodsAndServicesSold": "7791800000", "operatingIncome": "2106200000", "sellingGeneralAndAdministrative": "47500000", "researchAndDevelopment": "None", "operatingExpenses": "1512300000", "investmentIncomeNet": "None", "netInterestIncome": "-56200000", "interestIncome": "56200000", "interestExpense": "56200000", "nonInterestIncome": "None", "otherNonOperatingIncome": "None", "depreciation": "None", "depreciationAndAmortization": "87800000", "incomeBeforeTax": "2106200000", "incomeTaxExpense": "421900000", "interestAndDebtExpense": "None", "netIncomeFromContinuingOperations": "1684300000", "comprehensiveIncomeNetOfTax": "None", "ebit": "2162400000", "ebitda": "2250200000", "netIncome": "1684300000"}, {"fiscalDateEnding": "2020-09-30", "reportedCurrency": "USD", "grossProfit": "3394200000", "totalRevenue": "10942500000", "costOfRevenue": "7548300000", "costofGoodsAndServicesSold": "7548300000", "operatingIncome": "1923500000", "sellingGeneralAndAdministrative": "None", "researchAndDevelopment": "None", "operatingExpenses": "1470700000", "investmentIncomeNet": "None", "netInterestIncome": "-56400000", "interestIncome": "56400000", "interestExpense": "56400000", "nonInterestIncome": "None", "otherNonOperatingIncome": "None", "depreciation": "None", "depreciationAndAmortization": "85100000", "incomeBeforeTax": "1923500000", "incomeTaxExpense": "392700000", "interestAndDebtExpense": "None", "netIncomeFromContinuingOperations": "1530800000", "comprehensiveIncomeNetOfTax": "None", "ebit": "1979900000", "ebitda": "2065000000", "netIncome": "1530800000"}, {"fiscalDateEnding": "2020-06-30", "reportedCurrency": "USD", "grossProfit": "4850300000", "totalRevenue": "10967200000", "costOfRevenue": "6116900000", "costofGoodsAndServicesSold": "6116900000", "operatingIncome": "2268800000", "sellingGeneralAndAdministrative": "None", "researchAndDevelopment": "None", "operatingExpenses": "2581500000", "investmentIncomeNet": "None", "netInterestIncome": "-56400000", "interestIncome": "56400000", "interestExpense": "56400000", "nonInterestIncome": "None", "otherNonOperatingIncome": "None", "depreciation": "None", "depreciationAndAmortization": "81800000", "incomeBeforeTax": "2268800000", "incomeTaxExpense": "478400000", "interestAndDebtExpense": "None", "netIncomeFromContinuingOperations": "1790400000", "comprehensiveIncomeNetOfTax": "None", "ebit": "2325200000", "ebitda": "2407000000", "netIncome": "1790400000"}, {"fiscalDateEnding": "2020-03-31", "reportedCurrency": "USD", "grossProfit": "2380100000", "totalRevenue": "9318100000", "costOfRevenue": "6938000000", "costofGoodsAndServicesSold": "6938000000", "operatingIncome": "874700000", "sellingGeneralAndAdministrative": "47500000", "researchAndDevelopment": "None", "operatingExpenses": "1505400000", "investmentIncomeNet": "None", "netInterestIncome": "-48000000", "interestIncome": "48000000", "interestExpense": "48000000", "nonInterestIncome": "None", "otherNonOperatingIncome": "None", "depreciation": "None", "depreciationAndAmortization": "77100000", "incomeBeforeTax": "874700000", "incomeTaxExpense": "175600000", "interestAndDebtExpense": "None", "netIncomeFromContinuingOperations": "699100000", "comprehensiveIncomeNetOfTax": "None", "ebit": "922700000", "ebitda": "999800000", "netIncome": "692700000"}, {"fiscalDateEnding": "2019-12-31", "reportedCurrency": "USD", "grossProfit": "2765200000", "totalRevenue": "10734800000", "costOfRevenue": "7969600000", "costofGoodsAndServicesSold": "7969600000", "operatingIncome": "1338900000", "sellingGeneralAndAdministrative": "46800000", "researchAndDevelopment": "None", "operatingExpenses": "1426300000", "investmentIncomeNet": "None", "netInterestIncome": "-47400000", "interestIncome": "47400000", "interestExpense": "47400000", "nonInterestIncome": "None", "otherNonOperatingIncome": "None", "depreciation": "None", "depreciationAndAmortization": "83400000", "incomeBeforeTax": "1338900000", "incomeTaxExpense": "264300000", "interestAndDebtExpense": "None", "netIncomeFromContinuingOperations": "1074600000", "comprehensiveIncomeNetOfTax": "None", "ebit": "1386300000", "ebitda": "1469700000", "netIncome": "1070800000"}, {"fiscalDateEnding": "2019-09-30", "reportedCurrency": "USD", "grossProfit": "2346800000", "totalRevenue": "9524600000", "costOfRevenue": "7177800000", "costofGoodsAndServicesSold": "7177800000", "operatingIncome": "1010300000", "sellingGeneralAndAdministrative": "48700000", "researchAndDevelopment": "None", "operatingExpenses": "1336500000", "investmentIncomeNet": "None", "netInterestIncome": "-47500000", "interestIncome": "47500000", "interestExpense": "47500000", "nonInterestIncome": "None", "otherNonOperatingIncome": "None", "depreciation": "None", "depreciationAndAmortization": "72200000", "incomeBeforeTax": "1010300000", "incomeTaxExpense": "166700000", "interestAndDebtExpense": "None", "netIncomeFromContinuingOperations": "843600000", "comprehensiveIncomeNetOfTax": "None", "ebit": "1057800000", "ebitda": "1130000000", "netIncome": "841700000"}, {"fiscalDateEnding": "2019-06-30", "reportedCurrency": "USD", "grossProfit": "2567800000", "totalRevenue": "9444500000", "costOfRevenue": "6876700000", "costofGoodsAndServicesSold": "6876700000", "operatingIncome": "1243600000", "sellingGeneralAndAdministrative": "45300000", "researchAndDevelopment": "None", "operatingExpenses": "1324200000", "investmentIncomeNet": "None", "netInterestIncome": "-47400000", "interestIncome": "47400000", "interestExpense": "47400000", "nonInterestIncome": "None", "otherNonOperatingIncome": "None", "depreciation": "None", "depreciationAndAmortization": "80000000", "incomeBeforeTax": "1243600000", "incomeTaxExpense": "264600000", "interestAndDebtExpense": "None", "netIncomeFromContinuingOperations": "979000000", "comprehensiveIncomeNetOfTax": "None", "ebit": "1291000000", "ebitda": "1371000000", "netIncome": "979400000"}, {"fiscalDateEnding": "2019-03-31", "reportedCurrency": "USD", "grossProfit": "2824200000", "totalRevenue": "9293800000", "costOfRevenue": "6469600000", "costofGoodsAndServicesSold": "6469600000", "operatingIncome": "1567500000", "sellingGeneralAndAdministrative": "38100000", "researchAndDevelopment": "None", "operatingExpenses": "1256700000", "investmentIncomeNet": "None", "netInterestIncome": "-47400000", "interestIncome": "None", "interestExpense": "47400000", "nonInterestIncome": "None", "otherNonOperatingIncome": "None", "depreciation": "None", "depreciationAndAmortization": "70500000", "incomeBeforeTax": "1567500000", "incomeTaxExpense": "484700000", "interestAndDebtExpense": "None", "netIncomeFromContinuingOperations": "1082800000", "comprehensiveIncomeNetOfTax": "None", "ebit": "1614900000", "ebitda": "1685400000", "netIncome": "1078400000"}, {"fiscalDateEnding": "2018-12-31", "reportedCurrency": "USD", "grossProfit": "1393000000", "totalRevenue": "8028800000", "costOfRevenue": "6635800000", "costofGoodsAndServicesSold": "6635800000", "operatingIncome": "242200000", "sellingGeneralAndAdministrative": "32000000", "researchAndDevelopment": "0", "operatingExpenses": "1150800000", "investmentIncomeNet": "None", "netInterestIncome": "None", "interestIncome": "None", "interestExpense": "46000000", "nonInterestIncome": "None", "otherNonOperatingIncome": "None", "depreciation": "None", "depreciationAndAmortization": "70600000", "incomeBeforeTax": "242200000", "incomeTaxExpense": "-17600000", "interestAndDebtExpense": "None", "netIncomeFromContinuingOperations": "259800000", "comprehensiveIncomeNetOfTax": "None", "ebit": "288200000", "ebitda": "358800000", "netIncome": "264700000"}, {"fiscalDateEnding": "2018-09-30", "reportedCurrency": "USD", "grossProfit": "2304200000", "totalRevenue": "8490000000", "costOfRevenue": "6185800000", "costofGoodsAndServicesSold": "6185800000", "operatingIncome": "1130500000", "sellingGeneralAndAdministrative": "35800000", "researchAndDevelopment": "0", "operatingExpenses": "1173700000", "investmentIncomeNet": "None", "netInterestIncome": "None", "interestIncome": "None", "interestExpense": "42000000", "nonInterestIncome": "None", "otherNonOperatingIncome": "None", "depreciation": "None", "depreciationAndAmortization": "69200000", "incomeBeforeTax": "1130500000", "incomeTaxExpense": "200300000", "interestAndDebtExpense": "None", "netIncomeFromContinuingOperations": "930200000", "comprehensiveIncomeNetOfTax": "None", "ebit": "1172500000", "ebitda": "1241700000", "netIncome": "928400000"}, {"fiscalDateEnding": "2018-06-30", "reportedCurrency": "USD", "grossProfit": "2005700000", "totalRevenue": "8011800000", "costOfRevenue": "6006100000", "costofGoodsAndServicesSold": "6006100000", "operatingIncome": "880100000", "sellingGeneralAndAdministrative": "37000000", "researchAndDevelopment": "0", "operatingExpenses": "1125600000", "investmentIncomeNet": "None", "netInterestIncome": "None", "interestIncome": "None", "interestExpense": "41700000", "nonInterestIncome": "None", "otherNonOperatingIncome": "None", "depreciation": "None", "depreciationAndAmortization": "63700000", "incomeBeforeTax": "880100000", "incomeTaxExpense": "178900000", "interestAndDebtExpense": "None", "netIncomeFromContinuingOperations": "701200000", "comprehensiveIncomeNetOfTax": "None", "ebit": "921800000", "ebitda": "985500000", "netIncome": "704200000"}, {"fiscalDateEnding": "2018-03-31", "reportedCurrency": "USD", "grossProfit": "1957100000", "totalRevenue": "7424100000", "costOfRevenue": "5467000000", "costofGoodsAndServicesSold": "5467000000", "operatingIncome": "910800000", "sellingGeneralAndAdministrative": "29300000", "researchAndDevelopment": "0", "operatingExpenses": "1046300000", "investmentIncomeNet": "None", "netInterestIncome": "None", "interestIncome": "None", "interestExpense": "36800000", "nonInterestIncome": "None", "otherNonOperatingIncome": "None", "depreciation": "None", "depreciationAndAmortization": "58900000", "incomeBeforeTax": "910800000", "incomeTaxExpense": "181000000", "interestAndDebtExpense": "None", "netIncomeFromContinuingOperations": "729800000", "comprehensiveIncomeNetOfTax": "None", "ebit": "947600000", "ebitda": "1006500000", "netIncome": "718000000"}, {"fiscalDateEnding": "2017-12-31", "reportedCurrency": "USD", "grossProfit": "1668200000", "totalRevenue": "7115100000", "costOfRevenue": "5446900000", "costofGoodsAndServicesSold": "5446900000", "operatingIncome": "691400000", "sellingGeneralAndAdministrative": "27700000", "researchAndDevelopment": "0", "operatingExpenses": "976800000", "investmentIncomeNet": "None", "netInterestIncome": "None", "interestIncome": "None", "interestExpense": "35500000", "nonInterestIncome": "None", "otherNonOperatingIncome": "None", "depreciation": "None", "depreciationAndAmortization": "61200000", "incomeBeforeTax": "691400000", "incomeTaxExpense": "111100000", "interestAndDebtExpense": "None", "netIncomeFromContinuingOperations": "580300000", "comprehensiveIncomeNetOfTax": "None", "ebit": "726900000", "ebitda": "788100000", "netIncome": "576300000"}, {"fiscalDateEnding": "2017-09-30", "reportedCurrency": "USD", "grossProfit": "1195400000", "totalRevenue": "6786000000", "costOfRevenue": "5590600000", "costofGoodsAndServicesSold": "5590600000", "operatingIncome": "251400000", "sellingGeneralAndAdministrative": "28900000", "researchAndDevelopment": "0", "operatingExpenses": "944000000", "investmentIncomeNet": "None", "netInterestIncome": "None", "interestIncome": "None", "interestExpense": "37400000", "nonInterestIncome": "None", "otherNonOperatingIncome": "None", "depreciation": "None", "depreciationAndAmortization": "59900000", "incomeBeforeTax": "251400000", "incomeTaxExpense": "36600000", "interestAndDebtExpense": "None", "netIncomeFromContinuingOperations": "214800000", "comprehensiveIncomeNetOfTax": "None", "ebit": "288800000", "ebitda": "348700000", "netIncome": "224000000"}, {"fiscalDateEnding": "2017-06-30", "reportedCurrency": "USD", "grossProfit": "1470000000", "totalRevenue": "6599100000", "costOfRevenue": "5129100000", "costofGoodsAndServicesSold": "5129100000", "operatingIncome": "554600000", "sellingGeneralAndAdministrative": "27000000", "researchAndDevelopment": "0", "operatingExpenses": "915400000", "investmentIncomeNet": "None", "netInterestIncome": "None", "interestIncome": "None", "interestExpense": "43400000", "nonInterestIncome": "None", "otherNonOperatingIncome": "None", "depreciation": "None", "depreciationAndAmortization": "58500000", "incomeBeforeTax": "554600000", "incomeTaxExpense": "181900000", "interestAndDebtExpense": "None", "netIncomeFromContinuingOperations": "372700000", "comprehensiveIncomeNetOfTax": "None", "ebit": "598000000", "ebitda": "656500000", "netIncome": "367600000"}, {"fiscalDateEnding": "2017-03-31", "reportedCurrency": "USD", "grossProfit": "1549600000", "totalRevenue": "6315900000", "costOfRevenue": "4766300000", "costofGoodsAndServicesSold": "4766300000", "operatingIncome": "641500000", "sellingGeneralAndAdministrative": "25900000", "researchAndDevelopment": "0", "operatingExpenses": "908100000", "investmentIncomeNet": "None", "netInterestIncome": "None", "interestIncome": "None", "interestExpense": "36800000", "nonInterestIncome": "None", "otherNonOperatingIncome": "None", "depreciation": "None", "depreciationAndAmortization": "56500000", "incomeBeforeTax": "641500000", "incomeTaxExpense": "211200000", "interestAndDebtExpense": "None", "netIncomeFromContinuingOperations": "430300000", "comprehensiveIncomeNetOfTax": "None", "ebit": "678300000", "ebitda": "734800000", "netIncome": "424300000"}, {"fiscalDateEnding": "2016-12-31", "reportedCurrency": "USD", "grossProfit": "1307900000", "totalRevenue": "6122100000", "costOfRevenue": "4814200000", "costofGoodsAndServicesSold": "4814200000", "operatingIncome": "537500000", "sellingGeneralAndAdministrative": "23500000", "researchAndDevelopment": "0", "operatingExpenses": "770400000", "investmentIncomeNet": "None", "netInterestIncome": "None", "interestIncome": "None", "interestExpense": "37100000", "nonInterestIncome": "None", "otherNonOperatingIncome": "None", "depreciation": "None", "depreciationAndAmortization": "58300000", "incomeBeforeTax": "537500000", "incomeTaxExpense": "139400000", "interestAndDebtExpense": "None", "netIncomeFromContinuingOperations": "398100000", "comprehensiveIncomeNetOfTax": "None", "ebit": "574600000", "ebitda": "632900000", "netIncome": "383200000"}, {"fiscalDateEnding": "2016-09-30", "reportedCurrency": "USD", "grossProfit": "1056600000", "totalRevenue": "5930200000", "costOfRevenue": "4873600000", "costofGoodsAndServicesSold": "4873600000", "operatingIncome": "258500000", "sellingGeneralAndAdministrative": "23200000", "researchAndDevelopment": "0", "operatingExpenses": "798100000", "investmentIncomeNet": "None", "netInterestIncome": "None", "interestIncome": "None", "interestExpense": "35300000", "nonInterestIncome": "None", "otherNonOperatingIncome": "None", "depreciation": "None", "depreciationAndAmortization": "52000000", "incomeBeforeTax": "258500000", "incomeTaxExpense": "53000000", "interestAndDebtExpense": "None", "netIncomeFromContinuingOperations": "205500000", "comprehensiveIncomeNetOfTax": "None", "ebit": "293800000", "ebitda": "345800000", "netIncome": "198700000"}, {"fiscalDateEnding": "2016-06-30", "reportedCurrency": "USD", "grossProfit": "1110500000", "totalRevenue": "5812400000", "costOfRevenue": "4701900000", "costofGoodsAndServicesSold": "4701900000", "operatingIncome": "287300000", "sellingGeneralAndAdministrative": "23700000", "researchAndDevelopment": "0", "operatingExpenses": "823200000", "investmentIncomeNet": "None", "netInterestIncome": "None", "interestIncome": "None", "interestExpense": "34300000", "nonInterestIncome": "None", "otherNonOperatingIncome": "None", "depreciation": "None", "depreciationAndAmortization": "46200000", "incomeBeforeTax": "287300000", "incomeTaxExpense": "92400000", "interestAndDebtExpense": "None", "netIncomeFromContinuingOperations": "194900000", "comprehensiveIncomeNetOfTax": "None", "ebit": "321600000", "ebitda": "367800000", "netIncome": "190900000"}, {"fiscalDateEnding": "2016-03-31", "reportedCurrency": "USD", "grossProfit": "1199000000", "totalRevenue": "5552700000", "costOfRevenue": "4353700000", "costofGoodsAndServicesSold": "4353700000", "operatingIncome": "387400000", "sellingGeneralAndAdministrative": "21600000", "researchAndDevelopment": "0", "operatingExpenses": "811600000", "investmentIncomeNet": "None", "netInterestIncome": "None", "interestIncome": "None", "interestExpense": "34200000", "nonInterestIncome": "None", "otherNonOperatingIncome": "None", "depreciation": "None", "depreciationAndAmortization": "43000000", "incomeBeforeTax": "387400000", "incomeTaxExpense": "128700000", "interestAndDebtExpense": "None", "netIncomeFromContinuingOperations": "258700000", "comprehensiveIncomeNetOfTax": "None", "ebit": "421600000", "ebitda": "464600000", "netIncome": "258200000"}, {"fiscalDateEnding": "2015-12-31", "reportedCurrency": "USD", "grossProfit": "1260700000", "totalRevenue": "5394500000", "costOfRevenue": "4133800000", "costofGoodsAndServicesSold": "4133800000", "operatingIncome": "514100000", "sellingGeneralAndAdministrative": "20700000", "researchAndDevelopment": "0", "operatingExpenses": "746600000", "investmentIncomeNet": "None", "netInterestIncome": "None", "interestIncome": "None", "interestExpense": "34100000", "nonInterestIncome": "None", "otherNonOperatingIncome": "None", "depreciation": "None", "depreciationAndAmortization": "43200000", "incomeBeforeTax": "514100000", "incomeTaxExpense": "164200000", "interestAndDebtExpense": "None", "netIncomeFromContinuingOperations": "36300000", "comprehensiveIncomeNetOfTax": "None", "ebit": "548200000", "ebitda": "591400000", "netIncome": "330400000"}, {"fiscalDateEnding": "2015-09-30", "reportedCurrency": "USD", "grossProfit": "1192300000", "totalRevenue": "5269800000", "costOfRevenue": "4077500000", "costofGoodsAndServicesSold": "4077500000", "operatingIncome": "429000000", "sellingGeneralAndAdministrative": "20400000", "researchAndDevelopment": "0", "operatingExpenses": "763300000", "investmentIncomeNet": "None", "netInterestIncome": "None", "interestIncome": "None", "interestExpense": "34500000", "nonInterestIncome": "None", "otherNonOperatingIncome": "None", "depreciation": "None", "depreciationAndAmortization": "41900000", "incomeBeforeTax": "429000000", "incomeTaxExpense": "142500000", "interestAndDebtExpense": "None", "netIncomeFromContinuingOperations": "286500000", "comprehensiveIncomeNetOfTax": "None", "ebit": "463500000", "ebitda": "505400000", "netIncome": "278300000"}, {"fiscalDateEnding": "2015-06-30", "reportedCurrency": "USD", "grossProfit": "1243100000", "totalRevenue": "5277600000", "costOfRevenue": "4034500000", "costofGoodsAndServicesSold": "4034500000", "operatingIncome": "525300000", "sellingGeneralAndAdministrative": "20500000", "researchAndDevelopment": "0", "operatingExpenses": "717800000", "investmentIncomeNet": "None", "netInterestIncome": "None", "interestIncome": "None", "interestExpense": "34900000", "nonInterestIncome": "None", "otherNonOperatingIncome": "None", "depreciation": "None", "depreciationAndAmortization": "41600000", "incomeBeforeTax": "525300000", "incomeTaxExpense": "156800000", "interestAndDebtExpense": "None", "netIncomeFromContinuingOperations": "682100000", "comprehensiveIncomeNetOfTax": "None", "ebit": "560200000", "ebitda": "601800000", "netIncome": "363300000"}, {"fiscalDateEnding": "2015-03-31", "reportedCurrency": "USD", "grossProfit": "1142000000", "totalRevenue": "4890000000", "costOfRevenue": "3748000000", "costofGoodsAndServicesSold": "3748000000", "operatingIncome": "443200000", "sellingGeneralAndAdministrative": "15900000", "researchAndDevelopment": "0", "operatingExpenses": "698800000", "investmentIncomeNet": "None", "netInterestIncome": "None", "interestIncome": "None", "interestExpense": "32500000", "nonInterestIncome": "None", "otherNonOperatingIncome": "None", "depreciation": "None", "depreciationAndAmortization": "23800000", "incomeBeforeTax": "443200000", "incomeTaxExpense": "147600000", "interestAndDebtExpense": "None", "netIncomeFromContinuingOperations": "295600000", "comprehensiveIncomeNetOfTax": "None", "ebit": "475700000", "ebitda": "499500000", "netIncome": "295600000"}, {"fiscalDateEnding": "2014-12-31", "reportedCurrency": "USD", "grossProfit": "1226900000", "totalRevenue": "5171300000", "costOfRevenue": "3944400000", "costofGoodsAndServicesSold": "3944400000", "operatingIncome": "546400000", "sellingGeneralAndAdministrative": "14800000", "researchAndDevelopment": "0", "operatingExpenses": "680500000", "investmentIncomeNet": "None", "netInterestIncome": "None", "interestIncome": "None", "interestExpense": "29900000", "nonInterestIncome": "None", "otherNonOperatingIncome": "None", "depreciation": "None", "depreciationAndAmortization": "25300000", "incomeBeforeTax": "546400000", "incomeTaxExpense": "176200000", "interestAndDebtExpense": "None", "netIncomeFromContinuingOperations": "370200000", "comprehensiveIncomeNetOfTax": "None", "ebit": "576300000", "ebitda": "601600000", "netIncome": "370200000"}, {"fiscalDateEnding": "2014-09-30", "reportedCurrency": "USD", "grossProfit": "1100000000", "totalRevenue": "4767000000", "costOfRevenue": "3667000000", "costofGoodsAndServicesSold": "3667000000", "operatingIncome": "441800000", "sellingGeneralAndAdministrative": "13500000", "researchAndDevelopment": "0", "operatingExpenses": "658200000", "investmentIncomeNet": "None", "netInterestIncome": "None", "interestIncome": "None", "interestExpense": "30700000", "nonInterestIncome": "None", "otherNonOperatingIncome": "None", "depreciation": "None", "depreciationAndAmortization": "25100000", "incomeBeforeTax": "441800000", "incomeTaxExpense": "145700000", "interestAndDebtExpense": "None", "netIncomeFromContinuingOperations": "296100000", "comprehensiveIncomeNetOfTax": "None", "ebit": "472500000", "ebitda": "497600000", "netIncome": "296100000"}, {"fiscalDateEnding": "2014-06-30", "reportedCurrency": "USD", "grossProfit": "1091600000", "totalRevenue": "4735500000", "costOfRevenue": "3643900000", "costofGoodsAndServicesSold": "3643900000", "operatingIncome": "437400000", "sellingGeneralAndAdministrative": "12900000", "researchAndDevelopment": "0", "operatingExpenses": "654200000", "investmentIncomeNet": "None", "netInterestIncome": "None", "interestIncome": "None", "interestExpense": "29600000", "nonInterestIncome": "None", "otherNonOperatingIncome": "None", "depreciation": "None", "depreciationAndAmortization": "23900000", "incomeBeforeTax": "437400000", "incomeTaxExpense": "144000000", "interestAndDebtExpense": "None", "netIncomeFromContinuingOperations": "293400000", "comprehensiveIncomeNetOfTax": "None", "ebit": "467000000", "ebitda": "490900000", "netIncome": "293400000"}, {"fiscalDateEnding": "2014-03-31", "reportedCurrency": "USD", "grossProfit": "1128600000", "totalRevenue": "4703500000", "costOfRevenue": "3574900000", "costofGoodsAndServicesSold": "3574900000", "operatingIncome": "481800000", "sellingGeneralAndAdministrative": "9700000", "researchAndDevelopment": "0", "operatingExpenses": "646800000", "investmentIncomeNet": "None", "netInterestIncome": "None", "interestIncome": "None", "interestExpense": "26700000", "nonInterestIncome": "None", "otherNonOperatingIncome": "None", "depreciation": "None", "depreciationAndAmortization": "22800000", "incomeBeforeTax": "481800000", "incomeTaxExpense": "160500000", "interestAndDebtExpense": "None", "netIncomeFromContinuingOperations": "321300000", "comprehensiveIncomeNetOfTax": "None", "ebit": "508500000", "ebitda": "531300000", "netIncome": "321300000"}, {"fiscalDateEnding": "2013-12-31", "reportedCurrency": "USD", "grossProfit": "1043000000", "totalRevenue": "4614500000", "costOfRevenue": "3571500000", "costofGoodsAndServicesSold": "3571500000", "operatingIncome": "425600000", "sellingGeneralAndAdministrative": "8700000", "researchAndDevelopment": "0", "operatingExpenses": "617400000", "investmentIncomeNet": "None", "netInterestIncome": "None", "interestIncome": "None", "interestExpense": "26800000", "nonInterestIncome": "None", "otherNonOperatingIncome": "None", "depreciation": "None", "depreciationAndAmortization": "26400000", "incomeBeforeTax": "425600000", "incomeTaxExpense": "125800000", "interestAndDebtExpense": "None", "netIncomeFromContinuingOperations": "299800000", "comprehensiveIncomeNetOfTax": "None", "ebit": "452400000", "ebitda": "478800000", "netIncome": "299800000"}, {"fiscalDateEnding": "2013-09-30", "reportedCurrency": "USD", "grossProfit": "993100000", "totalRevenue": "4520400000", "costOfRevenue": "3527300000", "costofGoodsAndServicesSold": "3527300000", "operatingIncome": "345000000", "sellingGeneralAndAdministrative": "11100000", "researchAndDevelopment": "0", "operatingExpenses": "648100000", "investmentIncomeNet": "None", "netInterestIncome": "None", "interestIncome": "None", "interestExpense": "30400000", "nonInterestIncome": "None", "otherNonOperatingIncome": "None", "depreciation": "None", "depreciationAndAmortization": "25900000", "incomeBeforeTax": "345000000", "incomeTaxExpense": "112600000", "interestAndDebtExpense": "None", "netIncomeFromContinuingOperations": "232400000", "comprehensiveIncomeNetOfTax": "None", "ebit": "375400000", "ebitda": "401300000", "netIncome": "232400000"}, {"fiscalDateEnding": "2013-06-30", "reportedCurrency": "USD", "grossProfit": "1108200000", "totalRevenue": "4589200000", "costOfRevenue": "3481000000", "costofGoodsAndServicesSold": "3481000000", "operatingIncome": "486300000", "sellingGeneralAndAdministrative": "10400000", "researchAndDevelopment": "0", "operatingExpenses": "621900000", "investmentIncomeNet": "None", "netInterestIncome": "None", "interestIncome": "None", "interestExpense": "30400000", "nonInterestIncome": "None", "otherNonOperatingIncome": "None", "depreciation": "None", "depreciationAndAmortization": "25300000", "incomeBeforeTax": "486300000", "incomeTaxExpense": "161700000", "interestAndDebtExpense": "None", "netIncomeFromContinuingOperations": "324600000", "comprehensiveIncomeNetOfTax": "None", "ebit": "516700000", "ebitda": "542000000", "netIncome": "324600000"}, {"fiscalDateEnding": "2013-03-31", "reportedCurrency": "USD", "grossProfit": "1087900000", "totalRevenue": "4432300000", "costOfRevenue": "3344400000", "costofGoodsAndServicesSold": "3344400000", "operatingIncome": "463100000", "sellingGeneralAndAdministrative": "8600000", "researchAndDevelopment": "0", "operatingExpenses": "624800000", "investmentIncomeNet": "None", "netInterestIncome": "None", "interestIncome": "None", "interestExpense": "30600000", "nonInterestIncome": "None", "otherNonOperatingIncome": "None", "depreciation": "None", "depreciationAndAmortization": "23700000", "incomeBeforeTax": "463100000", "incomeTaxExpense": "154500000", "interestAndDebtExpense": "None", "netIncomeFromContinuingOperations": "308600000", "comprehensiveIncomeNetOfTax": "None", "ebit": "493700000", "ebitda": "517400000", "netIncome": "308600000"}, {"fiscalDateEnding": "2012-12-31", "reportedCurrency": "USD", "grossProfit": "1119800000", "totalRevenue": "4548700000", "costOfRevenue": "3428900000", "costofGoodsAndServicesSold": "3428900000", "operatingIncome": "353500000", "sellingGeneralAndAdministrative": "8400000", "researchAndDevelopment": "0", "operatingExpenses": "766300000", "investmentIncomeNet": "None", "netInterestIncome": "None", "interestIncome": "None", "interestExpense": "30600000", "nonInterestIncome": "None", "otherNonOperatingIncome": "None", "depreciation": "None", "depreciationAndAmortization": "-20500000", "incomeBeforeTax": "353500000", "incomeTaxExpense": "104400000", "interestAndDebtExpense": "None", "netIncomeFromContinuingOperations": "249100000", "comprehensiveIncomeNetOfTax": "None", "ebit": "384100000", "ebitda": "363600000", "netIncome": "249100000"}, {"fiscalDateEnding": "2012-09-30", "reportedCurrency": "USD", "grossProfit": "995200000", "totalRevenue": "4420700000", "costOfRevenue": "3425500000", "costofGoodsAndServicesSold": "3425500000", "operatingIncome": "412400000", "sellingGeneralAndAdministrative": "9600000", "researchAndDevelopment": "0", "operatingExpenses": "582800000", "investmentIncomeNet": "None", "netInterestIncome": "None", "interestIncome": "None", "interestExpense": "30600000", "nonInterestIncome": "None", "otherNonOperatingIncome": "None", "depreciation": "None", "depreciationAndAmortization": "23600000", "incomeBeforeTax": "412400000", "incomeTaxExpense": "135400000", "interestAndDebtExpense": "None", "netIncomeFromContinuingOperations": "277000000", "comprehensiveIncomeNetOfTax": "None", "ebit": "443000000", "ebitda": "466600000", "netIncome": "277000000"}, {"fiscalDateEnding": "2012-06-30", "reportedCurrency": "USD", "grossProfit": "772000000", "totalRevenue": "4180200000", "costOfRevenue": "3408200000", "costofGoodsAndServicesSold": "3408200000", "operatingIncome": "167700000", "sellingGeneralAndAdministrative": "9900000", "researchAndDevelopment": "0", "operatingExpenses": "604300000", "investmentIncomeNet": "None", "netInterestIncome": "None", "interestIncome": "None", "interestExpense": "30700000", "nonInterestIncome": "None", "otherNonOperatingIncome": "None", "depreciation": "None", "depreciationAndAmortization": "23200000", "incomeBeforeTax": "167700000", "incomeTaxExpense": "49100000", "interestAndDebtExpense": "None", "netIncomeFromContinuingOperations": "118600000", "comprehensiveIncomeNetOfTax": "None", "ebit": "198400000", "ebitda": "221600000", "netIncome": "118600000"}, {"fiscalDateEnding": "2012-03-31", "reportedCurrency": "USD", "grossProfit": "1000900000", "totalRevenue": "4122900000", "costOfRevenue": "3122000000", "costofGoodsAndServicesSold": "3122000000", "operatingIncome": "384100000", "sellingGeneralAndAdministrative": "8200000", "researchAndDevelopment": "0", "operatingExpenses": "616800000", "investmentIncomeNet": "None", "netInterestIncome": "None", "interestIncome": "None", "interestExpense": "31900000", "nonInterestIncome": "None", "otherNonOperatingIncome": "None", "depreciation": "None", "depreciationAndAmortization": "22300000", "incomeBeforeTax": "384100000", "incomeTaxExpense": "126500000", "interestAndDebtExpense": "None", "netIncomeFromContinuingOperations": "257600000", "comprehensiveIncomeNetOfTax": "None", "ebit": "416000000", "ebitda": "438300000", "netIncome": "257600000"}, {"fiscalDateEnding": "2011-12-31", "reportedCurrency": "USD", "grossProfit": "846900000", "totalRevenue": "3930900000", "costOfRevenue": "3084000000", "costofGoodsAndServicesSold": "3084000000", "operatingIncome": "375400000", "sellingGeneralAndAdministrative": "5500000", "researchAndDevelopment": "0", "operatingExpenses": "471500000", "investmentIncomeNet": "None", "netInterestIncome": "None", "interestIncome": "None", "interestExpense": "36300000", "nonInterestIncome": "None", "otherNonOperatingIncome": "None", "depreciation": "None", "depreciationAndAmortization": "-13200000", "incomeBeforeTax": "375400000", "incomeTaxExpense": "118700000", "interestAndDebtExpense": "None", "netIncomeFromContinuingOperations": "256700000", "comprehensiveIncomeNetOfTax": "None", "ebit": "411700000", "ebitda": "398500000", "netIncome": "256700000"}, {"fiscalDateEnding": "2011-09-30", "reportedCurrency": "USD", "grossProfit": "711600000", "totalRevenue": "3811100000", "costOfRevenue": "3099500000", "costofGoodsAndServicesSold": "3099500000", "operatingIncome": "208500000", "sellingGeneralAndAdministrative": "5100000", "researchAndDevelopment": "0", "operatingExpenses": "503100000", "investmentIncomeNet": "None", "netInterestIncome": "None", "interestIncome": "None", "interestExpense": "33400000", "nonInterestIncome": "None", "otherNonOperatingIncome": "None", "depreciation": "None", "depreciationAndAmortization": "34600000", "incomeBeforeTax": "208500000", "incomeTaxExpense": "57800000", "interestAndDebtExpense": "None", "netIncomeFromContinuingOperations": "150700000", "comprehensiveIncomeNetOfTax": "None", "ebit": "241900000", "ebitda": "276500000", "netIncome": "150700000"}, {"fiscalDateEnding": "2011-06-30", "reportedCurrency": "USD", "grossProfit": "863500000", "totalRevenue": "3872700000", "costOfRevenue": "3009200000", "costofGoodsAndServicesSold": "3009200000", "operatingIncome": "357700000", "sellingGeneralAndAdministrative": "4800000", "researchAndDevelopment": "0", "operatingExpenses": "505800000", "investmentIncomeNet": "None", "netInterestIncome": "None", "interestIncome": "None", "interestExpense": "31500000", "nonInterestIncome": "None", "otherNonOperatingIncome": "None", "depreciation": "None", "depreciationAndAmortization": "33900000", "incomeBeforeTax": "357700000", "incomeTaxExpense": "112500000", "interestAndDebtExpense": "None", "netIncomeFromContinuingOperations": "245200000", "comprehensiveIncomeNetOfTax": "None", "ebit": "389200000", "ebitda": "423100000", "netIncome": "245200000"}, {"fiscalDateEnding": "2011-03-31", "reportedCurrency": "USD", "grossProfit": "1038700000", "totalRevenue": "3893500000", "costOfRevenue": "2854800000", "costofGoodsAndServicesSold": "2854800000", "operatingIncome": "545400000", "sellingGeneralAndAdministrative": "4000000", "researchAndDevelopment": "0", "operatingExpenses": "493300000", "investmentIncomeNet": "None", "netInterestIncome": "None", "interestIncome": "None", "interestExpense": "31500000", "nonInterestIncome": "None", "otherNonOperatingIncome": "None", "depreciation": "None", "depreciationAndAmortization": "33200000", "incomeBeforeTax": "545400000", "incomeTaxExpense": "182500000", "interestAndDebtExpense": "None", "netIncomeFromContinuingOperations": "362900000", "comprehensiveIncomeNetOfTax": "None", "ebit": "576900000", "ebitda": "610100000", "netIncome": "362900000"}, {"fiscalDateEnding": "2010-12-31", "reportedCurrency": "USD", "grossProfit": "883200000", "totalRevenue": "3850100000", "costOfRevenue": "2966900000", "costofGoodsAndServicesSold": "2966900000", "operatingIncome": "426200000", "sellingGeneralAndAdministrative": "5500000", "researchAndDevelopment": "0", "operatingExpenses": "457000000", "investmentIncomeNet": "None", "netInterestIncome": "None", "interestIncome": "None", "interestExpense": "31300000", "nonInterestIncome": "None", "otherNonOperatingIncome": "None", "depreciation": "None", "depreciationAndAmortization": "66600000", "incomeBeforeTax": "426200000", "incomeTaxExpense": "127000000", "interestAndDebtExpense": "None", "netIncomeFromContinuingOperations": "299200000", "comprehensiveIncomeNetOfTax": "None", "ebit": "457500000", "ebitda": "524100000", "netIncome": "299200000"}, {"fiscalDateEnding": "2010-09-30", "reportedCurrency": "USD", "grossProfit": "872100000", "totalRevenue": "3763100000", "costOfRevenue": "2891000000", "costofGoodsAndServicesSold": "2891000000", "operatingIncome": "387200000", "sellingGeneralAndAdministrative": "5200000", "researchAndDevelopment": "0", "operatingExpenses": "484900000", "investmentIncomeNet": "None", "netInterestIncome": "None", "interestIncome": "None", "interestExpense": "31900000", "nonInterestIncome": "None", "otherNonOperatingIncome": "None", "depreciation": "None", "depreciationAndAmortization": "32000000", "incomeBeforeTax": "387200000", "incomeTaxExpense": "125600000", "interestAndDebtExpense": "None", "netIncomeFromContinuingOperations": "261600000", "comprehensiveIncomeNetOfTax": "None", "ebit": "419100000", "ebitda": "451100000", "netIncome": "261600000"}, {"fiscalDateEnding": "2010-06-30", "reportedCurrency": "USD", "grossProfit": "804300000", "totalRevenue": "3686300000", "costOfRevenue": "2882000000", "costofGoodsAndServicesSold": "2882000000", "operatingIncome": "312900000", "sellingGeneralAndAdministrative": "5500000", "researchAndDevelopment": "0", "operatingExpenses": "491400000", "investmentIncomeNet": "None", "netInterestIncome": "None", "interestIncome": "None", "interestExpense": "35100000", "nonInterestIncome": "None", "otherNonOperatingIncome": "None", "depreciation": "None", "depreciationAndAmortization": "34000000", "incomeBeforeTax": "312900000", "incomeTaxExpense": "101000000", "interestAndDebtExpense": "None", "netIncomeFromContinuingOperations": "211900000", "comprehensiveIncomeNetOfTax": "None", "ebit": "348000000", "ebitda": "382000000", "netIncome": "211900000"}, {"fiscalDateEnding": "2010-03-31", "reportedCurrency": "USD", "grossProfit": "909400000", "totalRevenue": "3665900000", "costOfRevenue": "2756500000", "costofGoodsAndServicesSold": "2756500000", "operatingIncome": "438900000", "sellingGeneralAndAdministrative": "5200000", "researchAndDevelopment": "0", "operatingExpenses": "470500000", "investmentIncomeNet": "None", "netInterestIncome": "None", "interestIncome": "None", "interestExpense": "35200000", "nonInterestIncome": "None", "otherNonOperatingIncome": "None", "depreciation": "None", "depreciationAndAmortization": "31600000", "incomeBeforeTax": "438900000", "incomeTaxExpense": "143300000", "interestAndDebtExpense": "None", "netIncomeFromContinuingOperations": "295600000", "comprehensiveIncomeNetOfTax": "None", "ebit": "474100000", "ebitda": "505700000", "netIncome": "295600000"}, {"fiscalDateEnding": "2009-12-31", "reportedCurrency": "USD", "grossProfit": "894700000", "totalRevenue": "3900600000", "costOfRevenue": "3005900000", "costofGoodsAndServicesSold": "3005900000", "operatingIncome": "454300000", "sellingGeneralAndAdministrative": "4600000", "researchAndDevelopment": "0", "operatingExpenses": "440400000", "investmentIncomeNet": "None", "netInterestIncome": "None", "interestIncome": "None", "interestExpense": "35300000", "nonInterestIncome": "None", "otherNonOperatingIncome": "None", "depreciation": "None", "depreciationAndAmortization": "34400000", "incomeBeforeTax": "454300000", "incomeTaxExpense": "149300000", "interestAndDebtExpense": "None", "netIncomeFromContinuingOperations": "0", "comprehensiveIncomeNetOfTax": "None", "ebit": "489600000", "ebitda": "524000000", "netIncome": "305000000"}, {"fiscalDateEnding": "2009-09-30", "reportedCurrency": "USD", "grossProfit": "809200000", "totalRevenue": "3608400000", "costOfRevenue": "2799200000", "costofGoodsAndServicesSold": "2799200000", "operatingIncome": "372000000", "sellingGeneralAndAdministrative": "5500000", "researchAndDevelopment": "0", "operatingExpenses": "437200000", "investmentIncomeNet": "None", "netInterestIncome": "None", "interestIncome": "None", "interestExpense": "35300000", "nonInterestIncome": "None", "otherNonOperatingIncome": "None", "depreciation": "None", "depreciationAndAmortization": "2700000", "incomeBeforeTax": "372000000", "incomeTaxExpense": "102100000", "interestAndDebtExpense": "None", "netIncomeFromContinuingOperations": "269900000", "comprehensiveIncomeNetOfTax": "None", "ebit": "407300000", "ebitda": "410000000", "netIncome": "269900000"}, {"fiscalDateEnding": "2009-06-30", "reportedCurrency": "USD", "grossProfit": "786800000", "totalRevenue": "3583500000", "costOfRevenue": "2796700000", "costofGoodsAndServicesSold": "2796700000", "operatingIncome": "353900000", "sellingGeneralAndAdministrative": "4700000", "researchAndDevelopment": "0", "operatingExpenses": "432900000", "investmentIncomeNet": "None", "netInterestIncome": "None", "interestIncome": "None", "interestExpense": "34700000", "nonInterestIncome": "None", "otherNonOperatingIncome": "None", "depreciation": "None", "depreciationAndAmortization": "32600000", "incomeBeforeTax": "353900000", "incomeTaxExpense": "103800000", "interestAndDebtExpense": "None", "netIncomeFromContinuingOperations": "250100000", "comprehensiveIncomeNetOfTax": "None", "ebit": "388600000", "ebitda": "421200000", "netIncome": "250100000"}, {"fiscalDateEnding": "2009-03-31", "reportedCurrency": "USD", "grossProfit": "795000000", "totalRevenue": "3468200000", "costOfRevenue": "2673200000", "costofGoodsAndServicesSold": "2673200000", "operatingIncome": "376700000", "sellingGeneralAndAdministrative": "4600000", "researchAndDevelopment": "0", "operatingExpenses": "418300000", "investmentIncomeNet": "None", "netInterestIncome": "None", "interestIncome": "None", "interestExpense": "33700000", "nonInterestIncome": "None", "otherNonOperatingIncome": "None", "depreciation": "None", "depreciationAndAmortization": "29900000", "incomeBeforeTax": "376700000", "incomeTaxExpense": "144200000", "interestAndDebtExpense": "None", "netIncomeFromContinuingOperations": "0", "comprehensiveIncomeNetOfTax": "None", "ebit": "410400000", "ebitda": "440300000", "netIncome": "232500000"}, {"fiscalDateEnding": "2008-12-31", "reportedCurrency": "USD", "grossProfit": "626800000", "totalRevenue": "3507500000", "costOfRevenue": "2880700000", "costofGoodsAndServicesSold": "2880700000", "operatingIncome": "218900000", "sellingGeneralAndAdministrative": "10500000", "researchAndDevelopment": "0", "operatingExpenses": "407900000", "investmentIncomeNet": "None", "netInterestIncome": "None", "interestIncome": "None", "interestExpense": "33900000", "nonInterestIncome": "None", "otherNonOperatingIncome": "None", "depreciation": "None", "depreciationAndAmortization": "35700000", "incomeBeforeTax": "218900000", "incomeTaxExpense": "59600000", "interestAndDebtExpense": "None", "netIncomeFromContinuingOperations": "0", "comprehensiveIncomeNetOfTax": "None", "ebit": "252800000", "ebitda": "288500000", "netIncome": "159300000"}, {"fiscalDateEnding": "2008-09-30", "reportedCurrency": "USD", "grossProfit": "-646800000", "totalRevenue": "2210100000", "costOfRevenue": "2856900000", "costofGoodsAndServicesSold": "2856900000", "operatingIncome": "-1080900000", "sellingGeneralAndAdministrative": "6000000", "researchAndDevelopment": "0", "operatingExpenses": "434100000", "investmentIncomeNet": "None", "netInterestIncome": "None", "interestIncome": "None", "interestExpense": "34200000", "nonInterestIncome": "None", "otherNonOperatingIncome": "None", "depreciation": "None", "depreciationAndAmortization": "33900000", "incomeBeforeTax": "-1080900000", "incomeTaxExpense": "-396700000", "interestAndDebtExpense": "None", "netIncomeFromContinuingOperations": "0", "comprehensiveIncomeNetOfTax": "None", "ebit": "-1046700000", "ebitda": "-1012800000", "netIncome": "-684200000"}, {"fiscalDateEnding": "2008-06-30", "reportedCurrency": "USD", "grossProfit": "724600000", "totalRevenue": "3536600000", "costOfRevenue": "2812000000", "costofGoodsAndServicesSold": "2812000000", "operatingIncome": "302500000", "sellingGeneralAndAdministrative": "5400000", "researchAndDevelopment": "0", "operatingExpenses": "422100000", "investmentIncomeNet": "None", "netInterestIncome": "None", "interestIncome": "None", "interestExpense": "34300000", "nonInterestIncome": "None", "otherNonOperatingIncome": "None", "depreciation": "None", "depreciationAndAmortization": "33700000", "incomeBeforeTax": "302500000", "incomeTaxExpense": "87000000", "interestAndDebtExpense": "None", "netIncomeFromContinuingOperations": "0", "comprehensiveIncomeNetOfTax": "None", "ebit": "336800000", "ebitda": "370500000", "netIncome": "215500000"}, {"fiscalDateEnding": "2008-03-31", "reportedCurrency": "USD", "grossProfit": "378100000", "totalRevenue": "3585900000", "costOfRevenue": "3207800000", "costofGoodsAndServicesSold": "3207800000", "operatingIncome": "337200000", "sellingGeneralAndAdministrative": "5100000", "researchAndDevelopment": "0", "operatingExpenses": "40900000", "investmentIncomeNet": "None", "netInterestIncome": "None", "interestIncome": "None", "interestExpense": "34300000", "nonInterestIncome": "None", "otherNonOperatingIncome": "None", "depreciation": "None", "depreciationAndAmortization": "30300000", "incomeBeforeTax": "337200000", "incomeTaxExpense": "97800000", "interestAndDebtExpense": "None", "netIncomeFromContinuingOperations": "0", "comprehensiveIncomeNetOfTax": "None", "ebit": "371500000", "ebitda": "401800000", "netIncome": "239400000"}, {"fiscalDateEnding": "2007-12-31", "reportedCurrency": "USD", "grossProfit": "372600000", "totalRevenue": "3614500000", "costOfRevenue": "3241900000", "costofGoodsAndServicesSold": "3241900000", "operatingIncome": "330800000", "sellingGeneralAndAdministrative": "5200000", "researchAndDevelopment": "0", "operatingExpenses": "41800000", "investmentIncomeNet": "None", "netInterestIncome": "None", "interestIncome": "None", "interestExpense": "34500000", "nonInterestIncome": "None", "otherNonOperatingIncome": "None", "depreciation": "None", "depreciationAndAmortization": "108100000", "incomeBeforeTax": "330800000", "incomeTaxExpense": "94700000", "interestAndDebtExpense": "None", "netIncomeFromContinuingOperations": "0", "comprehensiveIncomeNetOfTax": "None", "ebit": "365300000", "ebitda": "473400000", "netIncome": "236100000"}, {"fiscalDateEnding": "2007-09-30", "reportedCurrency": "USD", "grossProfit": "852800000", "totalRevenue": "3709600000", "costOfRevenue": "2856800000", "costofGoodsAndServicesSold": "2856800000", "operatingIncome": "422600000", "sellingGeneralAndAdministrative": "5400000", "researchAndDevelopment": "0", "operatingExpenses": "430200000", "investmentIncomeNet": "None", "netInterestIncome": "None", "interestIncome": "None", "interestExpense": "34700000", "nonInterestIncome": "None", "otherNonOperatingIncome": "None", "depreciation": "None", "depreciationAndAmortization": "32000000", "incomeBeforeTax": "422600000", "incomeTaxExpense": "123400000", "interestAndDebtExpense": "None", "netIncomeFromContinuingOperations": "0", "comprehensiveIncomeNetOfTax": "None", "ebit": "457300000", "ebitda": "489300000", "netIncome": "299200000"}, {"fiscalDateEnding": "2007-06-30", "reportedCurrency": "USD", "grossProfit": "832300000", "totalRevenue": "3675900000", "costOfRevenue": "2843600000", "costofGoodsAndServicesSold": "2843600000", "operatingIncome": "406900000", "sellingGeneralAndAdministrative": "4700000", "researchAndDevelopment": "0", "operatingExpenses": "425400000", "investmentIncomeNet": "None", "netInterestIncome": "None", "interestIncome": "None", "interestExpense": "20500000", "nonInterestIncome": "None", "otherNonOperatingIncome": "None", "depreciation": "None", "depreciationAndAmortization": "42700000", "incomeBeforeTax": "406900000", "incomeTaxExpense": "123200000", "interestAndDebtExpense": "None", "netIncomeFromContinuingOperations": "0", "comprehensiveIncomeNetOfTax": "None", "ebit": "427400000", "ebitda": "470100000", "netIncome": "283700000"}, {"fiscalDateEnding": "2007-03-31", "reportedCurrency": "USD", "grossProfit": "559600000", "totalRevenue": "3686800000", "costOfRevenue": "3127200000", "costofGoodsAndServicesSold": "3127200000", "operatingIncome": "532700000", "sellingGeneralAndAdministrative": "5200000", "researchAndDevelopment": "0", "operatingExpenses": "26900000", "investmentIncomeNet": "None", "netInterestIncome": "None", "interestIncome": "None", "interestExpense": "18900000", "nonInterestIncome": "None", "otherNonOperatingIncome": "None", "depreciation": "None", "depreciationAndAmortization": "26200000", "incomeBeforeTax": "532700000", "incomeTaxExpense": "169200000", "interestAndDebtExpense": "None", "netIncomeFromContinuingOperations": "0", "comprehensiveIncomeNetOfTax": "None", "ebit": "551600000", "ebitda": "577800000", "netIncome": "363500000"}, {"fiscalDateEnding": "2006-12-31", "reportedCurrency": "USD", "grossProfit": "617800000", "totalRevenue": "3693800000", "costOfRevenue": "3076000000", "costofGoodsAndServicesSold": "3076000000", "operatingIncome": "590700000", "sellingGeneralAndAdministrative": "5100000", "researchAndDevelopment": "0", "operatingExpenses": "27100000", "investmentIncomeNet": "None", "netInterestIncome": "None", "interestIncome": "None", "interestExpense": "18900000", "nonInterestIncome": "None", "otherNonOperatingIncome": "None", "depreciation": "None", "depreciationAndAmortization": "99000000", "incomeBeforeTax": "590700000", "incomeTaxExpense": "189800000", "interestAndDebtExpense": "None", "netIncomeFromContinuingOperations": "0", "comprehensiveIncomeNetOfTax": "None", "ebit": "609600000", "ebitda": "708600000", "netIncome": "400900000"}, {"fiscalDateEnding": "2006-09-30", "reportedCurrency": "USD", "grossProfit": "630700000", "totalRevenue": "3723800000", "costOfRevenue": "3093100000", "costofGoodsAndServicesSold": "3093100000", "operatingIncome": "603100000", "sellingGeneralAndAdministrative": "6200000", "researchAndDevelopment": "0", "operatingExpenses": "27600000", "investmentIncomeNet": "None", "netInterestIncome": "None", "interestIncome": "None", "interestExpense": "18500000", "nonInterestIncome": "None", "otherNonOperatingIncome": "None", "depreciation": "None", "depreciationAndAmortization": "26800000", "incomeBeforeTax": "603100000", "incomeTaxExpense": "193500000", "interestAndDebtExpense": "None", "netIncomeFromContinuingOperations": "0", "comprehensiveIncomeNetOfTax": "None", "ebit": "621600000", "ebitda": "648400000", "netIncome": "409600000"}, {"fiscalDateEnding": "2006-06-30", "reportedCurrency": "USD", "grossProfit": "621000000", "totalRevenue": "3707900000", "costOfRevenue": "3086900000", "costofGoodsAndServicesSold": "3086900000", "operatingIncome": "591900000", "sellingGeneralAndAdministrative": "6300000", "researchAndDevelopment": "0", "operatingExpenses": "29100000", "investmentIncomeNet": "None", "netInterestIncome": "None", "interestIncome": "None", "interestExpense": "19400000", "nonInterestIncome": "None", "otherNonOperatingIncome": "None", "depreciation": "None", "depreciationAndAmortization": "25000000", "incomeBeforeTax": "591900000", "incomeTaxExpense": "191500000", "interestAndDebtExpense": "None", "netIncomeFromContinuingOperations": "0", "comprehensiveIncomeNetOfTax": "None", "ebit": "611300000", "ebitda": "636300000", "netIncome": "400400000"}, {"fiscalDateEnding": "2006-03-31", "reportedCurrency": "USD", "grossProfit": "3660900000", "totalRevenue": "3660900000", "costOfRevenue": "2966200000", "costofGoodsAndServicesSold": "2966200000", "operatingIncome": "668000000", "sellingGeneralAndAdministrative": "6800000", "researchAndDevelopment": "0", "operatingExpenses": "2984000000", "investmentIncomeNet": "None", "netInterestIncome": "None", "interestIncome": "None", "interestExpense": "20500000", "nonInterestIncome": "None", "otherNonOperatingIncome": "None", "depreciation": "None", "depreciationAndAmortization": "81300000", "incomeBeforeTax": "647500000", "incomeTaxExpense": "210900000", "interestAndDebtExpense": "None", "netIncomeFromContinuingOperations": "0", "comprehensiveIncomeNetOfTax": "None", "ebit": "668000000", "ebitda": "749300000", "netIncome": "436600000"}, {"fiscalDateEnding": "2005-12-31", "reportedCurrency": "USD", "grossProfit": "439600000", "totalRevenue": "3599000000", "costOfRevenue": "3159400000", "costofGoodsAndServicesSold": "3159400000", "operatingIncome": "409700000", "sellingGeneralAndAdministrative": "6200000", "researchAndDevelopment": "0", "operatingExpenses": "29900000", "investmentIncomeNet": "None", "netInterestIncome": "None", "interestIncome": "None", "interestExpense": "20400000", "nonInterestIncome": "None", "otherNonOperatingIncome": "None", "depreciation": "None", "depreciationAndAmortization": "82900000", "incomeBeforeTax": "409700000", "incomeTaxExpense": "128100000", "interestAndDebtExpense": "None", "netIncomeFromContinuingOperations": "0", "comprehensiveIncomeNetOfTax": "None", "ebit": "430100000", "ebitda": "513000000", "netIncome": "281600000"}]}