{"symbol": "ADV", "annualReports": [{"fiscalDateEnding": "2024-12-31", "reportedCurrency": "USD", "grossProfit": "507272000", "totalRevenue": "3566324000", "costOfRevenue": "3059052000", "costofGoodsAndServicesSold": "3059052000", "operatingIncome": "-294983000", "sellingGeneralAndAdministrative": "324596000", "researchAndDevelopment": "None", "operatingExpenses": "802255000", "investmentIncomeNet": "None", "netInterestIncome": "-146792000", "interestIncome": "None", "interestExpense": "146792000", "nonInterestIncome": "None", "otherNonOperatingIncome": "None", "depreciation": "None", "depreciationAndAmortization": "204553000", "incomeBeforeTax": "-441191000", "incomeTaxExpense": "-62787000", "interestAndDebtExpense": "None", "netIncomeFromContinuingOperations": "-378404000", "comprehensiveIncomeNetOfTax": "None", "ebit": "-294399000", "ebitda": "-89846000", "netIncome": "-326962000"}, {"fiscalDateEnding": "2023-12-31", "reportedCurrency": "USD", "grossProfit": "485079000", "totalRevenue": "3900125000", "costOfRevenue": "3415046000", "costofGoodsAndServicesSold": "3415046000", "operatingIncome": "46589000", "sellingGeneralAndAdministrative": "256218000", "researchAndDevelopment": "None", "operatingExpenses": "438490000", "investmentIncomeNet": "None", "netInterestIncome": "-160783000", "interestIncome": "None", "interestExpense": "165734000", "nonInterestIncome": "None", "otherNonOperatingIncome": "None", "depreciation": "None", "depreciationAndAmortization": "208856000", "incomeBeforeTax": "-118859000", "incomeTaxExpense": "-37648000", "interestAndDebtExpense": "None", "netIncomeFromContinuingOperations": "-1499835000", "comprehensiveIncomeNetOfTax": "None", "ebit": "46875000", "ebitda": "255731000", "netIncome": "-63322000"}, {"fiscalDateEnding": "2022-12-31", "reportedCurrency": "USD", "grossProfit": "472849000", "totalRevenue": "3646342000", "costOfRevenue": "3173493000", "costofGoodsAndServicesSold": "3173493000", "operatingIncome": "-1493943000", "sellingGeneralAndAdministrative": "190367000", "researchAndDevelopment": "None", "operatingExpenses": "1966792000", "investmentIncomeNet": "None", "netInterestIncome": "-104459000", "interestIncome": "None", "interestExpense": "104387000", "nonInterestIncome": "None", "otherNonOperatingIncome": "21236000", "depreciation": "None", "depreciationAndAmortization": "216046000", "incomeBeforeTax": "-1577094000", "incomeTaxExpense": "-158442000", "interestAndDebtExpense": "None", "netIncomeFromContinuingOperations": "-1377292000", "comprehensiveIncomeNetOfTax": "None", "ebit": "-1472707000", "ebitda": "-1256661000", "netIncome": "-1380513000"}, {"fiscalDateEnding": "2021-12-31", "reportedCurrency": "USD", "grossProfit": "638175000", "totalRevenue": "3602298000", "costOfRevenue": "2964123000", "costofGoodsAndServicesSold": "2964123000", "operatingIncome": "230048000", "sellingGeneralAndAdministrative": "306968000", "researchAndDevelopment": "None", "operatingExpenses": "408127000", "investmentIncomeNet": "None", "netInterestIncome": "-137927000", "interestIncome": "None", "interestExpense": "137927000", "nonInterestIncome": "None", "otherNonOperatingIncome": "None", "depreciation": "None", "depreciationAndAmortization": "240041000", "incomeBeforeTax": "91166000", "incomeTaxExpense": "33617000", "interestAndDebtExpense": "None", "netIncomeFromContinuingOperations": "57549000", "comprehensiveIncomeNetOfTax": "None", "ebit": "229093000", "ebitda": "469134000", "netIncome": "54494000"}, {"fiscalDateEnding": "2020-12-31", "reportedCurrency": "USD", "grossProfit": "604186000", "totalRevenue": "3155671000", "costOfRevenue": "2551485000", "costofGoodsAndServicesSold": "2551485000", "operatingIncome": "67006000", "sellingGeneralAndAdministrative": "553689000", "researchAndDevelopment": "None", "operatingExpenses": "537180000", "investmentIncomeNet": "None", "netInterestIncome": "-234044000", "interestIncome": "None", "interestExpense": "234044000", "nonInterestIncome": "None", "otherNonOperatingIncome": "None", "depreciation": "None", "depreciationAndAmortization": "238598000", "incomeBeforeTax": "-180401000", "incomeTaxExpense": "-5331000", "interestAndDebtExpense": "None", "netIncomeFromContinuingOperations": "-175070000", "comprehensiveIncomeNetOfTax": "None", "ebit": "53643000", "ebitda": "292241000", "netIncome": "-175806000"}, {"fiscalDateEnding": "2019-12-31", "reportedCurrency": "USD", "grossProfit": "621620000", "totalRevenue": "3785063000", "costOfRevenue": "3163443000", "costofGoodsAndServicesSold": "3163443000", "operatingIncome": "213674000", "sellingGeneralAndAdministrative": "175373000", "researchAndDevelopment": "None", "operatingExpenses": "407946000", "investmentIncomeNet": "None", "netInterestIncome": "-232077000", "interestIncome": "None", "interestExpense": "232077000", "nonInterestIncome": "None", "otherNonOperatingIncome": "None", "depreciation": "None", "depreciationAndAmortization": "232573000", "incomeBeforeTax": "-18403000", "incomeTaxExpense": "1353000", "interestAndDebtExpense": "None", "netIncomeFromContinuingOperations": "-19756000", "comprehensiveIncomeNetOfTax": "None", "ebit": "213674000", "ebitda": "446247000", "netIncome": "-21172000"}, {"fiscalDateEnding": "2018-12-31", "reportedCurrency": "USD", "grossProfit": "598977000", "totalRevenue": "3707628000", "costOfRevenue": "3108651000", "costofGoodsAndServicesSold": "3108651000", "operatingIncome": "-1089914000", "sellingGeneralAndAdministrative": "152493000", "researchAndDevelopment": "None", "operatingExpenses": "377726000", "investmentIncomeNet": "None", "netInterestIncome": "-229643000", "interestIncome": "None", "interestExpense": "229643000", "nonInterestIncome": "None", "otherNonOperatingIncome": "None", "depreciation": "None", "depreciationAndAmortization": "225233000", "incomeBeforeTax": "-1319557000", "incomeTaxExpense": "-168334000", "interestAndDebtExpense": "None", "netIncomeFromContinuingOperations": "-1151223000", "comprehensiveIncomeNetOfTax": "None", "ebit": "-1089914000", "ebitda": "-864681000", "netIncome": "-1157332000"}, {"fiscalDateEnding": "2017-12-31", "reportedCurrency": "USD", "grossProfit": "524233000", "totalRevenue": "2416927000", "costOfRevenue": "1892694000", "costofGoodsAndServicesSold": "1892694000", "operatingIncome": "262052000", "sellingGeneralAndAdministrative": "None", "researchAndDevelopment": "None", "operatingExpenses": "315431000", "investmentIncomeNet": "None", "netInterestIncome": "None", "interestIncome": "None", "interestExpense": "0", "nonInterestIncome": "None", "otherNonOperatingIncome": "None", "depreciation": "None", "depreciationAndAmortization": "179990000", "incomeBeforeTax": "29236000", "incomeTaxExpense": "-358806000", "interestAndDebtExpense": "None", "netIncomeFromContinuingOperations": "None", "comprehensiveIncomeNetOfTax": "None", "ebit": "262052000", "ebitda": "442042000", "netIncome": "386405000"}, {"fiscalDateEnding": "2016-12-31", "reportedCurrency": "USD", "grossProfit": "488950000", "totalRevenue": "2100235000", "costOfRevenue": "1611285000", "costofGoodsAndServicesSold": "1611285000", "operatingIncome": "221148000", "sellingGeneralAndAdministrative": "97542000", "researchAndDevelopment": "None", "operatingExpenses": "267802000", "investmentIncomeNet": "None", "netInterestIncome": "None", "interestIncome": "None", "interestExpense": "167360000", "nonInterestIncome": "None", "otherNonOperatingIncome": "None", "depreciation": "None", "depreciationAndAmortization": "170260000", "incomeBeforeTax": "53788000", "incomeTaxExpense": "22623000", "interestAndDebtExpense": "None", "netIncomeFromContinuingOperations": "None", "comprehensiveIncomeNetOfTax": "None", "ebit": "226984000", "ebitda": "397244000", "netIncome": "32149000"}, {"fiscalDateEnding": "2015-12-31", "reportedCurrency": "USD", "grossProfit": "440791000", "totalRevenue": "1895046000", "costOfRevenue": "1454255000", "costofGoodsAndServicesSold": "1454255000", "operatingIncome": "203983000", "sellingGeneralAndAdministrative": "72224000", "researchAndDevelopment": "None", "operatingExpenses": "236808000", "investmentIncomeNet": "None", "netInterestIncome": "None", "interestIncome": "None", "interestExpense": "160895000", "nonInterestIncome": "None", "otherNonOperatingIncome": "None", "depreciation": "None", "depreciationAndAmortization": "164584000", "incomeBeforeTax": "43088000", "incomeTaxExpense": "18202000", "interestAndDebtExpense": "None", "netIncomeFromContinuingOperations": "None", "comprehensiveIncomeNetOfTax": "None", "ebit": "186306000", "ebitda": "350890000", "netIncome": "24594000"}, {"fiscalDateEnding": "2014-12-31", "reportedCurrency": "None", "grossProfit": "396968000", "totalRevenue": "1713721000", "costOfRevenue": "1316753000", "costofGoodsAndServicesSold": "1316753000", "operatingIncome": "100403000", "sellingGeneralAndAdministrative": "None", "researchAndDevelopment": "None", "operatingExpenses": "367694000", "investmentIncomeNet": "None", "netInterestIncome": "None", "interestIncome": "None", "interestExpense": "None", "nonInterestIncome": "None", "otherNonOperatingIncome": "None", "depreciation": "None", "depreciationAndAmortization": "143955000", "incomeBeforeTax": "-115949000", "incomeTaxExpense": "-16965000", "interestAndDebtExpense": "None", "netIncomeFromContinuingOperations": "None", "comprehensiveIncomeNetOfTax": "None", "ebit": "100403000", "ebitda": "244358000", "netIncome": "-99154000"}], "quarterlyReports": [{"fiscalDateEnding": "2025-09-30", "reportedCurrency": "USD", "grossProfit": "138591000", "totalRevenue": "915012000", "costOfRevenue": "776421000", "costofGoodsAndServicesSold": "776421000", "operatingIncome": "40160000", "sellingGeneralAndAdministrative": "57568000", "researchAndDevelopment": "None", "operatingExpenses": "98431000", "investmentIncomeNet": "None", "netInterestIncome": "-34954000", "interestIncome": "None", "interestExpense": "34954000", "nonInterestIncome": "None", "otherNonOperatingIncome": "None", "depreciation": "None", "depreciationAndAmortization": "50743000", "incomeBeforeTax": "5315000", "incomeTaxExpense": "-15250000", "interestAndDebtExpense": "None", "netIncomeFromContinuingOperations": "20565000", "comprehensiveIncomeNetOfTax": "None", "ebit": "40269000", "ebitda": "91012000", "netIncome": "20565000"}, {"fiscalDateEnding": "2025-06-30", "reportedCurrency": "USD", "grossProfit": "126775000", "totalRevenue": "873707000", "costOfRevenue": "746932000", "costofGoodsAndServicesSold": "746932000", "operatingIncome": "10011000", "sellingGeneralAndAdministrative": "68657000", "researchAndDevelopment": "None", "operatingExpenses": "116764000", "investmentIncomeNet": "None", "netInterestIncome": "-35814000", "interestIncome": "None", "interestExpense": "35814000", "nonInterestIncome": "None", "otherNonOperatingIncome": "None", "depreciation": "None", "depreciationAndAmortization": "50698000", "incomeBeforeTax": "-25819000", "incomeTaxExpense": "4621000", "interestAndDebtExpense": "None", "netIncomeFromContinuingOperations": "-30440000", "comprehensiveIncomeNetOfTax": "None", "ebit": "9995000", "ebitda": "60693000", "netIncome": "-30440000"}, {"fiscalDateEnding": "2025-03-31", "reportedCurrency": "USD", "grossProfit": "99038000", "totalRevenue": "821792000", "costOfRevenue": "722754000", "costofGoodsAndServicesSold": "722754000", "operatingIncome": "-14621000", "sellingGeneralAndAdministrative": "64865000", "researchAndDevelopment": "None", "operatingExpenses": "113659000", "investmentIncomeNet": "None", "netInterestIncome": "-34360000", "interestIncome": "None", "interestExpense": "34360000", "nonInterestIncome": "None", "otherNonOperatingIncome": "None", "depreciation": "None", "depreciationAndAmortization": "50361000", "incomeBeforeTax": "-48991000", "incomeTaxExpense": "7139000", "interestAndDebtExpense": "None", "netIncomeFromContinuingOperations": "-56130000", "comprehensiveIncomeNetOfTax": "None", "ebit": "-14631000", "ebitda": "35730000", "netIncome": "-56130000"}, {"fiscalDateEnding": "2024-12-31", "reportedCurrency": "USD", "grossProfit": "131372000", "totalRevenue": "892285000", "costOfRevenue": "760913000", "costofGoodsAndServicesSold": "760913000", "operatingIncome": "-170597000", "sellingGeneralAndAdministrative": "74219000", "researchAndDevelopment": "None", "operatingExpenses": "301969000", "investmentIncomeNet": "None", "netInterestIncome": "-32308000", "interestIncome": "None", "interestExpense": "32308000", "nonInterestIncome": "None", "otherNonOperatingIncome": "None", "depreciation": "None", "depreciationAndAmortization": "51622000", "incomeBeforeTax": "-202680000", "incomeTaxExpense": "-24745000", "interestAndDebtExpense": "None", "netIncomeFromContinuingOperations": "-177935000", "comprehensiveIncomeNetOfTax": "None", "ebit": "-170372000", "ebitda": "-118750000", "netIncome": "-177882000"}, {"fiscalDateEnding": "2024-09-30", "reportedCurrency": "USD", "grossProfit": "144312000", "totalRevenue": "939270000", "costOfRevenue": "794958000", "costofGoodsAndServicesSold": "794958000", "operatingIncome": "-3177000", "sellingGeneralAndAdministrative": "98438000", "researchAndDevelopment": "None", "operatingExpenses": "147489000", "investmentIncomeNet": "None", "netInterestIncome": "-38969000", "interestIncome": "None", "interestExpense": "38969000", "nonInterestIncome": "None", "otherNonOperatingIncome": "None", "depreciation": "None", "depreciationAndAmortization": "51866000", "incomeBeforeTax": "-42186000", "incomeTaxExpense": "-4866000", "interestAndDebtExpense": "None", "netIncomeFromContinuingOperations": "-37320000", "comprehensiveIncomeNetOfTax": "None", "ebit": "-3217000", "ebitda": "48649000", "netIncome": "-42776000"}, {"fiscalDateEnding": "2024-06-30", "reportedCurrency": "USD", "grossProfit": "122020000", "totalRevenue": "873357000", "costOfRevenue": "751337000", "costofGoodsAndServicesSold": "751337000", "operatingIncome": "-91259000", "sellingGeneralAndAdministrative": "62858000", "researchAndDevelopment": "None", "operatingExpenses": "213279000", "investmentIncomeNet": "None", "netInterestIncome": "-39754000", "interestIncome": "None", "interestExpense": "39754000", "nonInterestIncome": "None", "otherNonOperatingIncome": "None", "depreciation": "None", "depreciationAndAmortization": "51317000", "incomeBeforeTax": "-130327000", "incomeTaxExpense": "-17311000", "interestAndDebtExpense": "None", "netIncomeFromContinuingOperations": "-113016000", "comprehensiveIncomeNetOfTax": "None", "ebit": "-90573000", "ebitda": "-39256000", "netIncome": "-100835000"}, {"fiscalDateEnding": "2024-03-31", "reportedCurrency": "USD", "grossProfit": "109568000", "totalRevenue": "861412000", "costOfRevenue": "751844000", "costofGoodsAndServicesSold": "751844000", "operatingIncome": "-29950000", "sellingGeneralAndAdministrative": "89664000", "researchAndDevelopment": "None", "operatingExpenses": "139518000", "investmentIncomeNet": "None", "netInterestIncome": "-35761000", "interestIncome": "None", "interestExpense": "35761000", "nonInterestIncome": "None", "otherNonOperatingIncome": "None", "depreciation": "None", "depreciationAndAmortization": "49748000", "incomeBeforeTax": "-65998000", "incomeTaxExpense": "-15865000", "interestAndDebtExpense": "None", "netIncomeFromContinuingOperations": "-49107000", "comprehensiveIncomeNetOfTax": "None", "ebit": "-30237000", "ebitda": "19511000", "netIncome": "-5307000"}, {"fiscalDateEnding": "2023-12-31", "reportedCurrency": "USD", "grossProfit": "159632000", "totalRevenue": "1079749000", "costOfRevenue": "920117000", "costofGoodsAndServicesSold": "920117000", "operatingIncome": "46192000", "sellingGeneralAndAdministrative": "60646000", "researchAndDevelopment": "None", "operatingExpenses": "113440000", "investmentIncomeNet": "None", "netInterestIncome": "-45850000", "interestIncome": "None", "interestExpense": "45850000", "nonInterestIncome": "None", "otherNonOperatingIncome": "None", "depreciation": "None", "depreciationAndAmortization": "54390000", "incomeBeforeTax": "1215000", "incomeTaxExpense": "-16573000", "interestAndDebtExpense": "None", "netIncomeFromContinuingOperations": "17788000", "comprehensiveIncomeNetOfTax": "None", "ebit": "47065000", "ebitda": "101455000", "netIncome": "17429000"}, {"fiscalDateEnding": "2023-09-30", "reportedCurrency": "USD", "grossProfit": "127359000", "totalRevenue": "1019706000", "costOfRevenue": "892347000", "costofGoodsAndServicesSold": "892347000", "operatingIncome": "6653000", "sellingGeneralAndAdministrative": "76065000", "researchAndDevelopment": "None", "operatingExpenses": "120706000", "investmentIncomeNet": "None", "netInterestIncome": "-42302000", "interestIncome": "None", "interestExpense": "42302000", "nonInterestIncome": "None", "otherNonOperatingIncome": "None", "depreciation": "None", "depreciationAndAmortization": "52415000", "incomeBeforeTax": "-36209000", "incomeTaxExpense": "-6577000", "interestAndDebtExpense": "None", "netIncomeFromContinuingOperations": "-22582000", "comprehensiveIncomeNetOfTax": "None", "ebit": "6066000", "ebitda": "58481000", "netIncome": "-24338000"}, {"fiscalDateEnding": "2023-06-30", "reportedCurrency": "USD", "grossProfit": "63732000", "totalRevenue": "963758000", "costOfRevenue": "900026000", "costofGoodsAndServicesSold": "900026000", "operatingIncome": "32337000", "sellingGeneralAndAdministrative": "53285000", "researchAndDevelopment": "None", "operatingExpenses": "31395000", "investmentIncomeNet": "None", "netInterestIncome": "-30459000", "interestIncome": "None", "interestExpense": "35140000", "nonInterestIncome": "None", "otherNonOperatingIncome": "None", "depreciation": "None", "depreciationAndAmortization": "52477000", "incomeBeforeTax": "-15268000", "incomeTaxExpense": "-2244000", "interestAndDebtExpense": "None", "netIncomeFromContinuingOperations": "-7846000", "comprehensiveIncomeNetOfTax": "None", "ebit": "19872000", "ebitda": "72349000", "netIncome": "-8762000"}, {"fiscalDateEnding": "2023-03-31", "reportedCurrency": "USD", "grossProfit": "117527000", "totalRevenue": "944382000", "costOfRevenue": "826855000", "costofGoodsAndServicesSold": "826855000", "operatingIncome": "6744000", "sellingGeneralAndAdministrative": "75095000", "researchAndDevelopment": "None", "operatingExpenses": "110783000", "investmentIncomeNet": "None", "netInterestIncome": "-47191000", "interestIncome": "None", "interestExpense": "47165000", "nonInterestIncome": "None", "otherNonOperatingIncome": "73000", "depreciation": "None", "depreciationAndAmortization": "54494000", "incomeBeforeTax": "-40348000", "incomeTaxExpense": "-5978000", "interestAndDebtExpense": "None", "netIncomeFromContinuingOperations": "-47678000", "comprehensiveIncomeNetOfTax": "None", "ebit": "6817000", "ebitda": "61311000", "netIncome": "-47587000"}, {"fiscalDateEnding": "2022-12-31", "reportedCurrency": "USD", "grossProfit": "145836000", "totalRevenue": "1102763000", "costOfRevenue": "956927000", "costofGoodsAndServicesSold": "956927000", "operatingIncome": "-1537538000", "sellingGeneralAndAdministrative": "51773000", "researchAndDevelopment": "None", "operatingExpenses": "1683374000", "investmentIncomeNet": "None", "netInterestIncome": "-40831000", "interestIncome": "None", "interestExpense": "40831000", "nonInterestIncome": "None", "otherNonOperatingIncome": "-220000", "depreciation": "None", "depreciationAndAmortization": "59078000", "incomeBeforeTax": "-1578589000", "incomeTaxExpense": "-156860000", "interestAndDebtExpense": "None", "netIncomeFromContinuingOperations": "-1421729000", "comprehensiveIncomeNetOfTax": "None", "ebit": "-1537758000", "ebitda": "-1478680000", "netIncome": "-1423897000"}, {"fiscalDateEnding": "2022-09-30", "reportedCurrency": "USD", "grossProfit": "142572000", "totalRevenue": "1051095000", "costOfRevenue": "908523000", "costofGoodsAndServicesSold": "908523000", "operatingIncome": "46842000", "sellingGeneralAndAdministrative": "37945000", "researchAndDevelopment": "None", "operatingExpenses": "95730000", "investmentIncomeNet": "None", "netInterestIncome": "-23557000", "interestIncome": "None", "interestExpense": "23557000", "nonInterestIncome": "None", "otherNonOperatingIncome": "1100000", "depreciation": "None", "depreciationAndAmortization": "57785000", "incomeBeforeTax": "24385000", "incomeTaxExpense": "1158000", "interestAndDebtExpense": "None", "netIncomeFromContinuingOperations": "23227000", "comprehensiveIncomeNetOfTax": "None", "ebit": "47942000", "ebitda": "105727000", "netIncome": "21059000"}, {"fiscalDateEnding": "2022-06-30", "reportedCurrency": "USD", "grossProfit": "139286000", "totalRevenue": "981076000", "costOfRevenue": "841790000", "costofGoodsAndServicesSold": "841790000", "operatingIncome": "28266000", "sellingGeneralAndAdministrative": "52576000", "researchAndDevelopment": "None", "operatingExpenses": "111020000", "investmentIncomeNet": "None", "netInterestIncome": "-28188000", "interestIncome": "None", "interestExpense": "28188000", "nonInterestIncome": "None", "otherNonOperatingIncome": "4914000", "depreciation": "None", "depreciationAndAmortization": "58444000", "incomeBeforeTax": "4992000", "incomeTaxExpense": "1316000", "interestAndDebtExpense": "None", "netIncomeFromContinuingOperations": "3676000", "comprehensiveIncomeNetOfTax": "None", "ebit": "33180000", "ebitda": "91624000", "netIncome": "3371000"}, {"fiscalDateEnding": "2022-03-31", "reportedCurrency": "USD", "grossProfit": "128865000", "totalRevenue": "914808000", "costOfRevenue": "785943000", "costofGoodsAndServicesSold": "785943000", "operatingIncome": "23024000", "sellingGeneralAndAdministrative": "48073000", "researchAndDevelopment": "None", "operatingExpenses": "105841000", "investmentIncomeNet": "None", "netInterestIncome": "-11883000", "interestIncome": "None", "interestExpense": "11883000", "nonInterestIncome": "None", "otherNonOperatingIncome": "15442000", "depreciation": "None", "depreciationAndAmortization": "57768000", "incomeBeforeTax": "26583000", "incomeTaxExpense": "9049000", "interestAndDebtExpense": "None", "netIncomeFromContinuingOperations": "17534000", "comprehensiveIncomeNetOfTax": "None", "ebit": "38466000", "ebitda": "96234000", "netIncome": "18965000"}, {"fiscalDateEnding": "2021-12-31", "reportedCurrency": "USD", "grossProfit": "186258000", "totalRevenue": "1032563000", "costOfRevenue": "846305000", "costofGoodsAndServicesSold": "846305000", "operatingIncome": "84411000", "sellingGeneralAndAdministrative": "145747000", "researchAndDevelopment": "None", "operatingExpenses": "101847000", "investmentIncomeNet": "None", "netInterestIncome": "-33383000", "interestIncome": "None", "interestExpense": "33383000", "nonInterestIncome": "None", "otherNonOperatingIncome": "None", "depreciation": "None", "depreciationAndAmortization": "58591000", "incomeBeforeTax": "45049000", "incomeTaxExpense": "17035000", "interestAndDebtExpense": "None", "netIncomeFromContinuingOperations": "28014000", "comprehensiveIncomeNetOfTax": "None", "ebit": "78432000", "ebitda": "137023000", "netIncome": "25178000"}, {"fiscalDateEnding": "2021-09-30", "reportedCurrency": "USD", "grossProfit": "162507000", "totalRevenue": "928760000", "costOfRevenue": "766253000", "costofGoodsAndServicesSold": "766253000", "operatingIncome": "65602000", "sellingGeneralAndAdministrative": "37742000", "researchAndDevelopment": "None", "operatingExpenses": "96905000", "investmentIncomeNet": "None", "netInterestIncome": "-36490000", "interestIncome": "None", "interestExpense": "36490000", "nonInterestIncome": "None", "otherNonOperatingIncome": "3491000", "depreciation": "None", "depreciationAndAmortization": "59163000", "incomeBeforeTax": "32603000", "incomeTaxExpense": "8276000", "interestAndDebtExpense": "None", "netIncomeFromContinuingOperations": "24327000", "comprehensiveIncomeNetOfTax": "None", "ebit": "69093000", "ebitda": "128256000", "netIncome": "23311000"}, {"fiscalDateEnding": "2021-06-30", "reportedCurrency": "USD", "grossProfit": "151728000", "totalRevenue": "849954000", "costOfRevenue": "698226000", "costofGoodsAndServicesSold": "698226000", "operatingIncome": "42447000", "sellingGeneralAndAdministrative": "46607000", "researchAndDevelopment": "None", "operatingExpenses": "109281000", "investmentIncomeNet": "None", "netInterestIncome": "-37189000", "interestIncome": "None", "interestExpense": "37189000", "nonInterestIncome": "None", "otherNonOperatingIncome": "7059000", "depreciation": "None", "depreciationAndAmortization": "62674000", "incomeBeforeTax": "12317000", "incomeTaxExpense": "6563000", "interestAndDebtExpense": "None", "netIncomeFromContinuingOperations": "5754000", "comprehensiveIncomeNetOfTax": "None", "ebit": "49506000", "ebitda": "112180000", "netIncome": "6121000"}, {"fiscalDateEnding": "2021-03-31", "reportedCurrency": "USD", "grossProfit": "137682000", "totalRevenue": "791021000", "costOfRevenue": "653339000", "costofGoodsAndServicesSold": "653339000", "operatingIncome": "37588000", "sellingGeneralAndAdministrative": "76872000", "researchAndDevelopment": "None", "operatingExpenses": "100094000", "investmentIncomeNet": "None", "netInterestIncome": "-30865000", "interestIncome": "None", "interestExpense": "30865000", "nonInterestIncome": "None", "otherNonOperatingIncome": "None", "depreciation": "None", "depreciationAndAmortization": "59613000", "incomeBeforeTax": "1197000", "incomeTaxExpense": "1743000", "interestAndDebtExpense": "None", "netIncomeFromContinuingOperations": "-546000", "comprehensiveIncomeNetOfTax": "None", "ebit": "32062000", "ebitda": "91675000", "netIncome": "-116000"}, {"fiscalDateEnding": "2020-12-31", "reportedCurrency": "USD", "grossProfit": "180881000", "totalRevenue": "850387000", "costOfRevenue": "669506000", "costofGoodsAndServicesSold": "669506000", "operatingIncome": "-53006000", "sellingGeneralAndAdministrative": "172802000", "researchAndDevelopment": "None", "operatingExpenses": "233887000", "investmentIncomeNet": "None", "netInterestIncome": "-82486000", "interestIncome": "None", "interestExpense": "82486000", "nonInterestIncome": "None", "otherNonOperatingIncome": "None", "depreciation": "None", "depreciationAndAmortization": "61085000", "incomeBeforeTax": "-135492000", "incomeTaxExpense": "3383000", "interestAndDebtExpense": "None", "netIncomeFromContinuingOperations": "-138875000", "comprehensiveIncomeNetOfTax": "None", "ebit": "-53006000", "ebitda": "8079000", "netIncome": "-139280000"}, {"fiscalDateEnding": "2020-09-30", "reportedCurrency": "USD", "grossProfit": "158982000", "totalRevenue": "784345000", "costOfRevenue": "625363000", "costofGoodsAndServicesSold": "625363000", "operatingIncome": "88571000", "sellingGeneralAndAdministrative": "4968078", "researchAndDevelopment": "None", "operatingExpenses": "70411000", "investmentIncomeNet": "None", "netInterestIncome": "-48243000", "interestIncome": "None", "interestExpense": "48243000", "nonInterestIncome": "None", "otherNonOperatingIncome": "None", "depreciation": "None", "depreciationAndAmortization": "58556000", "incomeBeforeTax": "40328000", "incomeTaxExpense": "3623000", "interestAndDebtExpense": "None", "netIncomeFromContinuingOperations": "36705000", "comprehensiveIncomeNetOfTax": "None", "ebit": "88571000", "ebitda": "147127000", "netIncome": "35949000"}, {"fiscalDateEnding": "2020-06-30", "reportedCurrency": "USD", "grossProfit": "131620000", "totalRevenue": "641543000", "costOfRevenue": "509923000", "costofGoodsAndServicesSold": "509923000", "operatingIncome": "3000", "sellingGeneralAndAdministrative": "80569000", "researchAndDevelopment": "None", "operatingExpenses": "131617000", "investmentIncomeNet": "None", "netInterestIncome": "-51521000", "interestIncome": "None", "interestExpense": "51521000", "nonInterestIncome": "None", "otherNonOperatingIncome": "None", "depreciation": "None", "depreciationAndAmortization": "58748000", "incomeBeforeTax": "-51518000", "incomeTaxExpense": "-13704000", "interestAndDebtExpense": "None", "netIncomeFromContinuingOperations": "-37814000", "comprehensiveIncomeNetOfTax": "None", "ebit": "3000", "ebitda": "58751000", "netIncome": "-37404000"}, {"fiscalDateEnding": "2020-03-31", "reportedCurrency": "USD", "grossProfit": "132703000", "totalRevenue": "879396000", "costOfRevenue": "746693000", "costofGoodsAndServicesSold": "746693000", "operatingIncome": "31438000", "sellingGeneralAndAdministrative": "211860", "researchAndDevelopment": "None", "operatingExpenses": "101265000", "investmentIncomeNet": "None", "netInterestIncome": "-51794000", "interestIncome": "None", "interestExpense": "51794000", "nonInterestIncome": "None", "otherNonOperatingIncome": "None", "depreciation": "None", "depreciationAndAmortization": "60209000", "incomeBeforeTax": "-20356000", "incomeTaxExpense": "1367000", "interestAndDebtExpense": "None", "netIncomeFromContinuingOperations": "-21723000", "comprehensiveIncomeNetOfTax": "None", "ebit": "31438000", "ebitda": "91647000", "netIncome": "-21708000"}, {"fiscalDateEnding": "2019-12-31", "reportedCurrency": "None", "grossProfit": "172774000", "totalRevenue": "1012876000", "costOfRevenue": "840102000", "costofGoodsAndServicesSold": "840102000", "operatingIncome": "83149000", "sellingGeneralAndAdministrative": "None", "researchAndDevelopment": "None", "operatingExpenses": "98736000", "investmentIncomeNet": "None", "netInterestIncome": "None", "interestIncome": "None", "interestExpense": "None", "nonInterestIncome": "None", "otherNonOperatingIncome": "None", "depreciation": "None", "depreciationAndAmortization": "58149000", "incomeBeforeTax": "20432000", "incomeTaxExpense": "5630000", "interestAndDebtExpense": "None", "netIncomeFromContinuingOperations": "None", "comprehensiveIncomeNetOfTax": "None", "ebit": "1692673", "ebitda": "59841673", "netIncome": "14035000"}, {"fiscalDateEnding": "2019-09-30", "reportedCurrency": "USD", "grossProfit": "172439000", "totalRevenue": "981682000", "costOfRevenue": "809243000", "costofGoodsAndServicesSold": "809243000", "operatingIncome": "80993000", "sellingGeneralAndAdministrative": "138090", "researchAndDevelopment": "None", "operatingExpenses": "95914000", "investmentIncomeNet": "None", "netInterestIncome": "None", "interestIncome": "None", "interestExpense": "None", "nonInterestIncome": "None", "otherNonOperatingIncome": "None", "depreciation": "None", "depreciationAndAmortization": "57872000", "incomeBeforeTax": "18763000", "incomeTaxExpense": "3968000", "interestAndDebtExpense": "None", "netIncomeFromContinuingOperations": "None", "comprehensiveIncomeNetOfTax": "None", "ebit": "1509140", "ebitda": "59381140", "netIncome": "22589000"}, {"fiscalDateEnding": "2019-06-30", "reportedCurrency": "None", "grossProfit": "151070000", "totalRevenue": "921671000", "costOfRevenue": "770601000", "costofGoodsAndServicesSold": "770601000", "operatingIncome": "56067000", "sellingGeneralAndAdministrative": "None", "researchAndDevelopment": "None", "operatingExpenses": "106013000", "investmentIncomeNet": "None", "netInterestIncome": "None", "interestIncome": "None", "interestExpense": "None", "nonInterestIncome": "None", "otherNonOperatingIncome": "None", "depreciation": "None", "depreciationAndAmortization": "58276000", "incomeBeforeTax": "-14604000", "incomeTaxExpense": "1510000", "interestAndDebtExpense": "None", "netIncomeFromContinuingOperations": "None", "comprehensiveIncomeNetOfTax": "None", "ebit": "-2000", "ebitda": "58274000", "netIncome": "-14607000"}, {"fiscalDateEnding": "2019-03-31", "reportedCurrency": "None", "grossProfit": "138203500", "totalRevenue": "895252500", "costOfRevenue": "757049000", "costofGoodsAndServicesSold": "757049000", "operatingIncome": "45845000", "sellingGeneralAndAdministrative": "None", "researchAndDevelopment": "None", "operatingExpenses": "106648000", "investmentIncomeNet": "None", "netInterestIncome": "None", "interestIncome": "None", "interestExpense": "None", "nonInterestIncome": "None", "otherNonOperatingIncome": "None", "depreciation": "None", "depreciationAndAmortization": "58276000", "incomeBeforeTax": "-28799000", "incomeTaxExpense": "154500", "interestAndDebtExpense": "None", "netIncomeFromContinuingOperations": "None", "comprehensiveIncomeNetOfTax": "None", "ebit": "45845000", "ebitda": "104121000", "netIncome": "-28898000"}, {"fiscalDateEnding": "2017-03-31", "reportedCurrency": "USD", "grossProfit": "95315000", "totalRevenue": "508468000", "costOfRevenue": "413153000", "costofGoodsAndServicesSold": "413153000", "operatingIncome": "25753000", "sellingGeneralAndAdministrative": "26668000", "researchAndDevelopment": "None", "operatingExpenses": "69562000", "investmentIncomeNet": "None", "netInterestIncome": "None", "interestIncome": "None", "interestExpense": "41509000", "nonInterestIncome": "None", "otherNonOperatingIncome": "None", "depreciation": "None", "depreciationAndAmortization": "42894000", "incomeBeforeTax": "-15609000", "incomeTaxExpense": "-6406000", "interestAndDebtExpense": "None", "netIncomeFromContinuingOperations": "None", "comprehensiveIncomeNetOfTax": "None", "ebit": "32144000", "ebitda": "75038000", "netIncome": "-9350000"}, {"fiscalDateEnding": "2016-03-31", "reportedCurrency": "USD", "grossProfit": "87908000", "totalRevenue": "458276000", "costOfRevenue": "370368000", "costofGoodsAndServicesSold": "370368000", "operatingIncome": "22244000", "sellingGeneralAndAdministrative": "23025000", "researchAndDevelopment": "None", "operatingExpenses": "65664000", "investmentIncomeNet": "None", "netInterestIncome": "None", "interestIncome": "None", "interestExpense": "44066000", "nonInterestIncome": "None", "otherNonOperatingIncome": "None", "depreciation": "None", "depreciationAndAmortization": "42639000", "incomeBeforeTax": "-21822000", "incomeTaxExpense": "-8821000", "interestAndDebtExpense": "None", "netIncomeFromContinuingOperations": "None", "comprehensiveIncomeNetOfTax": "None", "ebit": "24585000", "ebitda": "67224000", "netIncome": "-12964000"}]}