{"symbol": "BBWI", "annualReports": [{"fiscalDateEnding": "2025-01-31", "reportedCurrency": "USD", "grossProfit": "3234000000", "totalRevenue": "7307000000", "costOfRevenue": "4073000000", "costofGoodsAndServicesSold": "4073000000", "operatingIncome": "1266000000", "sellingGeneralAndAdministrative": "535000000", "researchAndDevelopment": "None", "operatingExpenses": "1968000000", "investmentIncomeNet": "None", "netInterestIncome": "-312000000", "interestIncome": "312000000", "interestExpense": "312000000", "nonInterestIncome": "None", "otherNonOperatingIncome": "None", "depreciation": "None", "depreciationAndAmortization": "282000000", "incomeBeforeTax": "1028000000", "incomeTaxExpense": "230000000", "interestAndDebtExpense": "None", "netIncomeFromContinuingOperations": "798000000", "comprehensiveIncomeNetOfTax": "None", "ebit": "1340000000", "ebitda": "1622000000", "netIncome": "798000000"}, {"fiscalDateEnding": "2024-01-31", "reportedCurrency": "USD", "grossProfit": "3236000000", "totalRevenue": "7429000000", "costOfRevenue": "4193000000", "costofGoodsAndServicesSold": "4193000000", "operatingIncome": "1285000000", "sellingGeneralAndAdministrative": "594000000", "researchAndDevelopment": "None", "operatingExpenses": "1951000000", "investmentIncomeNet": "None", "netInterestIncome": "-345000000", "interestIncome": "345000000", "interestExpense": "345000000", "nonInterestIncome": "None", "otherNonOperatingIncome": "None", "depreciation": "None", "depreciationAndAmortization": "269000000", "incomeBeforeTax": "1021000000", "incomeTaxExpense": "143000000", "interestAndDebtExpense": "None", "netIncomeFromContinuingOperations": "878000000", "comprehensiveIncomeNetOfTax": "None", "ebit": "1366000000", "ebitda": "1635000000", "netIncome": "878000000"}, {"fiscalDateEnding": "2023-01-31", "reportedCurrency": "USD", "grossProfit": "3255000000", "totalRevenue": "7560000000", "costOfRevenue": "4305000000", "costofGoodsAndServicesSold": "4305000000", "operatingIncome": "1376000000", "sellingGeneralAndAdministrative": "499000000", "researchAndDevelopment": "None", "operatingExpenses": "1879000000", "investmentIncomeNet": "None", "netInterestIncome": "-348000000", "interestIncome": "348000000", "interestExpense": "348000000", "nonInterestIncome": "None", "otherNonOperatingIncome": "17000000", "depreciation": "None", "depreciationAndAmortization": "221000000", "incomeBeforeTax": "1045000000", "incomeTaxExpense": "251000000", "interestAndDebtExpense": "None", "netIncomeFromContinuingOperations": "794000000", "comprehensiveIncomeNetOfTax": "None", "ebit": "1393000000", "ebitda": "1614000000", "netIncome": "800000000"}, {"fiscalDateEnding": "2022-01-31", "reportedCurrency": "USD", "grossProfit": "3855000000", "totalRevenue": "7882000000", "costOfRevenue": "4027000000", "costofGoodsAndServicesSold": "4027000000", "operatingIncome": "2009000000", "sellingGeneralAndAdministrative": "1680000000", "researchAndDevelopment": "None", "operatingExpenses": "1846000000", "investmentIncomeNet": "None", "netInterestIncome": "-388033000", "interestIncome": "388000000", "interestExpense": "388000000", "nonInterestIncome": "None", "otherNonOperatingIncome": "-198000000", "depreciation": "None", "depreciationAndAmortization": "363000000", "incomeBeforeTax": "1423000000", "incomeTaxExpense": "348000000", "interestAndDebtExpense": "None", "netIncomeFromContinuingOperations": "1075229000", "comprehensiveIncomeNetOfTax": "None", "ebit": "1811000000", "ebitda": "2174000000", "netIncome": "1333000000"}, {"fiscalDateEnding": "2021-01-31", "reportedCurrency": "USD", "grossProfit": "3096000000", "totalRevenue": "6434000000", "costOfRevenue": "3338000000", "costofGoodsAndServicesSold": "3338000000", "operatingIncome": "1604000000", "sellingGeneralAndAdministrative": "1380000000", "researchAndDevelopment": "None", "operatingExpenses": "1492000000", "investmentIncomeNet": "None", "netInterestIncome": "-438000000", "interestIncome": "432000000", "interestExpense": "432000000", "nonInterestIncome": "None", "otherNonOperatingIncome": "-50000000", "depreciation": "None", "depreciationAndAmortization": "521000000", "incomeBeforeTax": "1122000000", "incomeTaxExpense": "257000000", "interestAndDebtExpense": "None", "netIncomeFromContinuingOperations": "844000000", "comprehensiveIncomeNetOfTax": "None", "ebit": "1554000000", "ebitda": "2075000000", "netIncome": "844000000"}, {"fiscalDateEnding": "2020-01-31", "reportedCurrency": "USD", "grossProfit": "2387000000", "totalRevenue": "5405000000", "costOfRevenue": "3018000000", "costofGoodsAndServicesSold": "3018000000", "operatingIncome": "1040000000", "sellingGeneralAndAdministrative": "1347000000", "researchAndDevelopment": "None", "operatingExpenses": "1347000000", "investmentIncomeNet": "None", "netInterestIncome": "-378000000", "interestIncome": "None", "interestExpense": "370000000", "nonInterestIncome": "None", "otherNonOperatingIncome": "None", "depreciation": "None", "depreciationAndAmortization": "588000000", "incomeBeforeTax": "608000000", "incomeTaxExpense": "148000000", "interestAndDebtExpense": "None", "netIncomeFromContinuingOperations": "-366000000", "comprehensiveIncomeNetOfTax": "None", "ebit": "978000000", "ebitda": "1566000000", "netIncome": "-366000000"}, {"fiscalDateEnding": "2019-01-31", "reportedCurrency": "USD", "grossProfit": "4899000000", "totalRevenue": "13237000000", "costOfRevenue": "8338000000", "costofGoodsAndServicesSold": "8338000000", "operatingIncome": "1237000000", "sellingGeneralAndAdministrative": "3563000000", "researchAndDevelopment": "None", "operatingExpenses": "3662000000", "investmentIncomeNet": "None", "netInterestIncome": "-385000000", "interestIncome": "None", "interestExpense": "385000000", "nonInterestIncome": "None", "otherNonOperatingIncome": "None", "depreciation": "None", "depreciationAndAmortization": "590000000", "incomeBeforeTax": "857000000", "incomeTaxExpense": "213000000", "interestAndDebtExpense": "None", "netIncomeFromContinuingOperations": "644000000", "comprehensiveIncomeNetOfTax": "None", "ebit": "1242000000", "ebitda": "1832000000", "netIncome": "644000000"}, {"fiscalDateEnding": "2018-01-31", "reportedCurrency": "USD", "grossProfit": "4959000000", "totalRevenue": "12632000000", "costOfRevenue": "7673000000", "costofGoodsAndServicesSold": "7673000000", "operatingIncome": "1728000000", "sellingGeneralAndAdministrative": "3231000000", "researchAndDevelopment": "None", "operatingExpenses": "3231000000", "investmentIncomeNet": "None", "netInterestIncome": "-406000000", "interestIncome": "None", "interestExpense": "406000000", "nonInterestIncome": "None", "otherNonOperatingIncome": "None", "depreciation": "None", "depreciationAndAmortization": "571000000", "incomeBeforeTax": "1312000000", "incomeTaxExpense": "329000000", "interestAndDebtExpense": "None", "netIncomeFromContinuingOperations": "983000000", "comprehensiveIncomeNetOfTax": "None", "ebit": "1718000000", "ebitda": "2289000000", "netIncome": "983000000"}, {"fiscalDateEnding": "2017-01-31", "reportedCurrency": "USD", "grossProfit": "5125000000", "totalRevenue": "12574000000", "costOfRevenue": "7449000000", "costofGoodsAndServicesSold": "7449000000", "operatingIncome": "2003000000", "sellingGeneralAndAdministrative": "3122000000", "researchAndDevelopment": "None", "operatingExpenses": "3122000000", "investmentIncomeNet": "None", "netInterestIncome": "None", "interestIncome": "None", "interestExpense": "394000000", "nonInterestIncome": "None", "otherNonOperatingIncome": "None", "depreciation": "None", "depreciationAndAmortization": "518000000", "incomeBeforeTax": "1696000000", "incomeTaxExpense": "538000000", "interestAndDebtExpense": "None", "netIncomeFromContinuingOperations": "None", "comprehensiveIncomeNetOfTax": "None", "ebit": "2090000000", "ebitda": "2608000000", "netIncome": "1158000000"}, {"fiscalDateEnding": "2016-01-31", "reportedCurrency": "USD", "grossProfit": "5204000000", "totalRevenue": "12154000000", "costOfRevenue": "6950000000", "costofGoodsAndServicesSold": "6950000000", "operatingIncome": "2192000000", "sellingGeneralAndAdministrative": "3012000000", "researchAndDevelopment": "None", "operatingExpenses": "3012000000", "investmentIncomeNet": "None", "netInterestIncome": "None", "interestIncome": "None", "interestExpense": "334000000", "nonInterestIncome": "None", "otherNonOperatingIncome": "None", "depreciation": "None", "depreciationAndAmortization": "457000000", "incomeBeforeTax": "1934000000", "incomeTaxExpense": "681000000", "interestAndDebtExpense": "None", "netIncomeFromContinuingOperations": "None", "comprehensiveIncomeNetOfTax": "None", "ebit": "2268000000", "ebitda": "2725000000", "netIncome": "1253000000"}, {"fiscalDateEnding": "2015-01-31", "reportedCurrency": "USD", "grossProfit": "4808000000", "totalRevenue": "11454000000", "costOfRevenue": "6646000000", "costofGoodsAndServicesSold": "6646000000", "operatingIncome": "1953000000", "sellingGeneralAndAdministrative": "2855000000", "researchAndDevelopment": "None", "operatingExpenses": "2855000000", "investmentIncomeNet": "None", "netInterestIncome": "None", "interestIncome": "None", "interestExpense": "324000000", "nonInterestIncome": "None", "otherNonOperatingIncome": "None", "depreciation": "None", "depreciationAndAmortization": "438000000", "incomeBeforeTax": "1636000000", "incomeTaxExpense": "594000000", "interestAndDebtExpense": "None", "netIncomeFromContinuingOperations": "None", "comprehensiveIncomeNetOfTax": "None", "ebit": "1960000000", "ebitda": "2398000000", "netIncome": "1042000000"}, {"fiscalDateEnding": "2014-01-31", "reportedCurrency": "USD", "grossProfit": "4429000000", "totalRevenue": "10773000000", "costOfRevenue": "6344000000", "costofGoodsAndServicesSold": "6344000000", "operatingIncome": "1743000000", "sellingGeneralAndAdministrative": "2775000000", "researchAndDevelopment": "None", "operatingExpenses": "2686000000", "investmentIncomeNet": "None", "netInterestIncome": "None", "interestIncome": "None", "interestExpense": "314000000", "nonInterestIncome": "None", "otherNonOperatingIncome": "None", "depreciation": "None", "depreciationAndAmortization": "407000000", "incomeBeforeTax": "1446000000", "incomeTaxExpense": "543000000", "interestAndDebtExpense": "None", "netIncomeFromContinuingOperations": "None", "comprehensiveIncomeNetOfTax": "None", "ebit": "1760000000", "ebitda": "2167000000", "netIncome": "903000000"}, {"fiscalDateEnding": "2013-01-31", "reportedCurrency": "USD", "grossProfit": "4386000000", "totalRevenue": "10459000000", "costOfRevenue": "6073000000", "costofGoodsAndServicesSold": "6073000000", "operatingIncome": "1573000000", "sellingGeneralAndAdministrative": "2720000000", "researchAndDevelopment": "None", "operatingExpenses": "2813000000", "investmentIncomeNet": "None", "netInterestIncome": "None", "interestIncome": "None", "interestExpense": "316000000", "nonInterestIncome": "None", "otherNonOperatingIncome": "None", "depreciation": "None", "depreciationAndAmortization": "389000000", "incomeBeforeTax": "1281000000", "incomeTaxExpense": "528000000", "interestAndDebtExpense": "None", "netIncomeFromContinuingOperations": "None", "comprehensiveIncomeNetOfTax": "None", "ebit": "1597000000", "ebitda": "1986000000", "netIncome": "753000000"}, {"fiscalDateEnding": "2012-01-31", "reportedCurrency": "USD", "grossProfit": "4057000000", "totalRevenue": "10364000000", "costOfRevenue": "6307000000", "costofGoodsAndServicesSold": "6307000000", "operatingIncome": "1238000000", "sellingGeneralAndAdministrative": "2698000000", "researchAndDevelopment": "None", "operatingExpenses": "2819000000", "investmentIncomeNet": "None", "netInterestIncome": "None", "interestIncome": "None", "interestExpense": "246000000", "nonInterestIncome": "None", "otherNonOperatingIncome": "None", "depreciation": "None", "depreciationAndAmortization": "391000000", "incomeBeforeTax": "1227000000", "incomeTaxExpense": "377000000", "interestAndDebtExpense": "None", "netIncomeFromContinuingOperations": "None", "comprehensiveIncomeNetOfTax": "None", "ebit": "1473000000", "ebitda": "1864000000", "netIncome": "850000000"}, {"fiscalDateEnding": "2011-01-31", "reportedCurrency": "USD", "grossProfit": "3631000000", "totalRevenue": "9613000000", "costOfRevenue": "5982000000", "costofGoodsAndServicesSold": "5982000000", "operatingIncome": "1284000000", "sellingGeneralAndAdministrative": "2341000000", "researchAndDevelopment": "None", "operatingExpenses": "2341000000", "investmentIncomeNet": "None", "netInterestIncome": "None", "interestIncome": "None", "interestExpense": "183000000", "nonInterestIncome": "None", "otherNonOperatingIncome": "None", "depreciation": "None", "depreciationAndAmortization": "394000000", "incomeBeforeTax": "1251000000", "incomeTaxExpense": "446000000", "interestAndDebtExpense": "None", "netIncomeFromContinuingOperations": "None", "comprehensiveIncomeNetOfTax": "None", "ebit": "1459000000", "ebitda": "1853000000", "netIncome": "805000000"}, {"fiscalDateEnding": "2010-01-31", "reportedCurrency": "USD", "grossProfit": "3028000000", "totalRevenue": "8632000000", "costOfRevenue": "5604000000", "costofGoodsAndServicesSold": "5604000000", "operatingIncome": "868000000", "sellingGeneralAndAdministrative": "None", "researchAndDevelopment": "None", "operatingExpenses": "2157000000", "investmentIncomeNet": "None", "netInterestIncome": "None", "interestIncome": "None", "interestExpense": "237000000", "nonInterestIncome": "None", "otherNonOperatingIncome": "None", "depreciation": "None", "depreciationAndAmortization": "393000000", "incomeBeforeTax": "650000000", "incomeTaxExpense": "202000000", "interestAndDebtExpense": "None", "netIncomeFromContinuingOperations": "None", "comprehensiveIncomeNetOfTax": "None", "ebit": "887000000", "ebitda": "1280000000", "netIncome": "448000000"}, {"fiscalDateEnding": "2009-01-31", "reportedCurrency": "USD", "grossProfit": "3006000000", "totalRevenue": "9043000000", "costOfRevenue": "6037000000", "costofGoodsAndServicesSold": "6037000000", "operatingIncome": "718000000", "sellingGeneralAndAdministrative": "None", "researchAndDevelopment": "None", "operatingExpenses": "2288000000", "investmentIncomeNet": "None", "netInterestIncome": "None", "interestIncome": "None", "interestExpense": "181000000", "nonInterestIncome": "None", "otherNonOperatingIncome": "None", "depreciation": "None", "depreciationAndAmortization": "377000000", "incomeBeforeTax": "449000000", "incomeTaxExpense": "233000000", "interestAndDebtExpense": "None", "netIncomeFromContinuingOperations": "None", "comprehensiveIncomeNetOfTax": "None", "ebit": "630000000", "ebitda": "1007000000", "netIncome": "220000000"}, {"fiscalDateEnding": "2008-01-31", "reportedCurrency": "USD", "grossProfit": "3509000000", "totalRevenue": "10134000000", "costOfRevenue": "6625000000", "costofGoodsAndServicesSold": "6625000000", "operatingIncome": "1110000000", "sellingGeneralAndAdministrative": "7694000000", "researchAndDevelopment": "None", "operatingExpenses": "2399000000", "investmentIncomeNet": "None", "netInterestIncome": "None", "interestIncome": "None", "interestExpense": "149000000", "nonInterestIncome": "None", "otherNonOperatingIncome": "None", "depreciation": "None", "depreciationAndAmortization": "352000000", "incomeBeforeTax": "1129000000", "incomeTaxExpense": "411000000", "interestAndDebtExpense": "None", "netIncomeFromContinuingOperations": "None", "comprehensiveIncomeNetOfTax": "None", "ebit": "880000000", "ebitda": "1232000000", "netIncome": "718000000"}, {"fiscalDateEnding": "2007-01-31", "reportedCurrency": "USD", "grossProfit": "4013000000", "totalRevenue": "10671000000", "costOfRevenue": "6658000000", "costofGoodsAndServicesSold": "6658000000", "operatingIncome": "1176000000", "sellingGeneralAndAdministrative": "2367000", "researchAndDevelopment": "None", "operatingExpenses": "2837000000", "investmentIncomeNet": "None", "netInterestIncome": "None", "interestIncome": "None", "interestExpense": "102000000", "nonInterestIncome": "None", "otherNonOperatingIncome": "None", "depreciation": "None", "depreciationAndAmortization": "316000000", "incomeBeforeTax": "1097000000", "incomeTaxExpense": "422000000", "interestAndDebtExpense": "None", "netIncomeFromContinuingOperations": "None", "comprehensiveIncomeNetOfTax": "None", "ebit": "1199000000", "ebitda": "1515000000", "netIncome": "676000000"}, {"fiscalDateEnding": "2006-01-31", "reportedCurrency": "USD", "grossProfit": "3480000000", "totalRevenue": "9699000000", "costOfRevenue": "6219000000", "costofGoodsAndServicesSold": "6219000000", "operatingIncome": "986000000", "sellingGeneralAndAdministrative": "2367000000", "researchAndDevelopment": "None", "operatingExpenses": "2494000000", "investmentIncomeNet": "None", "netInterestIncome": "None", "interestIncome": "None", "interestExpense": "94000000", "nonInterestIncome": "None", "otherNonOperatingIncome": "None", "depreciation": "None", "depreciationAndAmortization": "299000000", "incomeBeforeTax": "957000000", "incomeTaxExpense": "291000000", "interestAndDebtExpense": "None", "netIncomeFromContinuingOperations": "None", "comprehensiveIncomeNetOfTax": "None", "ebit": "1051000000", "ebitda": "1350000000", "netIncome": "666000000"}], "quarterlyReports": [{"fiscalDateEnding": "2025-10-31", "reportedCurrency": "USD", "grossProfit": "658000000", "totalRevenue": "1594000000", "costOfRevenue": "936000000", "costofGoodsAndServicesSold": "936000000", "operatingIncome": "161000000", "sellingGeneralAndAdministrative": "497000000", "researchAndDevelopment": "None", "operatingExpenses": "497000000", "investmentIncomeNet": "None", "netInterestIncome": "-68000000", "interestIncome": "68000000", "interestExpense": "68000000", "nonInterestIncome": "None", "otherNonOperatingIncome": "None", "depreciation": "None", "depreciationAndAmortization": "63000000", "incomeBeforeTax": "103000000", "incomeTaxExpense": "26000000", "interestAndDebtExpense": "None", "netIncomeFromContinuingOperations": "77000000", "comprehensiveIncomeNetOfTax": "None", "ebit": "171000000", "ebitda": "234000000", "netIncome": "77000000"}, {"fiscalDateEnding": "2025-07-31", "reportedCurrency": "USD", "grossProfit": "640000000", "totalRevenue": "1549000000", "costOfRevenue": "909000000", "costofGoodsAndServicesSold": "909000000", "operatingIncome": "157000000", "sellingGeneralAndAdministrative": "148000000", "researchAndDevelopment": "None", "operatingExpenses": "483000000", "investmentIncomeNet": "None", "netInterestIncome": "-68000000", "interestIncome": "68000000", "interestExpense": "68000000", "nonInterestIncome": "None", "otherNonOperatingIncome": "None", "depreciation": "None", "depreciationAndAmortization": "64000000", "incomeBeforeTax": "95000000", "incomeTaxExpense": "31000000", "interestAndDebtExpense": "None", "netIncomeFromContinuingOperations": "64000000", "comprehensiveIncomeNetOfTax": "None", "ebit": "163000000", "ebitda": "227000000", "netIncome": "64000000"}, {"fiscalDateEnding": "2025-04-30", "reportedCurrency": "USD", "grossProfit": "646000000", "totalRevenue": "1424000000", "costOfRevenue": "778000000", "costofGoodsAndServicesSold": "778000000", "operatingIncome": "209000000", "sellingGeneralAndAdministrative": "132000000", "researchAndDevelopment": "None", "operatingExpenses": "437000000", "investmentIncomeNet": "None", "netInterestIncome": "-71000000", "interestIncome": "71000000", "interestExpense": "71000000", "nonInterestIncome": "None", "otherNonOperatingIncome": "None", "depreciation": "None", "depreciationAndAmortization": "64000000", "incomeBeforeTax": "146000000", "incomeTaxExpense": "41000000", "interestAndDebtExpense": "None", "netIncomeFromContinuingOperations": "105000000", "comprehensiveIncomeNetOfTax": "None", "ebit": "217000000", "ebitda": "281000000", "netIncome": "105000000"}, {"fiscalDateEnding": "2025-01-31", "reportedCurrency": "USD", "grossProfit": "1301000000", "totalRevenue": "2787000000", "costOfRevenue": "1486000000", "costofGoodsAndServicesSold": "1486000000", "operatingIncome": "678000000", "sellingGeneralAndAdministrative": "623000000", "researchAndDevelopment": "None", "operatingExpenses": "623000000", "investmentIncomeNet": "None", "netInterestIncome": "-76000000", "interestIncome": "76000000", "interestExpense": "76000000", "nonInterestIncome": "None", "otherNonOperatingIncome": "None", "depreciation": "None", "depreciationAndAmortization": "71000000", "incomeBeforeTax": "611000000", "incomeTaxExpense": "158000000", "interestAndDebtExpense": "None", "netIncomeFromContinuingOperations": "453000000", "comprehensiveIncomeNetOfTax": "None", "ebit": "688000000", "ebitda": "759000000", "netIncome": "453000000"}, {"fiscalDateEnding": "2024-10-31", "reportedCurrency": "USD", "grossProfit": "700000000", "totalRevenue": "1610000000", "costOfRevenue": "910000000", "costofGoodsAndServicesSold": "910000000", "operatingIncome": "218000000", "sellingGeneralAndAdministrative": "482000000", "researchAndDevelopment": "None", "operatingExpenses": "482000000", "investmentIncomeNet": "None", "netInterestIncome": "-77000000", "interestIncome": "77000000", "interestExpense": "77000000", "nonInterestIncome": "None", "otherNonOperatingIncome": "None", "depreciation": "None", "depreciationAndAmortization": "69000000", "incomeBeforeTax": "145000000", "incomeTaxExpense": "39000000", "interestAndDebtExpense": "None", "netIncomeFromContinuingOperations": "106000000", "comprehensiveIncomeNetOfTax": "None", "ebit": "222000000", "ebitda": "291000000", "netIncome": "106000000"}, {"fiscalDateEnding": "2024-07-31", "reportedCurrency": "USD", "grossProfit": "626000000", "totalRevenue": "1526000000", "costOfRevenue": "900000000", "costofGoodsAndServicesSold": "900000000", "operatingIncome": "183000000", "sellingGeneralAndAdministrative": "443000000", "researchAndDevelopment": "None", "operatingExpenses": "443000000", "investmentIncomeNet": "None", "netInterestIncome": "-77000000", "interestIncome": "None", "interestExpense": "77000000", "nonInterestIncome": "None", "otherNonOperatingIncome": "None", "depreciation": "None", "depreciationAndAmortization": "71000000", "incomeBeforeTax": "153000000", "incomeTaxExpense": "1000000", "interestAndDebtExpense": "None", "netIncomeFromContinuingOperations": "152000000", "comprehensiveIncomeNetOfTax": "None", "ebit": "230000000", "ebitda": "301000000", "netIncome": "152000000"}, {"fiscalDateEnding": "2024-04-30", "reportedCurrency": "USD", "grossProfit": "606000000", "totalRevenue": "1384000000", "costOfRevenue": "778000000", "costofGoodsAndServicesSold": "778000000", "operatingIncome": "187000000", "sellingGeneralAndAdministrative": "127000000", "researchAndDevelopment": "None", "operatingExpenses": "419000000", "investmentIncomeNet": "None", "netInterestIncome": "-82000000", "interestIncome": "None", "interestExpense": "82000000", "nonInterestIncome": "None", "otherNonOperatingIncome": "None", "depreciation": "None", "depreciationAndAmortization": "71000000", "incomeBeforeTax": "118000000", "incomeTaxExpense": "31000000", "interestAndDebtExpense": "None", "netIncomeFromContinuingOperations": "87000000", "comprehensiveIncomeNetOfTax": "None", "ebit": "200000000", "ebitda": "271000000", "netIncome": "87000000"}, {"fiscalDateEnding": "2024-01-31", "reportedCurrency": "USD", "grossProfit": "1336000000", "totalRevenue": "2912000000", "costOfRevenue": "1576000000", "costofGoodsAndServicesSold": "1576000000", "operatingIncome": "695000000", "sellingGeneralAndAdministrative": "63000000", "researchAndDevelopment": "None", "operatingExpenses": "641000000", "investmentIncomeNet": "None", "netInterestIncome": "-86000000", "interestIncome": "None", "interestExpense": "86000000", "nonInterestIncome": "None", "otherNonOperatingIncome": "None", "depreciation": "None", "depreciationAndAmortization": "70000000", "incomeBeforeTax": "622000000", "incomeTaxExpense": "43000000", "interestAndDebtExpense": "None", "netIncomeFromContinuingOperations": "579000000", "comprehensiveIncomeNetOfTax": "None", "ebit": "709000000", "ebitda": "779000000", "netIncome": "579000000"}, {"fiscalDateEnding": "2023-10-31", "reportedCurrency": "USD", "grossProfit": "682000000", "totalRevenue": "1562000000", "costOfRevenue": "880000000", "costofGoodsAndServicesSold": "880000000", "operatingIncome": "221000000", "sellingGeneralAndAdministrative": "178000000", "researchAndDevelopment": "None", "operatingExpenses": "461000000", "investmentIncomeNet": "None", "netInterestIncome": "-84000000", "interestIncome": "None", "interestExpense": "84000000", "nonInterestIncome": "None", "otherNonOperatingIncome": "None", "depreciation": "None", "depreciationAndAmortization": "70000000", "incomeBeforeTax": "159000000", "incomeTaxExpense": "40000000", "interestAndDebtExpense": "None", "netIncomeFromContinuingOperations": "119000000", "comprehensiveIncomeNetOfTax": "None", "ebit": "243000000", "ebitda": "313000000", "netIncome": "119000000"}, {"fiscalDateEnding": "2023-07-31", "reportedCurrency": "USD", "grossProfit": "622000000", "totalRevenue": "1559000000", "costOfRevenue": "937000000", "costofGoodsAndServicesSold": "937000000", "operatingIncome": "188000000", "sellingGeneralAndAdministrative": "181000000", "researchAndDevelopment": "None", "operatingExpenses": "434000000", "investmentIncomeNet": "None", "netInterestIncome": "-86000000", "interestIncome": "86000000", "interestExpense": "86000000", "nonInterestIncome": "None", "otherNonOperatingIncome": "25000000", "depreciation": "None", "depreciationAndAmortization": "66000000", "incomeBeforeTax": "127000000", "incomeTaxExpense": "28000000", "interestAndDebtExpense": "None", "netIncomeFromContinuingOperations": "99000000", "comprehensiveIncomeNetOfTax": "None", "ebit": "213000000", "ebitda": "279000000", "netIncome": "99000000"}, {"fiscalDateEnding": "2023-04-30", "reportedCurrency": "USD", "grossProfit": "596000000", "totalRevenue": "1396000000", "costOfRevenue": "800000000", "costofGoodsAndServicesSold": "800000000", "operatingIncome": "181000000", "sellingGeneralAndAdministrative": "172000000", "researchAndDevelopment": "None", "operatingExpenses": "415000000", "investmentIncomeNet": "None", "netInterestIncome": "-89000000", "interestIncome": "89000000", "interestExpense": "89000000", "nonInterestIncome": "None", "otherNonOperatingIncome": "20000000", "depreciation": "None", "depreciationAndAmortization": "63000000", "incomeBeforeTax": "112000000", "incomeTaxExpense": "31000000", "interestAndDebtExpense": "None", "netIncomeFromContinuingOperations": "81000000", "comprehensiveIncomeNetOfTax": "None", "ebit": "201000000", "ebitda": "264000000", "netIncome": "81000000"}, {"fiscalDateEnding": "2023-01-31", "reportedCurrency": "USD", "grossProfit": "1249000000", "totalRevenue": "2888000000", "costOfRevenue": "1639000000", "costofGoodsAndServicesSold": "1639000000", "operatingIncome": "652000000", "sellingGeneralAndAdministrative": "597000000", "researchAndDevelopment": "None", "operatingExpenses": "597000000", "investmentIncomeNet": "None", "netInterestIncome": "-87000000", "interestIncome": "86000000", "interestExpense": "86000000", "nonInterestIncome": "None", "otherNonOperatingIncome": "None", "depreciation": "None", "depreciationAndAmortization": "59000000", "incomeBeforeTax": "576000000", "incomeTaxExpense": "148000000", "interestAndDebtExpense": "None", "netIncomeFromContinuingOperations": "428000000", "comprehensiveIncomeNetOfTax": "None", "ebit": "663000000", "ebitda": "722000000", "netIncome": "434000000"}, {"fiscalDateEnding": "2022-10-31", "reportedCurrency": "USD", "grossProfit": "678000000", "totalRevenue": "1604000000", "costOfRevenue": "926000000", "costofGoodsAndServicesSold": "926000000", "operatingIncome": "202000000", "sellingGeneralAndAdministrative": "176000000", "researchAndDevelopment": "None", "operatingExpenses": "476000000", "investmentIncomeNet": "None", "netInterestIncome": "-86484000", "interestIncome": "None", "interestExpense": "86000000", "nonInterestIncome": "None", "otherNonOperatingIncome": "None", "depreciation": "None", "depreciationAndAmortization": "56000000", "incomeBeforeTax": "119000000", "incomeTaxExpense": "28000000", "interestAndDebtExpense": "None", "netIncomeFromContinuingOperations": "91025000", "comprehensiveIncomeNetOfTax": "None", "ebit": "205000000", "ebitda": "261000000", "netIncome": "91000000"}, {"fiscalDateEnding": "2022-07-31", "reportedCurrency": "USD", "grossProfit": "660000000", "totalRevenue": "1618000000", "costOfRevenue": "958000000", "costofGoodsAndServicesSold": "958000000", "operatingIncome": "242000000", "sellingGeneralAndAdministrative": "418000000", "researchAndDevelopment": "None", "operatingExpenses": "418000000", "investmentIncomeNet": "None", "netInterestIncome": "-85675000", "interestIncome": "None", "interestExpense": "86000000", "nonInterestIncome": "None", "otherNonOperatingIncome": "2000000", "depreciation": "None", "depreciationAndAmortization": "53000000", "incomeBeforeTax": "158000000", "incomeTaxExpense": "38000000", "interestAndDebtExpense": "None", "netIncomeFromContinuingOperations": "120012000", "comprehensiveIncomeNetOfTax": "None", "ebit": "244000000", "ebitda": "297000000", "netIncome": "120000000"}, {"fiscalDateEnding": "2022-04-30", "reportedCurrency": "USD", "grossProfit": "669000000", "totalRevenue": "1450000000", "costOfRevenue": "781000000", "costofGoodsAndServicesSold": "781000000", "operatingIncome": "280000000", "sellingGeneralAndAdministrative": "389000000", "researchAndDevelopment": "None", "operatingExpenses": "389000000", "investmentIncomeNet": "None", "netInterestIncome": "-89429000", "interestIncome": "None", "interestExpense": "89000000", "nonInterestIncome": "None", "otherNonOperatingIncome": "1000000", "depreciation": "None", "depreciationAndAmortization": "53000000", "incomeBeforeTax": "192000000", "incomeTaxExpense": "37000000", "interestAndDebtExpense": "None", "netIncomeFromContinuingOperations": "154905000", "comprehensiveIncomeNetOfTax": "None", "ebit": "281000000", "ebitda": "334000000", "netIncome": "155000000"}, {"fiscalDateEnding": "2022-01-31", "reportedCurrency": "USD", "grossProfit": "1446000000", "totalRevenue": "3028000000", "costOfRevenue": "1582000000", "costofGoodsAndServicesSold": "1582000000", "operatingIncome": "879000000", "sellingGeneralAndAdministrative": "401000000", "researchAndDevelopment": "None", "operatingExpenses": "567000000", "investmentIncomeNet": "None", "netInterestIncome": "-86887000", "interestIncome": "None", "interestExpense": "87000000", "nonInterestIncome": "None", "otherNonOperatingIncome": "-1000000", "depreciation": "None", "depreciationAndAmortization": "53000000", "incomeBeforeTax": "790000000", "incomeTaxExpense": "198000000", "interestAndDebtExpense": "None", "netIncomeFromContinuingOperations": "592560000", "comprehensiveIncomeNetOfTax": "None", "ebit": "877000000", "ebitda": "930000000", "netIncome": "594000000"}, {"fiscalDateEnding": "2021-10-31", "reportedCurrency": "USD", "grossProfit": "839000000", "totalRevenue": "1681000000", "costOfRevenue": "842000000", "costofGoodsAndServicesSold": "842000000", "operatingIncome": "409000000", "sellingGeneralAndAdministrative": "430000000", "researchAndDevelopment": "None", "operatingExpenses": "430000000", "investmentIncomeNet": "None", "netInterestIncome": "-90761000", "interestIncome": "None", "interestExpense": "91000000", "nonInterestIncome": "None", "otherNonOperatingIncome": "-91000000", "depreciation": "None", "depreciationAndAmortization": "52000000", "incomeBeforeTax": "227000000", "incomeTaxExpense": "50000000", "interestAndDebtExpense": "None", "netIncomeFromContinuingOperations": "177000000", "comprehensiveIncomeNetOfTax": "None", "ebit": "318000000", "ebitda": "370000000", "netIncome": "88000000"}, {"fiscalDateEnding": "2021-07-31", "reportedCurrency": "USD", "grossProfit": "828000000", "totalRevenue": "1704000000", "costOfRevenue": "876000000", "costofGoodsAndServicesSold": "876000000", "operatingIncome": "384000000", "sellingGeneralAndAdministrative": "444000000", "researchAndDevelopment": "None", "operatingExpenses": "444000000", "investmentIncomeNet": "None", "netInterestIncome": "-98569000", "interestIncome": "None", "interestExpense": "97000000", "nonInterestIncome": "None", "otherNonOperatingIncome": "-1000000", "depreciation": "None", "depreciationAndAmortization": "129000000", "incomeBeforeTax": "287000000", "incomeTaxExpense": "72000000", "interestAndDebtExpense": "None", "netIncomeFromContinuingOperations": "374193000", "comprehensiveIncomeNetOfTax": "None", "ebit": "384000000", "ebitda": "513000000", "netIncome": "374000000"}, {"fiscalDateEnding": "2021-04-30", "reportedCurrency": "USD", "grossProfit": "742000000", "totalRevenue": "1470000000", "costOfRevenue": "728000000", "costofGoodsAndServicesSold": "728000000", "operatingIncome": "337000000", "sellingGeneralAndAdministrative": "405000000", "researchAndDevelopment": "None", "operatingExpenses": "405000000", "investmentIncomeNet": "None", "netInterestIncome": "-114000000", "interestIncome": "None", "interestExpense": "114000000", "nonInterestIncome": "None", "otherNonOperatingIncome": "-105000000", "depreciation": "None", "depreciationAndAmortization": "129000000", "incomeBeforeTax": "119000000", "incomeTaxExpense": "28000000", "interestAndDebtExpense": "None", "netIncomeFromContinuingOperations": "277000000", "comprehensiveIncomeNetOfTax": "None", "ebit": "233000000", "ebitda": "362000000", "netIncome": "277000000"}, {"fiscalDateEnding": "2021-01-31", "reportedCurrency": "USD", "grossProfit": "2307000000", "totalRevenue": "4818000000", "costOfRevenue": "2511000000", "costofGoodsAndServicesSold": "2511000000", "operatingIncome": "1273000000", "sellingGeneralAndAdministrative": "1034000000", "researchAndDevelopment": "None", "operatingExpenses": "1034000000", "investmentIncomeNet": "None", "netInterestIncome": "-116000000", "interestIncome": "None", "interestExpense": "116000000", "nonInterestIncome": "None", "otherNonOperatingIncome": "None", "depreciation": "None", "depreciationAndAmortization": "128000000", "incomeBeforeTax": "1155000000", "incomeTaxExpense": "295000000", "interestAndDebtExpense": "None", "netIncomeFromContinuingOperations": "860000000", "comprehensiveIncomeNetOfTax": "None", "ebit": "1271000000", "ebitda": "1399000000", "netIncome": "860000000"}, {"fiscalDateEnding": "2020-10-31", "reportedCurrency": "USD", "grossProfit": "863000000", "totalRevenue": "1702000000", "costOfRevenue": "839000000", "costofGoodsAndServicesSold": "839000000", "operatingIncome": "436000000", "sellingGeneralAndAdministrative": "427000000", "researchAndDevelopment": "None", "operatingExpenses": "427000000", "investmentIncomeNet": "None", "netInterestIncome": "-121000000", "interestIncome": "None", "interestExpense": "119000000", "nonInterestIncome": "None", "otherNonOperatingIncome": "None", "depreciation": "None", "depreciationAndAmortization": "127000000", "incomeBeforeTax": "265000000", "incomeTaxExpense": "69000000", "interestAndDebtExpense": "None", "netIncomeFromContinuingOperations": "331000000", "comprehensiveIncomeNetOfTax": "None", "ebit": "384000000", "ebitda": "511000000", "netIncome": "331000000"}, {"fiscalDateEnding": "2020-07-31", "reportedCurrency": "USD", "grossProfit": "711000000", "totalRevenue": "2319000000", "costOfRevenue": "1608000000", "costofGoodsAndServicesSold": "1608000000", "operatingIncome": "44000000", "sellingGeneralAndAdministrative": "667000000", "researchAndDevelopment": "None", "operatingExpenses": "667000000", "investmentIncomeNet": "None", "netInterestIncome": "-104000000", "interestIncome": "None", "interestExpense": "104000000", "nonInterestIncome": "None", "otherNonOperatingIncome": "None", "depreciation": "None", "depreciationAndAmortization": "127000000", "incomeBeforeTax": "-60000000", "incomeTaxExpense": "-11000000", "interestAndDebtExpense": "None", "netIncomeFromContinuingOperations": "-49000000", "comprehensiveIncomeNetOfTax": "None", "ebit": "44000000", "ebitda": "171000000", "netIncome": "-49000000"}, {"fiscalDateEnding": "2020-04-30", "reportedCurrency": "USD", "grossProfit": "288000000", "totalRevenue": "1654000000", "costOfRevenue": "1366000000", "costofGoodsAndServicesSold": "1366000000", "operatingIncome": "-318000000", "sellingGeneralAndAdministrative": "606000000", "researchAndDevelopment": "None", "operatingExpenses": "606000000", "investmentIncomeNet": "None", "netInterestIncome": "None", "interestIncome": "None", "interestExpense": "97000000", "nonInterestIncome": "None", "otherNonOperatingIncome": "None", "depreciation": "None", "depreciationAndAmortization": "139000000", "incomeBeforeTax": "-412000000", "incomeTaxExpense": "-115000000", "interestAndDebtExpense": "None", "netIncomeFromContinuingOperations": "None", "comprehensiveIncomeNetOfTax": "None", "ebit": "-315000000", "ebitda": "-176000000", "netIncome": "-297000000"}, {"fiscalDateEnding": "2020-01-31", "reportedCurrency": "USD", "grossProfit": "1793000000", "totalRevenue": "4707000000", "costOfRevenue": "2914000000", "costofGoodsAndServicesSold": "2914000000", "operatingIncome": "81000000", "sellingGeneralAndAdministrative": "992000000", "researchAndDevelopment": "None", "operatingExpenses": "1712000000", "investmentIncomeNet": "None", "netInterestIncome": "None", "interestIncome": "None", "interestExpense": "92000000", "nonInterestIncome": "None", "otherNonOperatingIncome": "None", "depreciation": "None", "depreciationAndAmortization": "145000000", "incomeBeforeTax": "-6000000", "incomeTaxExpense": "186000000", "interestAndDebtExpense": "None", "netIncomeFromContinuingOperations": "None", "comprehensiveIncomeNetOfTax": "None", "ebit": "86000000", "ebitda": "231000000", "netIncome": "-192000000"}, {"fiscalDateEnding": "2019-10-31", "reportedCurrency": "USD", "grossProfit": "741000000", "totalRevenue": "2677000000", "costOfRevenue": "1936000000", "costofGoodsAndServicesSold": "1936000000", "operatingIncome": "-151000000", "sellingGeneralAndAdministrative": "892000000", "researchAndDevelopment": "None", "operatingExpenses": "892000000", "investmentIncomeNet": "None", "netInterestIncome": "None", "interestIncome": "None", "interestExpense": "92000000", "nonInterestIncome": "None", "otherNonOperatingIncome": "None", "depreciation": "None", "depreciationAndAmortization": "148000000", "incomeBeforeTax": "-277000000", "incomeTaxExpense": "-25000000", "interestAndDebtExpense": "None", "netIncomeFromContinuingOperations": "None", "comprehensiveIncomeNetOfTax": "None", "ebit": "-185000000", "ebitda": "-37000000", "netIncome": "-252000000"}, {"fiscalDateEnding": "2019-07-31", "reportedCurrency": "USD", "grossProfit": "983000000", "totalRevenue": "2902000000", "costOfRevenue": "1919000000", "costofGoodsAndServicesSold": "1919000000", "operatingIncome": "175000000", "sellingGeneralAndAdministrative": "808000000", "researchAndDevelopment": "None", "operatingExpenses": "808000000", "investmentIncomeNet": "None", "netInterestIncome": "None", "interestIncome": "None", "interestExpense": "95000000", "nonInterestIncome": "None", "otherNonOperatingIncome": "None", "depreciation": "None", "depreciationAndAmortization": "150000000", "incomeBeforeTax": "42000000", "incomeTaxExpense": "4000000", "interestAndDebtExpense": "None", "netIncomeFromContinuingOperations": "None", "comprehensiveIncomeNetOfTax": "None", "ebit": "137000000", "ebitda": "287000000", "netIncome": "38000000"}, {"fiscalDateEnding": "2019-04-30", "reportedCurrency": "USD", "grossProfit": "934000000", "totalRevenue": "2629000000", "costOfRevenue": "1695000000", "costofGoodsAndServicesSold": "1695000000", "operatingIncome": "153000000", "sellingGeneralAndAdministrative": "781000000", "researchAndDevelopment": "None", "operatingExpenses": "781000000", "investmentIncomeNet": "None", "netInterestIncome": "None", "interestIncome": "None", "interestExpense": "99000000", "nonInterestIncome": "None", "otherNonOperatingIncome": "None", "depreciation": "None", "depreciationAndAmortization": "145000000", "incomeBeforeTax": "60000000", "incomeTaxExpense": "20000000", "interestAndDebtExpense": "None", "netIncomeFromContinuingOperations": "None", "comprehensiveIncomeNetOfTax": "None", "ebit": "159000000", "ebitda": "304000000", "netIncome": "40000000"}, {"fiscalDateEnding": "2019-01-31", "reportedCurrency": "USD", "grossProfit": "1968000000", "totalRevenue": "4852000000", "costOfRevenue": "2884000000", "costofGoodsAndServicesSold": "2884000000", "operatingIncome": "800000000", "sellingGeneralAndAdministrative": "1069000000", "researchAndDevelopment": "None", "operatingExpenses": "1168000000", "investmentIncomeNet": "None", "netInterestIncome": "None", "interestIncome": "None", "interestExpense": "93000000", "nonInterestIncome": "None", "otherNonOperatingIncome": "None", "depreciation": "None", "depreciationAndAmortization": "146000000", "incomeBeforeTax": "711000000", "incomeTaxExpense": "171000000", "interestAndDebtExpense": "None", "netIncomeFromContinuingOperations": "None", "comprehensiveIncomeNetOfTax": "None", "ebit": "804000000", "ebitda": "950000000", "netIncome": "540000000"}, {"fiscalDateEnding": "2018-10-31", "reportedCurrency": "USD", "grossProfit": "928000000", "totalRevenue": "2775000000", "costOfRevenue": "1847000000", "costofGoodsAndServicesSold": "1847000000", "operatingIncome": "54000000", "sellingGeneralAndAdministrative": "874000000", "researchAndDevelopment": "None", "operatingExpenses": "874000000", "investmentIncomeNet": "None", "netInterestIncome": "None", "interestIncome": "None", "interestExpense": "96000000", "nonInterestIncome": "None", "otherNonOperatingIncome": "None", "depreciation": "None", "depreciationAndAmortization": "148000000", "incomeBeforeTax": "-41000000", "incomeTaxExpense": "2000000", "interestAndDebtExpense": "None", "netIncomeFromContinuingOperations": "None", "comprehensiveIncomeNetOfTax": "None", "ebit": "55000000", "ebitda": "203000000", "netIncome": "-43000000"}, {"fiscalDateEnding": "2018-07-31", "reportedCurrency": "USD", "grossProfit": "1059000000", "totalRevenue": "2984000000", "costOfRevenue": "1925000000", "costofGoodsAndServicesSold": "1925000000", "operatingIncome": "228000000", "sellingGeneralAndAdministrative": "831000000", "researchAndDevelopment": "None", "operatingExpenses": "831000000", "investmentIncomeNet": "None", "netInterestIncome": "None", "interestIncome": "None", "interestExpense": "98000000", "nonInterestIncome": "None", "otherNonOperatingIncome": "None", "depreciation": "None", "depreciationAndAmortization": "148000000", "incomeBeforeTax": "129000000", "incomeTaxExpense": "30000000", "interestAndDebtExpense": "None", "netIncomeFromContinuingOperations": "None", "comprehensiveIncomeNetOfTax": "None", "ebit": "227000000", "ebitda": "375000000", "netIncome": "99000000"}, {"fiscalDateEnding": "2018-04-30", "reportedCurrency": "USD", "grossProfit": "944000000", "totalRevenue": "2626000000", "costOfRevenue": "1682000000", "costofGoodsAndServicesSold": "1682000000", "operatingIncome": "155000000", "sellingGeneralAndAdministrative": "789000000", "researchAndDevelopment": "None", "operatingExpenses": "789000000", "investmentIncomeNet": "None", "netInterestIncome": "None", "interestIncome": "None", "interestExpense": "98000000", "nonInterestIncome": "None", "otherNonOperatingIncome": "None", "depreciation": "None", "depreciationAndAmortization": "148000000", "incomeBeforeTax": "59000000", "incomeTaxExpense": "11000000", "interestAndDebtExpense": "None", "netIncomeFromContinuingOperations": "None", "comprehensiveIncomeNetOfTax": "None", "ebit": "157000000", "ebitda": "305000000", "netIncome": "48000000"}, {"fiscalDateEnding": "2018-01-31", "reportedCurrency": "USD", "grossProfit": "2040000000", "totalRevenue": "4823000000", "costOfRevenue": "2783000000", "costofGoodsAndServicesSold": "2783000000", "operatingIncome": "986000000", "sellingGeneralAndAdministrative": "1054000000", "researchAndDevelopment": "None", "operatingExpenses": "1054000000", "investmentIncomeNet": "None", "netInterestIncome": "None", "interestIncome": "None", "interestExpense": "106000000", "nonInterestIncome": "None", "otherNonOperatingIncome": "None", "depreciation": "None", "depreciationAndAmortization": "145000000", "incomeBeforeTax": "842000000", "incomeTaxExpense": "178000000", "interestAndDebtExpense": "None", "netIncomeFromContinuingOperations": "None", "comprehensiveIncomeNetOfTax": "None", "ebit": "948000000", "ebitda": "1093000000", "netIncome": "664000000"}, {"fiscalDateEnding": "2017-10-31", "reportedCurrency": "USD", "grossProfit": "989000000", "totalRevenue": "2618000000", "costOfRevenue": "1629000000", "costofGoodsAndServicesSold": "1629000000", "operatingIncome": "232000000", "sellingGeneralAndAdministrative": "757000000", "researchAndDevelopment": "None", "operatingExpenses": "757000000", "investmentIncomeNet": "None", "netInterestIncome": "None", "interestIncome": "None", "interestExpense": "99000000", "nonInterestIncome": "None", "otherNonOperatingIncome": "None", "depreciation": "None", "depreciationAndAmortization": "144000000", "incomeBeforeTax": "135000000", "incomeTaxExpense": "49000000", "interestAndDebtExpense": "None", "netIncomeFromContinuingOperations": "None", "comprehensiveIncomeNetOfTax": "None", "ebit": "234000000", "ebitda": "378000000", "netIncome": "86000000"}, {"fiscalDateEnding": "2017-07-31", "reportedCurrency": "USD", "grossProfit": "1028000000", "totalRevenue": "2755000000", "costOfRevenue": "1727000000", "costofGoodsAndServicesSold": "1727000000", "operatingIncome": "301000000", "sellingGeneralAndAdministrative": "727000000", "researchAndDevelopment": "None", "operatingExpenses": "727000000", "investmentIncomeNet": "None", "netInterestIncome": "None", "interestIncome": "None", "interestExpense": "101000000", "nonInterestIncome": "None", "otherNonOperatingIncome": "None", "depreciation": "None", "depreciationAndAmortization": "140000000", "incomeBeforeTax": "217000000", "incomeTaxExpense": "78000000", "interestAndDebtExpense": "None", "netIncomeFromContinuingOperations": "None", "comprehensiveIncomeNetOfTax": "None", "ebit": "318000000", "ebitda": "458000000", "netIncome": "139000000"}, {"fiscalDateEnding": "2017-04-30", "reportedCurrency": "USD", "grossProfit": "903000000", "totalRevenue": "2437000000", "costOfRevenue": "1534000000", "costofGoodsAndServicesSold": "1534000000", "operatingIncome": "209000000", "sellingGeneralAndAdministrative": "694000000", "researchAndDevelopment": "None", "operatingExpenses": "694000000", "investmentIncomeNet": "None", "netInterestIncome": "None", "interestIncome": "None", "interestExpense": "101000000", "nonInterestIncome": "None", "otherNonOperatingIncome": "None", "depreciation": "None", "depreciationAndAmortization": "142000000", "incomeBeforeTax": "118000000", "incomeTaxExpense": "24000000", "interestAndDebtExpense": "None", "netIncomeFromContinuingOperations": "None", "comprehensiveIncomeNetOfTax": "None", "ebit": "219000000", "ebitda": "361000000", "netIncome": "94000000"}, {"fiscalDateEnding": "2017-01-31", "reportedCurrency": "USD", "grossProfit": "1944000000", "totalRevenue": "4489000000", "costOfRevenue": "2545000000", "costofGoodsAndServicesSold": "2545000000", "operatingIncome": "988000000", "sellingGeneralAndAdministrative": "956000000", "researchAndDevelopment": "None", "operatingExpenses": "956000000", "investmentIncomeNet": "None", "netInterestIncome": "None", "interestIncome": "None", "interestExpense": "99000000", "nonInterestIncome": "None", "otherNonOperatingIncome": "None", "depreciation": "None", "depreciationAndAmortization": "140000000", "incomeBeforeTax": "893000000", "incomeTaxExpense": "261000000", "interestAndDebtExpense": "None", "netIncomeFromContinuingOperations": "None", "comprehensiveIncomeNetOfTax": "None", "ebit": "988000000", "ebitda": "1128000000", "netIncome": "632000000"}, {"fiscalDateEnding": "2016-10-31", "reportedCurrency": "USD", "grossProfit": "1025000000", "totalRevenue": "2581000000", "costOfRevenue": "1556000000", "costofGoodsAndServicesSold": "1556000000", "operatingIncome": "284000000", "sellingGeneralAndAdministrative": "741000000", "researchAndDevelopment": "None", "operatingExpenses": "741000000", "investmentIncomeNet": "None", "netInterestIncome": "None", "interestIncome": "None", "interestExpense": "97000000", "nonInterestIncome": "None", "otherNonOperatingIncome": "None", "depreciation": "None", "depreciationAndAmortization": "133000000", "incomeBeforeTax": "190000000", "incomeTaxExpense": "68000000", "interestAndDebtExpense": "None", "netIncomeFromContinuingOperations": "None", "comprehensiveIncomeNetOfTax": "None", "ebit": "287000000", "ebitda": "420000000", "netIncome": "122000000"}, {"fiscalDateEnding": "2016-07-31", "reportedCurrency": "USD", "grossProfit": "1113000000", "totalRevenue": "2890000000", "costOfRevenue": "1777000000", "costofGoodsAndServicesSold": "1777000000", "operatingIncome": "408000000", "sellingGeneralAndAdministrative": "705000000", "researchAndDevelopment": "None", "operatingExpenses": "705000000", "investmentIncomeNet": "None", "netInterestIncome": "None", "interestIncome": "None", "interestExpense": "101000000", "nonInterestIncome": "None", "otherNonOperatingIncome": "None", "depreciation": "None", "depreciationAndAmortization": "124000000", "incomeBeforeTax": "380000000", "incomeTaxExpense": "128000000", "interestAndDebtExpense": "None", "netIncomeFromContinuingOperations": "None", "comprehensiveIncomeNetOfTax": "None", "ebit": "481000000", "ebitda": "605000000", "netIncome": "252000000"}, {"fiscalDateEnding": "2016-04-30", "reportedCurrency": "USD", "grossProfit": "1043000000", "totalRevenue": "2614000000", "costOfRevenue": "1571000000", "costofGoodsAndServicesSold": "1571000000", "operatingIncome": "323000000", "sellingGeneralAndAdministrative": "720000000", "researchAndDevelopment": "None", "operatingExpenses": "720000000", "investmentIncomeNet": "None", "netInterestIncome": "None", "interestIncome": "None", "interestExpense": "97000000", "nonInterestIncome": "None", "otherNonOperatingIncome": "None", "depreciation": "None", "depreciationAndAmortization": "121000000", "incomeBeforeTax": "233000000", "incomeTaxExpense": "81000000", "interestAndDebtExpense": "None", "netIncomeFromContinuingOperations": "None", "comprehensiveIncomeNetOfTax": "None", "ebit": "330000000", "ebitda": "451000000", "netIncome": "152000000"}, {"fiscalDateEnding": "2016-01-31", "reportedCurrency": "USD", "grossProfit": "2003000000", "totalRevenue": "4395000000", "costOfRevenue": "2392000000", "costofGoodsAndServicesSold": "2392000000", "operatingIncome": "1078000000", "sellingGeneralAndAdministrative": "925000000", "researchAndDevelopment": "None", "operatingExpenses": "925000000", "investmentIncomeNet": "None", "netInterestIncome": "None", "interestIncome": "None", "interestExpense": "97000000", "nonInterestIncome": "None", "otherNonOperatingIncome": "None", "depreciation": "None", "depreciationAndAmortization": "122000000", "incomeBeforeTax": "982000000", "incomeTaxExpense": "346000000", "interestAndDebtExpense": "None", "netIncomeFromContinuingOperations": "None", "comprehensiveIncomeNetOfTax": "None", "ebit": "1078000000", "ebitda": "1200000000", "netIncome": "636000000"}, {"fiscalDateEnding": "2015-10-31", "reportedCurrency": "USD", "grossProfit": "1031000000", "totalRevenue": "2482000000", "costOfRevenue": "1451000000", "costofGoodsAndServicesSold": "1451000000", "operatingIncome": "339000000", "sellingGeneralAndAdministrative": "692000000", "researchAndDevelopment": "None", "operatingExpenses": "692000000", "investmentIncomeNet": "None", "netInterestIncome": "None", "interestIncome": "None", "interestExpense": "79000000", "nonInterestIncome": "None", "otherNonOperatingIncome": "None", "depreciation": "None", "depreciationAndAmortization": "111000000", "incomeBeforeTax": "260000000", "incomeTaxExpense": "96000000", "interestAndDebtExpense": "None", "netIncomeFromContinuingOperations": "None", "comprehensiveIncomeNetOfTax": "None", "ebit": "339000000", "ebitda": "450000000", "netIncome": "164000000"}, {"fiscalDateEnding": "2015-07-31", "reportedCurrency": "USD", "grossProfit": "1114000000", "totalRevenue": "2765000000", "costOfRevenue": "1651000000", "costofGoodsAndServicesSold": "1651000000", "operatingIncome": "403000000", "sellingGeneralAndAdministrative": "711000000", "researchAndDevelopment": "None", "operatingExpenses": "711000000", "investmentIncomeNet": "None", "netInterestIncome": "None", "interestIncome": "None", "interestExpense": "78000000", "nonInterestIncome": "None", "otherNonOperatingIncome": "None", "depreciation": "None", "depreciationAndAmortization": "113000000", "incomeBeforeTax": "323000000", "incomeTaxExpense": "121000000", "interestAndDebtExpense": "None", "netIncomeFromContinuingOperations": "None", "comprehensiveIncomeNetOfTax": "None", "ebit": "401000000", "ebitda": "514000000", "netIncome": "202000000"}, {"fiscalDateEnding": "2015-04-30", "reportedCurrency": "USD", "grossProfit": "1056000000", "totalRevenue": "2512000000", "costOfRevenue": "1456000000", "costofGoodsAndServicesSold": "1456000000", "operatingIncome": "372000000", "sellingGeneralAndAdministrative": "684000000", "researchAndDevelopment": "None", "operatingExpenses": "684000000", "investmentIncomeNet": "None", "netInterestIncome": "None", "interestIncome": "None", "interestExpense": "80000000", "nonInterestIncome": "None", "otherNonOperatingIncome": "None", "depreciation": "None", "depreciationAndAmortization": "111000000", "incomeBeforeTax": "369000000", "incomeTaxExpense": "119000000", "interestAndDebtExpense": "None", "netIncomeFromContinuingOperations": "None", "comprehensiveIncomeNetOfTax": "None", "ebit": "449000000", "ebitda": "560000000", "netIncome": "250000000"}, {"fiscalDateEnding": "2015-01-31", "reportedCurrency": "USD", "grossProfit": "1835000000", "totalRevenue": "4069000000", "costOfRevenue": "2234000000", "costofGoodsAndServicesSold": "2234000000", "operatingIncome": "957000000", "sellingGeneralAndAdministrative": "878000000", "researchAndDevelopment": "None", "operatingExpenses": "878000000", "investmentIncomeNet": "None", "netInterestIncome": "None", "interestIncome": "None", "interestExpense": "78000000", "nonInterestIncome": "None", "otherNonOperatingIncome": "None", "depreciation": "None", "depreciationAndAmortization": "111000000", "incomeBeforeTax": "880000000", "incomeTaxExpense": "315000000", "interestAndDebtExpense": "None", "netIncomeFromContinuingOperations": "None", "comprehensiveIncomeNetOfTax": "None", "ebit": "957000000", "ebitda": "1068000000", "netIncome": "565000000"}, {"fiscalDateEnding": "2014-10-31", "reportedCurrency": "USD", "grossProfit": "947000000", "totalRevenue": "2319000000", "costOfRevenue": "1372000000", "costofGoodsAndServicesSold": "1372000000", "operatingIncome": "284000000", "sellingGeneralAndAdministrative": "663000000", "researchAndDevelopment": "None", "operatingExpenses": "663000000", "investmentIncomeNet": "None", "netInterestIncome": "None", "interestIncome": "None", "interestExpense": "80000000", "nonInterestIncome": "None", "otherNonOperatingIncome": "None", "depreciation": "None", "depreciationAndAmortization": "108000000", "incomeBeforeTax": "205000000", "incomeTaxExpense": "73000000", "interestAndDebtExpense": "None", "netIncomeFromContinuingOperations": "None", "comprehensiveIncomeNetOfTax": "None", "ebit": "284000000", "ebitda": "392000000", "netIncome": "132000000"}, {"fiscalDateEnding": "2014-07-31", "reportedCurrency": "USD", "grossProfit": "1044000000", "totalRevenue": "2675000000", "costOfRevenue": "1631000000", "costofGoodsAndServicesSold": "1631000000", "operatingIncome": "376000000", "sellingGeneralAndAdministrative": "668000000", "researchAndDevelopment": "None", "operatingExpenses": "668000000", "investmentIncomeNet": "None", "netInterestIncome": "None", "interestIncome": "None", "interestExpense": "82000000", "nonInterestIncome": "None", "otherNonOperatingIncome": "None", "depreciation": "None", "depreciationAndAmortization": "109000000", "incomeBeforeTax": "296000000", "incomeTaxExpense": "108000000", "interestAndDebtExpense": "None", "netIncomeFromContinuingOperations": "None", "comprehensiveIncomeNetOfTax": "None", "ebit": "376000000", "ebitda": "485000000", "netIncome": "188000000"}, {"fiscalDateEnding": "2014-04-30", "reportedCurrency": "USD", "grossProfit": "982000000", "totalRevenue": "2391000000", "costOfRevenue": "1409000000", "costofGoodsAndServicesSold": "1409000000", "operatingIncome": "336000000", "sellingGeneralAndAdministrative": "646000000", "researchAndDevelopment": "None", "operatingExpenses": "646000000", "investmentIncomeNet": "None", "netInterestIncome": "None", "interestIncome": "None", "interestExpense": "84000000", "nonInterestIncome": "None", "otherNonOperatingIncome": "None", "depreciation": "None", "depreciationAndAmortization": "110000000", "incomeBeforeTax": "255000000", "incomeTaxExpense": "98000000", "interestAndDebtExpense": "None", "netIncomeFromContinuingOperations": "None", "comprehensiveIncomeNetOfTax": "None", "ebit": "339000000", "ebitda": "449000000", "netIncome": "157000000"}, {"fiscalDateEnding": "2014-01-31", "reportedCurrency": "USD", "grossProfit": "1642000000", "totalRevenue": "3818000000", "costOfRevenue": "2176000000", "costofGoodsAndServicesSold": "2176000000", "operatingIncome": "863000000", "sellingGeneralAndAdministrative": "779000000", "researchAndDevelopment": "None", "operatingExpenses": "779000000", "investmentIncomeNet": "None", "netInterestIncome": "None", "interestIncome": "None", "interestExpense": "82000000", "nonInterestIncome": "None", "otherNonOperatingIncome": "None", "depreciation": "None", "depreciationAndAmortization": "108000000", "incomeBeforeTax": "787000000", "incomeTaxExpense": "297000000", "interestAndDebtExpense": "None", "netIncomeFromContinuingOperations": "None", "comprehensiveIncomeNetOfTax": "None", "ebit": "869000000", "ebitda": "977000000", "netIncome": "490000000"}, {"fiscalDateEnding": "2013-10-31", "reportedCurrency": "USD", "grossProfit": "857000000", "totalRevenue": "2171000000", "costOfRevenue": "1314000000", "costofGoodsAndServicesSold": "1314000000", "operatingIncome": "211000000", "sellingGeneralAndAdministrative": "646000000", "researchAndDevelopment": "None", "operatingExpenses": "646000000", "investmentIncomeNet": "None", "netInterestIncome": "None", "interestIncome": "None", "interestExpense": "76000000", "nonInterestIncome": "None", "otherNonOperatingIncome": "None", "depreciation": "None", "depreciationAndAmortization": "97000000", "incomeBeforeTax": "142000000", "incomeTaxExpense": "50000000", "interestAndDebtExpense": "None", "netIncomeFromContinuingOperations": "None", "comprehensiveIncomeNetOfTax": "None", "ebit": "218000000", "ebitda": "315000000", "netIncome": "92000000"}, {"fiscalDateEnding": "2013-07-31", "reportedCurrency": "USD", "grossProfit": "989000000", "totalRevenue": "2516000000", "costOfRevenue": "1527000000", "costofGoodsAndServicesSold": "1527000000", "operatingIncome": "358000000", "sellingGeneralAndAdministrative": "631000000", "researchAndDevelopment": "None", "operatingExpenses": "631000000", "investmentIncomeNet": "None", "netInterestIncome": "None", "interestIncome": "None", "interestExpense": "77000000", "nonInterestIncome": "None", "otherNonOperatingIncome": "None", "depreciation": "None", "depreciationAndAmortization": "102000000", "incomeBeforeTax": "282000000", "incomeTaxExpense": "104000000", "interestAndDebtExpense": "None", "netIncomeFromContinuingOperations": "None", "comprehensiveIncomeNetOfTax": "None", "ebit": "359000000", "ebitda": "461000000", "netIncome": "178000000"}, {"fiscalDateEnding": "2013-04-30", "reportedCurrency": "USD", "grossProfit": "941000000", "totalRevenue": "2268000000", "costOfRevenue": "1327000000", "costofGoodsAndServicesSold": "1327000000", "operatingIncome": "311000000", "sellingGeneralAndAdministrative": "630000000", "researchAndDevelopment": "None", "operatingExpenses": "630000000", "investmentIncomeNet": "None", "netInterestIncome": "None", "interestIncome": "None", "interestExpense": "79000000", "nonInterestIncome": "None", "otherNonOperatingIncome": "None", "depreciation": "None", "depreciationAndAmortization": "100000000", "incomeBeforeTax": "235000000", "incomeTaxExpense": "92000000", "interestAndDebtExpense": "None", "netIncomeFromContinuingOperations": "None", "comprehensiveIncomeNetOfTax": "None", "ebit": "314000000", "ebitda": "414000000", "netIncome": "143000000"}, {"fiscalDateEnding": "2013-01-31", "reportedCurrency": "USD", "grossProfit": "1717000000", "totalRevenue": "3856000000", "costOfRevenue": "2139000000", "costofGoodsAndServicesSold": "2139000000", "operatingIncome": "788000000", "sellingGeneralAndAdministrative": "835327000", "researchAndDevelopment": "None", "operatingExpenses": "929000000", "investmentIncomeNet": "None", "netInterestIncome": "None", "interestIncome": "None", "interestExpense": "82000000", "nonInterestIncome": "None", "otherNonOperatingIncome": "None", "depreciation": "None", "depreciationAndAmortization": "102000000", "incomeBeforeTax": "711000000", "incomeTaxExpense": "300000000", "interestAndDebtExpense": "None", "netIncomeFromContinuingOperations": "None", "comprehensiveIncomeNetOfTax": "None", "ebit": "793000000", "ebitda": "895000000", "netIncome": "411000000"}, {"fiscalDateEnding": "2012-10-31", "reportedCurrency": "USD", "grossProfit": "825000000", "totalRevenue": "2050000000", "costOfRevenue": "1225000000", "costofGoodsAndServicesSold": "1225000000", "operatingIncome": "187000000", "sellingGeneralAndAdministrative": "638000000", "researchAndDevelopment": "None", "operatingExpenses": "638000000", "investmentIncomeNet": "None", "netInterestIncome": "None", "interestIncome": "None", "interestExpense": "77000000", "nonInterestIncome": "None", "otherNonOperatingIncome": "None", "depreciation": "None", "depreciationAndAmortization": "96000000", "incomeBeforeTax": "128000000", "incomeTaxExpense": "54000000", "interestAndDebtExpense": "None", "netIncomeFromContinuingOperations": "None", "comprehensiveIncomeNetOfTax": "None", "ebit": "205000000", "ebitda": "301000000", "netIncome": "74000000"}, {"fiscalDateEnding": "2012-07-31", "reportedCurrency": "USD", "grossProfit": "942000000", "totalRevenue": "2399000000", "costOfRevenue": "1457000000", "costofGoodsAndServicesSold": "1457000000", "operatingIncome": "305000000", "sellingGeneralAndAdministrative": "637000000", "researchAndDevelopment": "None", "operatingExpenses": "637000000", "investmentIncomeNet": "None", "netInterestIncome": "None", "interestIncome": "None", "interestExpense": "79000000", "nonInterestIncome": "None", "otherNonOperatingIncome": "None", "depreciation": "None", "depreciationAndAmortization": "96000000", "incomeBeforeTax": "229000000", "incomeTaxExpense": "86000000", "interestAndDebtExpense": "None", "netIncomeFromContinuingOperations": "None", "comprehensiveIncomeNetOfTax": "None", "ebit": "308000000", "ebitda": "404000000", "netIncome": "143000000"}, {"fiscalDateEnding": "2012-04-30", "reportedCurrency": "USD", "grossProfit": "902000000", "totalRevenue": "2154000000", "costOfRevenue": "1252000000", "costofGoodsAndServicesSold": "1252000000", "operatingIncome": "293000000", "sellingGeneralAndAdministrative": "609000000", "researchAndDevelopment": "None", "operatingExpenses": "609000000", "investmentIncomeNet": "None", "netInterestIncome": "None", "interestIncome": "None", "interestExpense": "78000000", "nonInterestIncome": "None", "otherNonOperatingIncome": "None", "depreciation": "None", "depreciationAndAmortization": "95000000", "incomeBeforeTax": "213000000", "incomeTaxExpense": "88000000", "interestAndDebtExpense": "None", "netIncomeFromContinuingOperations": "None", "comprehensiveIncomeNetOfTax": "None", "ebit": "291000000", "ebitda": "386000000", "netIncome": "125000000"}, {"fiscalDateEnding": "2012-01-31", "reportedCurrency": "USD", "grossProfit": "1527000000", "totalRevenue": "3515000000", "costOfRevenue": "1988000000", "costofGoodsAndServicesSold": "1988000000", "operatingIncome": "641000000", "sellingGeneralAndAdministrative": "None", "researchAndDevelopment": "None", "operatingExpenses": "886000000", "investmentIncomeNet": "None", "netInterestIncome": "None", "interestIncome": "None", "interestExpense": "63000000", "nonInterestIncome": "None", "otherNonOperatingIncome": "None", "depreciation": "None", "depreciationAndAmortization": "101000000", "incomeBeforeTax": "580000000", "incomeTaxExpense": "221000000", "interestAndDebtExpense": "None", "netIncomeFromContinuingOperations": "None", "comprehensiveIncomeNetOfTax": "None", "ebit": "643000000", "ebitda": "744000000", "netIncome": "359000000"}, {"fiscalDateEnding": "2011-10-31", "reportedCurrency": "USD", "grossProfit": "785000000", "totalRevenue": "2174000000", "costOfRevenue": "1389000000", "costofGoodsAndServicesSold": "1389000000", "operatingIncome": "186000000", "sellingGeneralAndAdministrative": "599000000", "researchAndDevelopment": "None", "operatingExpenses": "599000000", "investmentIncomeNet": "None", "netInterestIncome": "None", "interestIncome": "None", "interestExpense": "64000000", "nonInterestIncome": "None", "otherNonOperatingIncome": "None", "depreciation": "None", "depreciationAndAmortization": "94000000", "incomeBeforeTax": "122000000", "incomeTaxExpense": "28000000", "interestAndDebtExpense": "None", "netIncomeFromContinuingOperations": "None", "comprehensiveIncomeNetOfTax": "None", "ebit": "186000000", "ebitda": "280000000", "netIncome": "94000000"}, {"fiscalDateEnding": "2011-07-31", "reportedCurrency": "USD", "grossProfit": "902000000", "totalRevenue": "2458000000", "costOfRevenue": "1556000000", "costofGoodsAndServicesSold": "1556000000", "operatingIncome": "194000000", "sellingGeneralAndAdministrative": "708000000", "researchAndDevelopment": "None", "operatingExpenses": "708000000", "investmentIncomeNet": "None", "netInterestIncome": "None", "interestIncome": "None", "interestExpense": "64000000", "nonInterestIncome": "None", "otherNonOperatingIncome": "None", "depreciation": "None", "depreciationAndAmortization": "98000000", "incomeBeforeTax": "276000000", "incomeTaxExpense": "45000000", "interestAndDebtExpense": "None", "netIncomeFromContinuingOperations": "None", "comprehensiveIncomeNetOfTax": "None", "ebit": "340000000", "ebitda": "438000000", "netIncome": "231000000"}, {"fiscalDateEnding": "2011-04-30", "reportedCurrency": "USD", "grossProfit": "842000000", "totalRevenue": "2217000000", "costOfRevenue": "1375000000", "costofGoodsAndServicesSold": "1375000000", "operatingIncome": "217000000", "sellingGeneralAndAdministrative": "625000000", "researchAndDevelopment": "None", "operatingExpenses": "625000000", "investmentIncomeNet": "None", "netInterestIncome": "None", "interestIncome": "None", "interestExpense": "55000000", "nonInterestIncome": "None", "otherNonOperatingIncome": "None", "depreciation": "None", "depreciationAndAmortization": "98000000", "incomeBeforeTax": "249000000", "incomeTaxExpense": "84000000", "interestAndDebtExpense": "None", "netIncomeFromContinuingOperations": "None", "comprehensiveIncomeNetOfTax": "None", "ebit": "304000000", "ebitda": "402000000", "netIncome": "165000000"}, {"fiscalDateEnding": "2011-01-31", "reportedCurrency": "USD", "grossProfit": "1445000000", "totalRevenue": "3456000000", "costOfRevenue": "2011000000", "costofGoodsAndServicesSold": "2011000000", "operatingIncome": "714000000", "sellingGeneralAndAdministrative": "None", "researchAndDevelopment": "None", "operatingExpenses": "725000000", "investmentIncomeNet": "None", "netInterestIncome": "None", "interestIncome": "None", "interestExpense": "48000000", "nonInterestIncome": "None", "otherNonOperatingIncome": "None", "depreciation": "None", "depreciationAndAmortization": "103000000", "incomeBeforeTax": "719000000", "incomeTaxExpense": "266000000", "interestAndDebtExpense": "None", "netIncomeFromContinuingOperations": "None", "comprehensiveIncomeNetOfTax": "None", "ebit": "767000000", "ebitda": "870000000", "netIncome": "453000000"}, {"fiscalDateEnding": "2010-10-31", "reportedCurrency": "USD", "grossProfit": "714000000", "totalRevenue": "1983000000", "costOfRevenue": "1269000000", "costofGoodsAndServicesSold": "1269000000", "operatingIncome": "149000000", "sellingGeneralAndAdministrative": "None", "researchAndDevelopment": "None", "operatingExpenses": "565000000", "investmentIncomeNet": "None", "netInterestIncome": "None", "interestIncome": "None", "interestExpense": "48000000", "nonInterestIncome": "None", "otherNonOperatingIncome": "None", "depreciation": "None", "depreciationAndAmortization": "97000000", "incomeBeforeTax": "101000000", "incomeTaxExpense": "40000000", "interestAndDebtExpense": "None", "netIncomeFromContinuingOperations": "None", "comprehensiveIncomeNetOfTax": "None", "ebit": "149000000", "ebitda": "246000000", "netIncome": "61000000"}, {"fiscalDateEnding": "2010-07-31", "reportedCurrency": "USD", "grossProfit": "778000000", "totalRevenue": "2242000000", "costOfRevenue": "1464000000", "costofGoodsAndServicesSold": "1464000000", "operatingIncome": "236000000", "sellingGeneralAndAdministrative": "542000000", "researchAndDevelopment": "None", "operatingExpenses": "542000000", "investmentIncomeNet": "None", "netInterestIncome": "None", "interestIncome": "None", "interestExpense": "51000000", "nonInterestIncome": "None", "otherNonOperatingIncome": "None", "depreciation": "None", "depreciationAndAmortization": "97000000", "incomeBeforeTax": "244000000", "incomeTaxExpense": "66000000", "interestAndDebtExpense": "None", "netIncomeFromContinuingOperations": "None", "comprehensiveIncomeNetOfTax": "None", "ebit": "295000000", "ebitda": "392000000", "netIncome": "178000000"}, {"fiscalDateEnding": "2010-04-30", "reportedCurrency": "USD", "grossProfit": "694000000", "totalRevenue": "1932000000", "costOfRevenue": "1238000000", "costofGoodsAndServicesSold": "1238000000", "operatingIncome": "185000000", "sellingGeneralAndAdministrative": "509000000", "researchAndDevelopment": "None", "operatingExpenses": "509000000", "investmentIncomeNet": "None", "netInterestIncome": "None", "interestIncome": "None", "interestExpense": "61000000", "nonInterestIncome": "None", "otherNonOperatingIncome": "None", "depreciation": "None", "depreciationAndAmortization": "97000000", "incomeBeforeTax": "187000000", "incomeTaxExpense": "74000000", "interestAndDebtExpense": "None", "netIncomeFromContinuingOperations": "None", "comprehensiveIncomeNetOfTax": "None", "ebit": "248000000", "ebitda": "345000000", "netIncome": "113000000"}, {"fiscalDateEnding": "2010-01-31", "reportedCurrency": "USD", "grossProfit": "1249000000", "totalRevenue": "3063000000", "costOfRevenue": "1814000000", "costofGoodsAndServicesSold": "1814000000", "operatingIncome": "586000000", "sellingGeneralAndAdministrative": "None", "researchAndDevelopment": "None", "operatingExpenses": "660000000", "investmentIncomeNet": "None", "netInterestIncome": "None", "interestIncome": "None", "interestExpense": "61000000", "nonInterestIncome": "None", "otherNonOperatingIncome": "None", "depreciation": "None", "depreciationAndAmortization": "105000000", "incomeBeforeTax": "536000000", "incomeTaxExpense": "180000000", "interestAndDebtExpense": "None", "netIncomeFromContinuingOperations": "None", "comprehensiveIncomeNetOfTax": "None", "ebit": "597000000", "ebitda": "702000000", "netIncome": "356000000"}, {"fiscalDateEnding": "2009-10-31", "reportedCurrency": "USD", "grossProfit": "563000000", "totalRevenue": "1777000000", "costOfRevenue": "1214000000", "costofGoodsAndServicesSold": "1214000000", "operatingIncome": "59000000", "sellingGeneralAndAdministrative": "504000000", "researchAndDevelopment": "None", "operatingExpenses": "504000000", "investmentIncomeNet": "None", "netInterestIncome": "None", "interestIncome": "None", "interestExpense": "56000000", "nonInterestIncome": "None", "otherNonOperatingIncome": "None", "depreciation": "None", "depreciationAndAmortization": "97000000", "incomeBeforeTax": "12000000", "incomeTaxExpense": "-3000000", "interestAndDebtExpense": "None", "netIncomeFromContinuingOperations": "None", "comprehensiveIncomeNetOfTax": "None", "ebit": "68000000", "ebitda": "165000000", "netIncome": "15000000"}, {"fiscalDateEnding": "2009-07-31", "reportedCurrency": "USD", "grossProfit": "668000000", "totalRevenue": "2067000000", "costOfRevenue": "1399000000", "costofGoodsAndServicesSold": "1399000000", "operatingIncome": "158000000", "sellingGeneralAndAdministrative": "519000000", "researchAndDevelopment": "None", "operatingExpenses": "510000000", "investmentIncomeNet": "None", "netInterestIncome": "None", "interestIncome": "None", "interestExpense": "58000000", "nonInterestIncome": "None", "otherNonOperatingIncome": "None", "depreciation": "None", "depreciationAndAmortization": "97000000", "incomeBeforeTax": "99000000", "incomeTaxExpense": "25000000", "interestAndDebtExpense": "None", "netIncomeFromContinuingOperations": "None", "comprehensiveIncomeNetOfTax": "None", "ebit": "157000000", "ebitda": "254000000", "netIncome": "74000000"}, {"fiscalDateEnding": "2009-04-30", "reportedCurrency": "USD", "grossProfit": "548000000", "totalRevenue": "1725000000", "costOfRevenue": "1177000000", "costofGoodsAndServicesSold": "1177000000", "operatingIncome": "65000000", "sellingGeneralAndAdministrative": "483000000", "researchAndDevelopment": "None", "operatingExpenses": "483000000", "investmentIncomeNet": "None", "netInterestIncome": "None", "interestIncome": "None", "interestExpense": "62000000", "nonInterestIncome": "None", "otherNonOperatingIncome": "None", "depreciation": "None", "depreciationAndAmortization": "94000000", "incomeBeforeTax": "3000000", "incomeTaxExpense": "62000000", "interestAndDebtExpense": "None", "netIncomeFromContinuingOperations": "None", "comprehensiveIncomeNetOfTax": "None", "ebit": "65000000", "ebitda": "159000000", "netIncome": "3000000"}, {"fiscalDateEnding": "2009-01-31", "reportedCurrency": "USD", "grossProfit": "1024000000", "totalRevenue": "2991000000", "costOfRevenue": "1967000000", "costofGoodsAndServicesSold": "1967000000", "operatingIncome": "153000000", "sellingGeneralAndAdministrative": "None", "researchAndDevelopment": "None", "operatingExpenses": "656000000", "investmentIncomeNet": "None", "netInterestIncome": "None", "interestIncome": "None", "interestExpense": "None", "nonInterestIncome": "None", "otherNonOperatingIncome": "None", "depreciation": "None", "depreciationAndAmortization": "93000000", "incomeBeforeTax": "110000000", "incomeTaxExpense": "94000000", "interestAndDebtExpense": "None", "netIncomeFromContinuingOperations": "None", "comprehensiveIncomeNetOfTax": "None", "ebit": "44000000", "ebitda": "137000000", "netIncome": "16000000"}, {"fiscalDateEnding": "2008-10-31", "reportedCurrency": "USD", "grossProfit": "580000000", "totalRevenue": "1843000000", "costOfRevenue": "1263000000", "costofGoodsAndServicesSold": "1263000000", "operatingIncome": "41000000", "sellingGeneralAndAdministrative": "None", "researchAndDevelopment": "None", "operatingExpenses": "539000000", "investmentIncomeNet": "None", "netInterestIncome": "None", "interestIncome": "None", "interestExpense": "None", "nonInterestIncome": "None", "otherNonOperatingIncome": "None", "depreciation": "None", "depreciationAndAmortization": "66000000", "incomeBeforeTax": "3000000", "incomeTaxExpense": "-1000000", "interestAndDebtExpense": "None", "netIncomeFromContinuingOperations": "None", "comprehensiveIncomeNetOfTax": "None", "ebit": "41000000", "ebitda": "107000000", "netIncome": "4000000"}, {"fiscalDateEnding": "2008-07-31", "reportedCurrency": "USD", "grossProfit": "761000000", "totalRevenue": "2284000000", "costOfRevenue": "1523000000", "costofGoodsAndServicesSold": "1523000000", "operatingIncome": "186000000", "sellingGeneralAndAdministrative": "575000000", "researchAndDevelopment": "None", "operatingExpenses": "575000000", "investmentIncomeNet": "None", "netInterestIncome": "None", "interestIncome": "None", "interestExpense": "47000000", "nonInterestIncome": "None", "otherNonOperatingIncome": "None", "depreciation": "None", "depreciationAndAmortization": "92000000", "incomeBeforeTax": "161000000", "incomeTaxExpense": "62000000", "interestAndDebtExpense": "None", "netIncomeFromContinuingOperations": "None", "comprehensiveIncomeNetOfTax": "None", "ebit": "208000000", "ebitda": "300000000", "netIncome": "102000000"}, {"fiscalDateEnding": "2008-04-30", "reportedCurrency": "USD", "grossProfit": "641000000", "totalRevenue": "1925000000", "costOfRevenue": "1284000000", "costofGoodsAndServicesSold": "1284000000", "operatingIncome": "209000000", "sellingGeneralAndAdministrative": "541000000", "researchAndDevelopment": "None", "operatingExpenses": "432000000", "investmentIncomeNet": "None", "netInterestIncome": "None", "interestIncome": "None", "interestExpense": "45000000", "nonInterestIncome": "None", "otherNonOperatingIncome": "None", "depreciation": "None", "depreciationAndAmortization": "92000000", "incomeBeforeTax": "175000000", "incomeTaxExpense": "78000000", "interestAndDebtExpense": "None", "netIncomeFromContinuingOperations": "None", "comprehensiveIncomeNetOfTax": "None", "ebit": "220000000", "ebitda": "312000000", "netIncome": "98000000"}, {"fiscalDateEnding": "2008-01-31", "reportedCurrency": "USD", "grossProfit": "1304000000", "totalRevenue": "3276000000", "costOfRevenue": "1972000000", "costofGoodsAndServicesSold": "1972000000", "operatingIncome": "621000000", "sellingGeneralAndAdministrative": "9627000000", "researchAndDevelopment": "None", "operatingExpenses": "683000000", "investmentIncomeNet": "None", "netInterestIncome": "None", "interestIncome": "None", "interestExpense": "None", "nonInterestIncome": "None", "otherNonOperatingIncome": "None", "depreciation": "None", "depreciationAndAmortization": "88000000", "incomeBeforeTax": "591000000", "incomeTaxExpense": "202000000", "interestAndDebtExpense": "None", "netIncomeFromContinuingOperations": "None", "comprehensiveIncomeNetOfTax": "None", "ebit": "621000000", "ebitda": "709000000", "netIncome": "389000000"}, {"fiscalDateEnding": "2007-10-31", "reportedCurrency": "USD", "grossProfit": "614000000", "totalRevenue": "1923000000", "costOfRevenue": "1309000000", "costofGoodsAndServicesSold": "1309000000", "operatingIncome": "62000000", "sellingGeneralAndAdministrative": "552000", "researchAndDevelopment": "None", "operatingExpenses": "552000000", "investmentIncomeNet": "None", "netInterestIncome": "None", "interestIncome": "None", "interestExpense": "47000", "nonInterestIncome": "None", "otherNonOperatingIncome": "None", "depreciation": "None", "depreciationAndAmortization": "81000000", "incomeBeforeTax": "23000000", "incomeTaxExpense": "11000000", "interestAndDebtExpense": "None", "netIncomeFromContinuingOperations": "None", "comprehensiveIncomeNetOfTax": "None", "ebit": "62000000", "ebitda": "143000000", "netIncome": "12000000"}, {"fiscalDateEnding": "2007-07-31", "reportedCurrency": "USD", "grossProfit": "821000000", "totalRevenue": "2624000000", "costOfRevenue": "1803000000", "costofGoodsAndServicesSold": "1803000000", "operatingIncome": "319000000", "sellingGeneralAndAdministrative": "732000", "researchAndDevelopment": "None", "operatingExpenses": "732000000", "investmentIncomeNet": "None", "netInterestIncome": "None", "interestIncome": "None", "interestExpense": "31000", "nonInterestIncome": "None", "otherNonOperatingIncome": "None", "depreciation": "None", "depreciationAndAmortization": "88000000", "incomeBeforeTax": "423000000", "incomeTaxExpense": "159000000", "interestAndDebtExpense": "None", "netIncomeFromContinuingOperations": "None", "comprehensiveIncomeNetOfTax": "None", "ebit": "89000000", "ebitda": "177000000", "netIncome": "264000000"}, {"fiscalDateEnding": "2007-04-30", "reportedCurrency": "USD", "grossProfit": "803000000", "totalRevenue": "2311000000", "costOfRevenue": "1508000000", "costofGoodsAndServicesSold": "1508000000", "operatingIncome": "108000000", "sellingGeneralAndAdministrative": "695000", "researchAndDevelopment": "None", "operatingExpenses": "695000000", "investmentIncomeNet": "None", "netInterestIncome": "None", "interestIncome": "None", "interestExpense": "25000", "nonInterestIncome": "None", "otherNonOperatingIncome": "None", "depreciation": "None", "depreciationAndAmortization": "95000000", "incomeBeforeTax": "92000000", "incomeTaxExpense": "39000000", "interestAndDebtExpense": "None", "netIncomeFromContinuingOperations": "None", "comprehensiveIncomeNetOfTax": "None", "ebit": "108000000", "ebitda": "203000000", "netIncome": "53000000"}, {"fiscalDateEnding": "2007-01-31", "reportedCurrency": "USD", "grossProfit": "1612000000", "totalRevenue": "4025000000", "costOfRevenue": "2413000000", "costofGoodsAndServicesSold": "2413000000", "operatingIncome": "727000000", "sellingGeneralAndAdministrative": "2367000", "researchAndDevelopment": "None", "operatingExpenses": "885000000", "investmentIncomeNet": "None", "netInterestIncome": "None", "interestIncome": "None", "interestExpense": "None", "nonInterestIncome": "None", "otherNonOperatingIncome": "None", "depreciation": "None", "depreciationAndAmortization": "86000000", "incomeBeforeTax": "706000000", "incomeTaxExpense": "266000000", "interestAndDebtExpense": "None", "netIncomeFromContinuingOperations": "None", "comprehensiveIncomeNetOfTax": "None", "ebit": "727000000", "ebitda": "813000000", "netIncome": "440000000"}, {"fiscalDateEnding": "2006-10-31", "reportedCurrency": "USD", "grossProfit": "759000000", "totalRevenue": "2115000000", "costOfRevenue": "1356000000", "costofGoodsAndServicesSold": "1356000000", "operatingIncome": "67000000", "sellingGeneralAndAdministrative": "692000", "researchAndDevelopment": "None", "operatingExpenses": "692000000", "investmentIncomeNet": "None", "netInterestIncome": "None", "interestIncome": "None", "interestExpense": "26000", "nonInterestIncome": "None", "otherNonOperatingIncome": "None", "depreciation": "None", "depreciationAndAmortization": "78000000", "incomeBeforeTax": "42000000", "incomeTaxExpense": "18000000", "interestAndDebtExpense": "None", "netIncomeFromContinuingOperations": "None", "comprehensiveIncomeNetOfTax": "None", "ebit": "67000000", "ebitda": "145000000", "netIncome": "24000000"}, {"fiscalDateEnding": "2006-07-31", "reportedCurrency": "USD", "grossProfit": "853000000", "totalRevenue": "2454000000", "costOfRevenue": "1601000000", "costofGoodsAndServicesSold": "1601000000", "operatingIncome": "197000000", "sellingGeneralAndAdministrative": "656000", "researchAndDevelopment": "None", "operatingExpenses": "656000000", "investmentIncomeNet": "None", "netInterestIncome": "None", "interestIncome": "None", "interestExpense": "24000", "nonInterestIncome": "None", "otherNonOperatingIncome": "None", "depreciation": "None", "depreciationAndAmortization": "78000000", "incomeBeforeTax": "180000000", "incomeTaxExpense": "67000000", "interestAndDebtExpense": "None", "netIncomeFromContinuingOperations": "None", "comprehensiveIncomeNetOfTax": "None", "ebit": "197000000", "ebitda": "275000000", "netIncome": "113000000"}, {"fiscalDateEnding": "2006-04-30", "reportedCurrency": "USD", "grossProfit": "789000000", "totalRevenue": "2077000000", "costOfRevenue": "1288000000", "costofGoodsAndServicesSold": "1288000000", "operatingIncome": "186000000", "sellingGeneralAndAdministrative": "602829000", "researchAndDevelopment": "None", "operatingExpenses": "603000000", "investmentIncomeNet": "None", "netInterestIncome": "None", "interestIncome": "None", "interestExpense": "24018000", "nonInterestIncome": "None", "otherNonOperatingIncome": "None", "depreciation": "None", "depreciationAndAmortization": "74000000", "incomeBeforeTax": "170000000", "incomeTaxExpense": "71000000", "interestAndDebtExpense": "None", "netIncomeFromContinuingOperations": "None", "comprehensiveIncomeNetOfTax": "None", "ebit": "186000000", "ebitda": "260000000", "netIncome": "100000000"}, {"fiscalDateEnding": "2006-01-31", "reportedCurrency": "USD", "grossProfit": "1500637000", "totalRevenue": "3541616000", "costOfRevenue": "2040979000", "costofGoodsAndServicesSold": "2040979000", "operatingIncome": "731157000", "sellingGeneralAndAdministrative": "1216947000", "researchAndDevelopment": "None", "operatingExpenses": "769480000", "investmentIncomeNet": "None", "netInterestIncome": "None", "interestIncome": "None", "interestExpense": "44958000", "nonInterestIncome": "None", "otherNonOperatingIncome": "None", "depreciation": "None", "depreciationAndAmortization": "78125000", "incomeBeforeTax": "758086000", "incomeTaxExpense": "216000000", "interestAndDebtExpense": "None", "netIncomeFromContinuingOperations": "None", "comprehensiveIncomeNetOfTax": "None", "ebit": "731157000", "ebitda": "809282000", "netIncome": "559086000"}, {"fiscalDateEnding": "2005-10-31", "reportedCurrency": "USD", "grossProfit": "606000000", "totalRevenue": "1892000000", "costOfRevenue": "1286000000", "costofGoodsAndServicesSold": "1286000000", "operatingIncome": "20000000", "sellingGeneralAndAdministrative": "577758000", "researchAndDevelopment": "None", "operatingExpenses": "586000000", "investmentIncomeNet": "None", "netInterestIncome": "None", "interestIncome": "None", "interestExpense": "None", "nonInterestIncome": "None", "otherNonOperatingIncome": "None", "depreciation": "None", "depreciationAndAmortization": "70000000", "incomeBeforeTax": "-2000000", "incomeTaxExpense": "-1000000", "interestAndDebtExpense": "None", "netIncomeFromContinuingOperations": "None", "comprehensiveIncomeNetOfTax": "None", "ebit": "20000000", "ebitda": "90000000", "netIncome": "-1000000"}]}