{"symbol": "RSG", "annualReports": [{"fiscalDateEnding": "2024-12-31", "reportedCurrency": "USD", "grossProfit": "4898000000", "totalRevenue": "16032000000", "costOfRevenue": "11134000000", "costofGoodsAndServicesSold": "11134000000", "operatingIncome": "3224000000", "sellingGeneralAndAdministrative": "1647000000", "researchAndDevelopment": "None", "operatingExpenses": "1674000000", "investmentIncomeNet": "None", "netInterestIncome": "-530000000", "interestIncome": "9000000", "interestExpense": "550000000", "nonInterestIncome": "None", "otherNonOperatingIncome": "None", "depreciation": "None", "depreciationAndAmortization": "1784000000", "incomeBeforeTax": "2432000000", "incomeTaxExpense": "388000000", "interestAndDebtExpense": "None", "netIncomeFromContinuingOperations": "2044000000", "comprehensiveIncomeNetOfTax": "None", "ebit": "2982000000", "ebitda": "4766000000", "netIncome": "2043000000"}, {"fiscalDateEnding": "2023-12-31", "reportedCurrency": "USD", "grossProfit": "4423000000", "totalRevenue": "14964500000", "costOfRevenue": "10541500000", "costofGoodsAndServicesSold": "10541500000", "operatingIncome": "2843300000", "sellingGeneralAndAdministrative": "1522000000", "researchAndDevelopment": "None", "operatingExpenses": "1579700000", "investmentIncomeNet": "None", "netInterestIncome": "-485500000", "interestIncome": "6300000", "interestExpense": "529700000", "nonInterestIncome": "None", "otherNonOperatingIncome": "None", "depreciation": "None", "depreciationAndAmortization": "1599300000", "incomeBeforeTax": "2191500000", "incomeTaxExpense": "460100000", "interestAndDebtExpense": "None", "netIncomeFromContinuingOperations": "1638700000", "comprehensiveIncomeNetOfTax": "None", "ebit": "2721200000", "ebitda": "4320500000", "netIncome": "1731000000"}, {"fiscalDateEnding": "2022-12-31", "reportedCurrency": "USD", "grossProfit": "3865100000", "totalRevenue": "13511300000", "costOfRevenue": "9646200000", "costofGoodsAndServicesSold": "9646200000", "operatingIncome": "2412400000", "sellingGeneralAndAdministrative": "1335800000", "researchAndDevelopment": "None", "operatingExpenses": "1452700000", "investmentIncomeNet": "None", "netInterestIncome": "-392300000", "interestIncome": "557900000", "interestExpense": "386800000", "nonInterestIncome": "None", "otherNonOperatingIncome": "-164600000", "depreciation": "None", "depreciationAndAmortization": "1441200000", "incomeBeforeTax": "1831500000", "incomeTaxExpense": "343900000", "interestAndDebtExpense": "None", "netIncomeFromContinuingOperations": "1487600000", "comprehensiveIncomeNetOfTax": "None", "ebit": "2218300000", "ebitda": "3659500000", "netIncome": "1487600000"}, {"fiscalDateEnding": "2021-12-31", "reportedCurrency": "USD", "grossProfit": "3289100000", "totalRevenue": "11295000000", "costOfRevenue": "8005900000", "costofGoodsAndServicesSold": "8005900000", "operatingIncome": "2093300000", "sellingGeneralAndAdministrative": "1175900000", "researchAndDevelopment": "None", "operatingExpenses": "1195800000", "investmentIncomeNet": "None", "netInterestIncome": "-312100000", "interestIncome": "2500000", "interestExpense": "303600000", "nonInterestIncome": "None", "otherNonOperatingIncome": "-186500000", "depreciation": "None", "depreciationAndAmortization": "1268200000", "incomeBeforeTax": "1575100000", "incomeTaxExpense": "282800000", "interestAndDebtExpense": "None", "netIncomeFromContinuingOperations": "1292300000", "comprehensiveIncomeNetOfTax": "None", "ebit": "1878700000", "ebitda": "3146900000", "netIncome": "1290400000"}, {"fiscalDateEnding": "2020-12-31", "reportedCurrency": "USD", "grossProfit": "4053100000", "totalRevenue": "10153600000", "costOfRevenue": "6100500000", "costofGoodsAndServicesSold": "6100500000", "operatingIncome": "1709100000", "sellingGeneralAndAdministrative": "1025200000", "researchAndDevelopment": "None", "operatingExpenses": "2344000000", "investmentIncomeNet": "None", "netInterestIncome": "-350400000", "interestIncome": "468600000", "interestExpense": "351600000", "nonInterestIncome": "None", "otherNonOperatingIncome": "-210800000", "depreciation": "None", "depreciationAndAmortization": "1158800000", "incomeBeforeTax": "1142700000", "incomeTaxExpense": "173100000", "interestAndDebtExpense": "None", "netIncomeFromContinuingOperations": "969600000", "comprehensiveIncomeNetOfTax": "None", "ebit": "1494300000", "ebitda": "2653100000", "netIncome": "967200000"}, {"fiscalDateEnding": "2019-12-31", "reportedCurrency": "USD", "grossProfit": "2910200000", "totalRevenue": "10299400000", "costOfRevenue": "7389200000", "costofGoodsAndServicesSold": "7389200000", "operatingIncome": "1834200000", "sellingGeneralAndAdministrative": "1042000000", "researchAndDevelopment": "None", "operatingExpenses": "1076000000", "investmentIncomeNet": "None", "netInterestIncome": "-385600000", "interestIncome": "6400000", "interestExpense": "390600000", "nonInterestIncome": "None", "otherNonOperatingIncome": "-99400000", "depreciation": "None", "depreciationAndAmortization": "1122400000", "incomeBeforeTax": "1295800000", "incomeTaxExpense": "222000000", "interestAndDebtExpense": "None", "netIncomeFromContinuingOperations": "1073800000", "comprehensiveIncomeNetOfTax": "None", "ebit": "1686400000", "ebitda": "2808800000", "netIncome": "1073300000"}, {"fiscalDateEnding": "2018-12-31", "reportedCurrency": "USD", "grossProfit": "2811400000", "totalRevenue": "10039800000", "costOfRevenue": "7228400000", "costofGoodsAndServicesSold": "7228400000", "operatingIncome": "1763900000", "sellingGeneralAndAdministrative": "1059500000", "researchAndDevelopment": "None", "operatingExpenses": "1047500000", "investmentIncomeNet": "None", "netInterestIncome": "-382200000", "interestIncome": "1600000", "interestExpense": "385400000", "nonInterestIncome": "None", "otherNonOperatingIncome": "-31100000", "depreciation": "None", "depreciationAndAmortization": "1114100000", "incomeBeforeTax": "1320900000", "incomeTaxExpense": "283300000", "interestAndDebtExpense": "None", "netIncomeFromContinuingOperations": "1037600000", "comprehensiveIncomeNetOfTax": "None", "ebit": "1706300000", "ebitda": "2820400000", "netIncome": "1036900000"}, {"fiscalDateEnding": "2017-12-31", "reportedCurrency": "USD", "grossProfit": "2716900000", "totalRevenue": "10044300000", "costOfRevenue": "7327400000", "costofGoodsAndServicesSold": "7327400000", "operatingIncome": "1658300000", "sellingGeneralAndAdministrative": "1026800000", "researchAndDevelopment": "0", "operatingExpenses": "1058599999", "investmentIncomeNet": "None", "netInterestIncome": "-324900000", "interestIncome": "1000000", "interestExpense": "364000000", "nonInterestIncome": "None", "otherNonOperatingIncome": "-24500000", "depreciation": "None", "depreciationAndAmortization": "1116100000", "incomeBeforeTax": "1282100000", "incomeTaxExpense": "3100000", "interestAndDebtExpense": "None", "netIncomeFromContinuingOperations": "1279000000", "comprehensiveIncomeNetOfTax": "None", "ebit": "1646100000", "ebitda": "2762200000", "netIncome": "1278400000"}, {"fiscalDateEnding": "2016-12-31", "reportedCurrency": "USD", "grossProfit": "2587600000", "totalRevenue": "9387700000", "costOfRevenue": "6800100000", "costofGoodsAndServicesSold": "6800100000", "operatingIncome": "1612200000", "sellingGeneralAndAdministrative": "949400000", "researchAndDevelopment": "0", "operatingExpenses": "2086200000", "investmentIncomeNet": "None", "netInterestIncome": "-324600000", "interestIncome": "900000", "interestExpense": "387400000", "nonInterestIncome": "None", "otherNonOperatingIncome": "-200300000", "depreciation": "None", "depreciationAndAmortization": "1070200000", "incomeBeforeTax": "965900000", "incomeTaxExpense": "352700000", "interestAndDebtExpense": "None", "netIncomeFromContinuingOperations": "613200000", "comprehensiveIncomeNetOfTax": "None", "ebit": "1353300000", "ebitda": "2423500000", "netIncome": "612600000"}, {"fiscalDateEnding": "2015-12-31", "reportedCurrency": "USD", "grossProfit": "2574900000", "totalRevenue": "9115000000", "costOfRevenue": "6540100000", "costofGoodsAndServicesSold": "6540100000", "operatingIncome": "1587300000", "sellingGeneralAndAdministrative": "960400000", "researchAndDevelopment": "0", "operatingExpenses": "987600000", "investmentIncomeNet": "None", "netInterestIncome": "None", "interestIncome": "317000000", "interestExpense": "369900000", "nonInterestIncome": "None", "otherNonOperatingIncome": "2000000", "depreciation": "None", "depreciationAndAmortization": "1050000000", "incomeBeforeTax": "1195900000", "incomeTaxExpense": "445500000", "interestAndDebtExpense": "None", "netIncomeFromContinuingOperations": "750400000", "comprehensiveIncomeNetOfTax": "None", "ebit": "1565800000", "ebitda": "2615800000", "netIncome": "749900000"}, {"fiscalDateEnding": "2014-12-31", "reportedCurrency": "USD", "grossProfit": "2161700000", "totalRevenue": "8788300000", "costOfRevenue": "6626600000", "costofGoodsAndServicesSold": "6626600000", "operatingIncome": "1241300000", "sellingGeneralAndAdministrative": "896300000", "researchAndDevelopment": "0", "operatingExpenses": "920400000", "investmentIncomeNet": "None", "netInterestIncome": "None", "interestIncome": "None", "interestExpense": "333100000", "nonInterestIncome": "None", "otherNonOperatingIncome": "900000", "depreciation": "None", "depreciationAndAmortization": "997800000", "incomeBeforeTax": "885300000", "incomeTaxExpense": "337400000", "interestAndDebtExpense": "None", "netIncomeFromContinuingOperations": "547900000", "comprehensiveIncomeNetOfTax": "None", "ebit": "1218400000", "ebitda": "2216200000", "netIncome": "547600000"}, {"fiscalDateEnding": "2013-12-31", "reportedCurrency": "USD", "grossProfit": "2211600000", "totalRevenue": "8417000000", "costOfRevenue": "6205400000", "costofGoodsAndServicesSold": "6205400000", "operatingIncome": "1200100000", "sellingGeneralAndAdministrative": "837700000", "researchAndDevelopment": "0", "operatingExpenses": "1972200000", "investmentIncomeNet": "None", "netInterestIncome": "None", "interestIncome": "None", "interestExpense": "345500000", "nonInterestIncome": "None", "otherNonOperatingIncome": "900000", "depreciation": "None", "depreciationAndAmortization": "967800000", "incomeBeforeTax": "851200000", "incomeTaxExpense": "262100000", "interestAndDebtExpense": "None", "netIncomeFromContinuingOperations": "589100000", "comprehensiveIncomeNetOfTax": "None", "ebit": "1196700000", "ebitda": "2164500000", "netIncome": "588900000"}, {"fiscalDateEnding": "2012-12-31", "reportedCurrency": "USD", "grossProfit": "2164100000", "totalRevenue": "8115000000", "costOfRevenue": "5950900000", "costofGoodsAndServicesSold": "5950900000", "operatingIncome": "1307400000", "sellingGeneralAndAdministrative": "791200000", "researchAndDevelopment": "0", "operatingExpenses": "856700000", "investmentIncomeNet": "None", "netInterestIncome": "None", "interestIncome": "None", "interestExpense": "373000000", "nonInterestIncome": "None", "otherNonOperatingIncome": "-108200000", "depreciation": "None", "depreciationAndAmortization": "942400000", "incomeBeforeTax": "823900000", "incomeTaxExpense": "251800000", "interestAndDebtExpense": "None", "netIncomeFromContinuingOperations": "572100000", "comprehensiveIncomeNetOfTax": "None", "ebit": "1196900000", "ebitda": "2139300000", "netIncome": "571800000"}, {"fiscalDateEnding": "2011-12-31", "reportedCurrency": "USD", "grossProfit": "2396300000", "totalRevenue": "8200700000", "costOfRevenue": "5804400000", "costofGoodsAndServicesSold": "5804400000", "operatingIncome": "1570900000", "sellingGeneralAndAdministrative": "825400000", "researchAndDevelopment": "0", "operatingExpenses": "825400000", "investmentIncomeNet": "None", "netInterestIncome": "None", "interestIncome": "None", "interestExpense": "428800000", "nonInterestIncome": "None", "otherNonOperatingIncome": "-210800000", "depreciation": "None", "depreciationAndAmortization": "938400000", "incomeBeforeTax": "906300000", "incomeTaxExpense": "317400000", "interestAndDebtExpense": "None", "netIncomeFromContinuingOperations": "1223700000", "comprehensiveIncomeNetOfTax": "None", "ebit": "1335100000", "ebitda": "2273500000", "netIncome": "589200000"}, {"fiscalDateEnding": "2010-12-31", "reportedCurrency": "USD", "grossProfit": "2413200000", "totalRevenue": "8109200000", "costOfRevenue": "5696000000", "costofGoodsAndServicesSold": "5696000000", "operatingIncome": "1555200000", "sellingGeneralAndAdministrative": "858000000", "researchAndDevelopment": "0", "operatingExpenses": "858000000", "investmentIncomeNet": "None", "netInterestIncome": "None", "interestIncome": "None", "interestExpense": "496900000", "nonInterestIncome": "None", "otherNonOperatingIncome": "-154700000", "depreciation": "None", "depreciationAndAmortization": "933200000", "incomeBeforeTax": "877000000", "incomeTaxExpense": "369500000", "interestAndDebtExpense": "None", "netIncomeFromContinuingOperations": "507500000", "comprehensiveIncomeNetOfTax": "None", "ebit": "1373900000", "ebitda": "2307100000", "netIncome": "506500000"}, {"fiscalDateEnding": "2009-12-31", "reportedCurrency": "USD", "grossProfit": "2374100000", "totalRevenue": "8194000000", "costOfRevenue": "5819900000", "costofGoodsAndServicesSold": "5819900000", "operatingIncome": "1493700000", "sellingGeneralAndAdministrative": "969200000", "researchAndDevelopment": "0", "operatingExpenses": "880400000", "investmentIncomeNet": "None", "netInterestIncome": "None", "interestIncome": "None", "interestExpense": "580100000", "nonInterestIncome": "None", "otherNonOperatingIncome": "-128900000", "depreciation": "None", "depreciationAndAmortization": "983000000", "incomeBeforeTax": "865000000", "incomeTaxExpense": "368500000", "interestAndDebtExpense": "None", "netIncomeFromContinuingOperations": "496500000", "comprehensiveIncomeNetOfTax": "None", "ebit": "1445100000", "ebitda": "2428100000", "netIncome": "495000000"}, {"fiscalDateEnding": "2008-12-31", "reportedCurrency": "USD", "grossProfit": "884500000", "totalRevenue": "3685100000", "costOfRevenue": "2800600000", "costofGoodsAndServicesSold": "2800600000", "operatingIncome": "449800000", "sellingGeneralAndAdministrative": "434700000", "researchAndDevelopment": "None", "operatingExpenses": "434700000", "investmentIncomeNet": "None", "netInterestIncome": "None", "interestIncome": "None", "interestExpense": "135700000", "nonInterestIncome": "None", "otherNonOperatingIncome": "None", "depreciation": "None", "depreciationAndAmortization": "378000000", "incomeBeforeTax": "159300000", "incomeTaxExpense": "85400000", "interestAndDebtExpense": "None", "netIncomeFromContinuingOperations": "None", "comprehensiveIncomeNetOfTax": "None", "ebit": "295000000", "ebitda": "673000000", "netIncome": "73800000"}, {"fiscalDateEnding": "2007-12-31", "reportedCurrency": "USD", "grossProfit": "857900000", "totalRevenue": "3176200000", "costOfRevenue": "2318300000", "costofGoodsAndServicesSold": "2318300000", "operatingIncome": "537600000", "sellingGeneralAndAdministrative": "320300000", "researchAndDevelopment": "None", "operatingExpenses": "320300000", "investmentIncomeNet": "None", "netInterestIncome": "None", "interestIncome": "None", "interestExpense": "95900000", "nonInterestIncome": "None", "otherNonOperatingIncome": "None", "depreciation": "None", "depreciationAndAmortization": "322600000", "incomeBeforeTax": "468100000", "incomeTaxExpense": "177900000", "interestAndDebtExpense": "None", "netIncomeFromContinuingOperations": "None", "comprehensiveIncomeNetOfTax": "None", "ebit": "564000000", "ebitda": "886600000", "netIncome": "290200000"}, {"fiscalDateEnding": "2006-12-31", "reportedCurrency": "USD", "grossProfit": "834900000", "totalRevenue": "3070600000", "costOfRevenue": "2235700000", "costofGoodsAndServicesSold": "2235700000", "operatingIncome": "519900000", "sellingGeneralAndAdministrative": "315000000", "researchAndDevelopment": "None", "operatingExpenses": "315000000", "investmentIncomeNet": "None", "netInterestIncome": "None", "interestIncome": "None", "interestExpense": "96900000", "nonInterestIncome": "None", "otherNonOperatingIncome": "None", "depreciation": "None", "depreciationAndAmortization": "311700000", "incomeBeforeTax": "443700000", "incomeTaxExpense": "164100000", "interestAndDebtExpense": "None", "netIncomeFromContinuingOperations": "None", "comprehensiveIncomeNetOfTax": "None", "ebit": "540600000", "ebitda": "852300000", "netIncome": "279600000"}, {"fiscalDateEnding": "2005-12-31", "reportedCurrency": "USD", "grossProfit": "764200000", "totalRevenue": "2863900000", "costOfRevenue": "2099699999", "costofGoodsAndServicesSold": "2099699999", "operatingIncome": "474700000", "sellingGeneralAndAdministrative": "304000000", "researchAndDevelopment": "None", "operatingExpenses": "289500000", "investmentIncomeNet": "None", "netInterestIncome": "None", "interestIncome": "None", "interestExpense": "82100000", "nonInterestIncome": "None", "otherNonOperatingIncome": "None", "depreciation": "None", "depreciationAndAmortization": "293300000", "incomeBeforeTax": "409200000", "incomeTaxExpense": "155500000", "interestAndDebtExpense": "None", "netIncomeFromContinuingOperations": "None", "comprehensiveIncomeNetOfTax": "None", "ebit": "491300000", "ebitda": "784600000", "netIncome": "253700000"}], "quarterlyReports": [{"fiscalDateEnding": "2025-09-30", "reportedCurrency": "USD", "grossProfit": "1261000000", "totalRevenue": "4212000000", "costOfRevenue": "2951000000", "costofGoodsAndServicesSold": "2951000000", "operatingIncome": "836000000", "sellingGeneralAndAdministrative": "413000000", "researchAndDevelopment": "None", "operatingExpenses": "422000000", "investmentIncomeNet": "None", "netInterestIncome": "-141000000", "interestIncome": "2000000", "interestExpense": "143000000", "nonInterestIncome": "None", "otherNonOperatingIncome": "None", "depreciation": "None", "depreciationAndAmortization": "488000000", "incomeBeforeTax": "645000000", "incomeTaxExpense": "95000000", "interestAndDebtExpense": "None", "netIncomeFromContinuingOperations": "550000000", "comprehensiveIncomeNetOfTax": "None", "ebit": "788000000", "ebitda": "1276000000", "netIncome": "550000000"}, {"fiscalDateEnding": "2025-06-30", "reportedCurrency": "USD", "grossProfit": "1295000000", "totalRevenue": "4235000000", "costOfRevenue": "2940000000", "costofGoodsAndServicesSold": "2940000000", "operatingIncome": "870000000", "sellingGeneralAndAdministrative": "417000000", "researchAndDevelopment": "None", "operatingExpenses": "425000000", "investmentIncomeNet": "None", "netInterestIncome": "-143000000", "interestIncome": "2000000", "interestExpense": "145000000", "nonInterestIncome": "None", "otherNonOperatingIncome": "None", "depreciation": "None", "depreciationAndAmortization": "491000000", "incomeBeforeTax": "720000000", "incomeTaxExpense": "170000000", "interestAndDebtExpense": "None", "netIncomeFromContinuingOperations": "550000000", "comprehensiveIncomeNetOfTax": "None", "ebit": "865000000", "ebitda": "1356000000", "netIncome": "550000000"}, {"fiscalDateEnding": "2025-03-31", "reportedCurrency": "USD", "grossProfit": "1233000000", "totalRevenue": "4009000000", "costOfRevenue": "2776000000", "costofGoodsAndServicesSold": "2776000000", "operatingIncome": "806000000", "sellingGeneralAndAdministrative": "417000000", "researchAndDevelopment": "None", "operatingExpenses": "427000000", "investmentIncomeNet": "None", "netInterestIncome": "-138000000", "interestIncome": "2000000", "interestExpense": "140000000", "nonInterestIncome": "None", "otherNonOperatingIncome": "None", "depreciation": "None", "depreciationAndAmortization": "462000000", "incomeBeforeTax": "665000000", "incomeTaxExpense": "170000000", "interestAndDebtExpense": "None", "netIncomeFromContinuingOperations": "495000000", "comprehensiveIncomeNetOfTax": "None", "ebit": "805000000", "ebitda": "1267000000", "netIncome": "495000000"}, {"fiscalDateEnding": "2024-12-31", "reportedCurrency": "USD", "grossProfit": "1259000000", "totalRevenue": "4046000000", "costOfRevenue": "2787000000", "costofGoodsAndServicesSold": "2787000000", "operatingIncome": "812000000", "sellingGeneralAndAdministrative": "439300000", "researchAndDevelopment": "None", "operatingExpenses": "447000000", "investmentIncomeNet": "None", "netInterestIncome": "-131600000", "interestIncome": "1600000", "interestExpense": "133699999", "nonInterestIncome": "None", "otherNonOperatingIncome": "None", "depreciation": "None", "depreciationAndAmortization": "470000000", "incomeBeforeTax": "532700000", "incomeTaxExpense": "20200000", "interestAndDebtExpense": "None", "netIncomeFromContinuingOperations": "512500000", "comprehensiveIncomeNetOfTax": "None", "ebit": "665700000", "ebitda": "1135700000", "netIncome": "512000000"}, {"fiscalDateEnding": "2024-09-30", "reportedCurrency": "USD", "grossProfit": "1260600000", "totalRevenue": "4076200000", "costOfRevenue": "2815600000", "costofGoodsAndServicesSold": "2815600000", "operatingIncome": "854600000", "sellingGeneralAndAdministrative": "406000000", "researchAndDevelopment": "None", "operatingExpenses": "406000000", "investmentIncomeNet": "None", "netInterestIncome": "-133900000", "interestIncome": "4300000", "interestExpense": "136300000", "nonInterestIncome": "None", "otherNonOperatingIncome": "None", "depreciation": "None", "depreciationAndAmortization": "448700000", "incomeBeforeTax": "646500000", "incomeTaxExpense": "80600000", "interestAndDebtExpense": "None", "netIncomeFromContinuingOperations": "565900000", "comprehensiveIncomeNetOfTax": "None", "ebit": "782800000", "ebitda": "1231500000", "netIncome": "565700000"}, {"fiscalDateEnding": "2024-06-30", "reportedCurrency": "USD", "grossProfit": "1225700000", "totalRevenue": "4048000000", "costOfRevenue": "2822300000", "costofGoodsAndServicesSold": "2822300000", "operatingIncome": "818100000", "sellingGeneralAndAdministrative": "395100000", "researchAndDevelopment": "None", "operatingExpenses": "407600000", "investmentIncomeNet": "None", "netInterestIncome": "-126700000", "interestIncome": "1600000", "interestExpense": "128300000", "nonInterestIncome": "None", "otherNonOperatingIncome": "None", "depreciation": "None", "depreciationAndAmortization": "439700000", "incomeBeforeTax": "654000000", "incomeTaxExpense": "142100000", "interestAndDebtExpense": "None", "netIncomeFromContinuingOperations": "511900000", "comprehensiveIncomeNetOfTax": "None", "ebit": "782300000", "ebitda": "1222000000", "netIncome": "511500000"}, {"fiscalDateEnding": "2024-03-31", "reportedCurrency": "USD", "grossProfit": "1152700000", "totalRevenue": "3861700000", "costOfRevenue": "2709000000", "costofGoodsAndServicesSold": "2709000000", "operatingIncome": "738700000", "sellingGeneralAndAdministrative": "406700000", "researchAndDevelopment": "None", "operatingExpenses": "414000000", "investmentIncomeNet": "None", "netInterestIncome": "-137800000", "interestIncome": "1500000", "interestExpense": "139300000", "nonInterestIncome": "None", "otherNonOperatingIncome": "None", "depreciation": "None", "depreciationAndAmortization": "425800000", "incomeBeforeTax": "598900000", "incomeTaxExpense": "145200000", "interestAndDebtExpense": "None", "netIncomeFromContinuingOperations": "453700000", "comprehensiveIncomeNetOfTax": "None", "ebit": "738200000", "ebitda": "1164000000", "netIncome": "453800000"}, {"fiscalDateEnding": "2023-12-31", "reportedCurrency": "USD", "grossProfit": "1140800000", "totalRevenue": "3831600000", "costOfRevenue": "2690800000", "costofGoodsAndServicesSold": "2690800000", "operatingIncome": "714100000", "sellingGeneralAndAdministrative": "407600000", "researchAndDevelopment": "None", "operatingExpenses": "426700000", "investmentIncomeNet": "None", "netInterestIncome": "-127900000", "interestIncome": "1500000", "interestExpense": "135500000", "nonInterestIncome": "None", "otherNonOperatingIncome": "None", "depreciation": "None", "depreciationAndAmortization": "426700000", "incomeBeforeTax": "482900000", "incomeTaxExpense": "43200000", "interestAndDebtExpense": "None", "netIncomeFromContinuingOperations": "439700000", "comprehensiveIncomeNetOfTax": "None", "ebit": "618400000", "ebitda": "1045100000", "netIncome": "439600000"}, {"fiscalDateEnding": "2023-09-30", "reportedCurrency": "USD", "grossProfit": "1134700000", "totalRevenue": "3825900000", "costOfRevenue": "2691200000", "costofGoodsAndServicesSold": "2691200000", "operatingIncome": "738800000", "sellingGeneralAndAdministrative": "377000000", "researchAndDevelopment": "None", "operatingExpenses": "395900000", "investmentIncomeNet": "None", "netInterestIncome": "-125600000", "interestIncome": "122800000", "interestExpense": "130100000", "nonInterestIncome": "None", "otherNonOperatingIncome": "None", "depreciation": "None", "depreciationAndAmortization": "406900000", "incomeBeforeTax": "606300000", "incomeTaxExpense": "126000000", "interestAndDebtExpense": "None", "netIncomeFromContinuingOperations": "480300000", "comprehensiveIncomeNetOfTax": "None", "ebit": "736400000", "ebitda": "1143300000", "netIncome": "480200000"}, {"fiscalDateEnding": "2023-06-30", "reportedCurrency": "USD", "grossProfit": "1118700000", "totalRevenue": "3725900000", "costOfRevenue": "2607200000", "costofGoodsAndServicesSold": "2607200000", "operatingIncome": "722700000", "sellingGeneralAndAdministrative": "373600000", "researchAndDevelopment": "None", "operatingExpenses": "396000000", "investmentIncomeNet": "None", "netInterestIncome": "-122800000", "interestIncome": "1600000", "interestExpense": "124400000", "nonInterestIncome": "None", "otherNonOperatingIncome": "-2600000", "depreciation": "None", "depreciationAndAmortization": "382800000", "incomeBeforeTax": "580200000", "incomeTaxExpense": "152600000", "interestAndDebtExpense": "None", "netIncomeFromContinuingOperations": "427600000", "comprehensiveIncomeNetOfTax": "None", "ebit": "704600000", "ebitda": "1087400000", "netIncome": "427400000"}, {"fiscalDateEnding": "2023-03-31", "reportedCurrency": "USD", "grossProfit": "1028800000", "totalRevenue": "3581100000", "costOfRevenue": "2552300000", "costofGoodsAndServicesSold": "2552300000", "operatingIncome": "649600000", "sellingGeneralAndAdministrative": "363800000", "researchAndDevelopment": "None", "operatingExpenses": "379200000", "investmentIncomeNet": "None", "netInterestIncome": "-125300000", "interestIncome": "124300000", "interestExpense": "126700000", "nonInterestIncome": "None", "otherNonOperatingIncome": "4700000", "depreciation": "None", "depreciationAndAmortization": "382800000", "incomeBeforeTax": "522100000", "incomeTaxExpense": "138200000", "interestAndDebtExpense": "None", "netIncomeFromContinuingOperations": "383900000", "comprehensiveIncomeNetOfTax": "None", "ebit": "648800000", "ebitda": "1031600000", "netIncome": "383900000"}, {"fiscalDateEnding": "2022-12-31", "reportedCurrency": "USD", "grossProfit": "975900000", "totalRevenue": "3529700000", "costOfRevenue": "2553800000", "costofGoodsAndServicesSold": "2553800000", "operatingIncome": "584400000", "sellingGeneralAndAdministrative": "366500000", "researchAndDevelopment": "None", "operatingExpenses": "391500000", "investmentIncomeNet": "None", "netInterestIncome": "-111500000", "interestIncome": "207900000", "interestExpense": "102500000", "nonInterestIncome": "None", "otherNonOperatingIncome": "-90900000", "depreciation": "None", "depreciationAndAmortization": "372500000", "incomeBeforeTax": "373400000", "incomeTaxExpense": "26400000", "interestAndDebtExpense": "None", "netIncomeFromContinuingOperations": "347000000", "comprehensiveIncomeNetOfTax": "None", "ebit": "475900000", "ebitda": "848400000", "netIncome": "346800000"}, {"fiscalDateEnding": "2022-09-30", "reportedCurrency": "USD", "grossProfit": "1028700000", "totalRevenue": "3597800000", "costOfRevenue": "2569100000", "costofGoodsAndServicesSold": "2569100000", "operatingIncome": "665900000", "sellingGeneralAndAdministrative": "342900000", "researchAndDevelopment": "None", "operatingExpenses": "362800000", "investmentIncomeNet": "None", "netInterestIncome": "-104400000", "interestIncome": "156200000", "interestExpense": "105600000", "nonInterestIncome": "None", "otherNonOperatingIncome": "-51300000", "depreciation": "None", "depreciationAndAmortization": "376700000", "incomeBeforeTax": "507800000", "incomeTaxExpense": "90900000", "interestAndDebtExpense": "None", "netIncomeFromContinuingOperations": "416900000", "comprehensiveIncomeNetOfTax": "None", "ebit": "613400000", "ebitda": "990100000", "netIncome": "416900000"}, {"fiscalDateEnding": "2022-06-30", "reportedCurrency": "USD", "grossProfit": "1347900000", "totalRevenue": "3413600000", "costOfRevenue": "2065700000", "costofGoodsAndServicesSold": "2065700000", "operatingIncome": "589600000", "sellingGeneralAndAdministrative": "330100000", "researchAndDevelopment": "None", "operatingExpenses": "758300000", "investmentIncomeNet": "None", "netInterestIncome": "-93300000", "interestIncome": "700000", "interestExpense": "94000000", "nonInterestIncome": "None", "otherNonOperatingIncome": "-17500000", "depreciation": "None", "depreciationAndAmortization": "360000000", "incomeBeforeTax": "478100000", "incomeTaxExpense": "106300000", "interestAndDebtExpense": "None", "netIncomeFromContinuingOperations": "371900000", "comprehensiveIncomeNetOfTax": "None", "ebit": "572100000", "ebitda": "932100000", "netIncome": "371900000"}, {"fiscalDateEnding": "2022-03-31", "reportedCurrency": "USD", "grossProfit": "874400000", "totalRevenue": "2970100000", "costOfRevenue": "2095699999", "costofGoodsAndServicesSold": "2095699999", "operatingIncome": "566600000", "sellingGeneralAndAdministrative": "296400000", "researchAndDevelopment": "None", "operatingExpenses": "307800000", "investmentIncomeNet": "None", "netInterestIncome": "-83000000", "interestIncome": "500000", "interestExpense": "83500000", "nonInterestIncome": "None", "otherNonOperatingIncome": "-4900000", "depreciation": "None", "depreciationAndAmortization": "332100000", "incomeBeforeTax": "472200000", "incomeTaxExpense": "120300000", "interestAndDebtExpense": "None", "netIncomeFromContinuingOperations": "351900000", "comprehensiveIncomeNetOfTax": "None", "ebit": "555700000", "ebitda": "887800000", "netIncome": "352000000"}, {"fiscalDateEnding": "2021-12-31", "reportedCurrency": "USD", "grossProfit": "823200000", "totalRevenue": "2952900000", "costOfRevenue": "2129699999", "costofGoodsAndServicesSold": "2129699999", "operatingIncome": "507700000", "sellingGeneralAndAdministrative": "314300000", "researchAndDevelopment": "None", "operatingExpenses": "315500000", "investmentIncomeNet": "None", "netInterestIncome": "-79200000", "interestIncome": "500000", "interestExpense": "62800000", "nonInterestIncome": "None", "otherNonOperatingIncome": "-145100000", "depreciation": "None", "depreciationAndAmortization": "319800000", "incomeBeforeTax": "276900000", "incomeTaxExpense": "-36200000", "interestAndDebtExpense": "None", "netIncomeFromContinuingOperations": "313100000", "comprehensiveIncomeNetOfTax": "None", "ebit": "339700000", "ebitda": "659500000", "netIncome": "313100000"}, {"fiscalDateEnding": "2021-09-30", "reportedCurrency": "USD", "grossProfit": "867800000", "totalRevenue": "2933900000", "costOfRevenue": "2066100000", "costofGoodsAndServicesSold": "2066100000", "operatingIncome": "568800000", "sellingGeneralAndAdministrative": "291800000", "researchAndDevelopment": "None", "operatingExpenses": "299000000", "investmentIncomeNet": "None", "netInterestIncome": "-77500000", "interestIncome": "92600000", "interestExpense": "78900000", "nonInterestIncome": "None", "otherNonOperatingIncome": "-15400000", "depreciation": "None", "depreciationAndAmortization": "322100000", "incomeBeforeTax": "470700000", "incomeTaxExpense": "119900000", "interestAndDebtExpense": "None", "netIncomeFromContinuingOperations": "350800000", "comprehensiveIncomeNetOfTax": "None", "ebit": "549600000", "ebitda": "871700000", "netIncome": "350300000"}, {"fiscalDateEnding": "2021-06-30", "reportedCurrency": "USD", "grossProfit": "838400000", "totalRevenue": "2812800000", "costOfRevenue": "1974400000", "costofGoodsAndServicesSold": "1974400000", "operatingIncome": "522600000", "sellingGeneralAndAdministrative": "308600000", "researchAndDevelopment": "None", "operatingExpenses": "315800000", "investmentIncomeNet": "None", "netInterestIncome": "-77800000", "interestIncome": "600000", "interestExpense": "79900000", "nonInterestIncome": "None", "otherNonOperatingIncome": "-12100000", "depreciation": "None", "depreciationAndAmortization": "323700000", "incomeBeforeTax": "427400000", "incomeTaxExpense": "95400000", "interestAndDebtExpense": "None", "netIncomeFromContinuingOperations": "332000000", "comprehensiveIncomeNetOfTax": "None", "ebit": "507300000", "ebitda": "831000000", "netIncome": "331100000"}, {"fiscalDateEnding": "2021-03-31", "reportedCurrency": "USD", "grossProfit": "759500000", "totalRevenue": "2596400000", "costOfRevenue": "1836900000", "costofGoodsAndServicesSold": "1836900000", "operatingIncome": "494100000", "sellingGeneralAndAdministrative": "261100000", "researchAndDevelopment": "None", "operatingExpenses": "265399999", "investmentIncomeNet": "None", "netInterestIncome": "-77600000", "interestIncome": "800000", "interestExpense": "79300000", "nonInterestIncome": "None", "otherNonOperatingIncome": "-13900000", "depreciation": "None", "depreciationAndAmortization": "302600000", "incomeBeforeTax": "400100000", "incomeTaxExpense": "103700000", "interestAndDebtExpense": "None", "netIncomeFromContinuingOperations": "296400000", "comprehensiveIncomeNetOfTax": "None", "ebit": "479400000", "ebitda": "782000000", "netIncome": "295900000"}, {"fiscalDateEnding": "2020-12-31", "reportedCurrency": "USD", "grossProfit": "738100000", "totalRevenue": "2573300000", "costOfRevenue": "1835200000", "costofGoodsAndServicesSold": "1835200000", "operatingIncome": "481800000", "sellingGeneralAndAdministrative": "251900000", "researchAndDevelopment": "None", "operatingExpenses": "256300000", "investmentIncomeNet": "None", "netInterestIncome": "-77000000", "interestIncome": "164400000", "interestExpense": "70700000", "nonInterestIncome": "None", "otherNonOperatingIncome": "-166400000", "depreciation": "None", "depreciationAndAmortization": "288000000", "incomeBeforeTax": "201300000", "incomeTaxExpense": "-35000000", "interestAndDebtExpense": "None", "netIncomeFromContinuingOperations": "236300000", "comprehensiveIncomeNetOfTax": "None", "ebit": "272000000", "ebitda": "560000000", "netIncome": "235500000"}, {"fiscalDateEnding": "2020-09-30", "reportedCurrency": "USD", "grossProfit": "745300000", "totalRevenue": "2572100000", "costOfRevenue": "1826800000", "costofGoodsAndServicesSold": "1826800000", "operatingIncome": "489200000", "sellingGeneralAndAdministrative": "250000000", "researchAndDevelopment": "None", "operatingExpenses": "256100000", "investmentIncomeNet": "None", "netInterestIncome": "-88400000", "interestIncome": "96600000", "interestExpense": "90300000", "nonInterestIncome": "None", "otherNonOperatingIncome": "-40300000", "depreciation": "None", "depreciationAndAmortization": "291400000", "incomeBeforeTax": "318700000", "incomeTaxExpense": "58500000", "interestAndDebtExpense": "None", "netIncomeFromContinuingOperations": "260200000", "comprehensiveIncomeNetOfTax": "None", "ebit": "409000000", "ebitda": "700400000", "netIncome": "260000000"}, {"fiscalDateEnding": "2020-06-30", "reportedCurrency": "USD", "grossProfit": "986500000", "totalRevenue": "2454400000", "costOfRevenue": "1467900000", "costofGoodsAndServicesSold": "1467900000", "operatingIncome": "395400000", "sellingGeneralAndAdministrative": "249300000", "researchAndDevelopment": "None", "operatingExpenses": "591100000", "investmentIncomeNet": "None", "netInterestIncome": "-88300000", "interestIncome": "3300000", "interestExpense": "87000000", "nonInterestIncome": "None", "otherNonOperatingIncome": "-3500000", "depreciation": "None", "depreciationAndAmortization": "289900000", "incomeBeforeTax": "300100000", "incomeTaxExpense": "73800000", "interestAndDebtExpense": "None", "netIncomeFromContinuingOperations": "226300000", "comprehensiveIncomeNetOfTax": "None", "ebit": "391900000", "ebitda": "681800000", "netIncome": "225500000"}, {"fiscalDateEnding": "2020-03-31", "reportedCurrency": "USD", "grossProfit": "706300000", "totalRevenue": "2553900000", "costOfRevenue": "1847600000", "costofGoodsAndServicesSold": "1847600000", "operatingIncome": "429000000", "sellingGeneralAndAdministrative": "268400000", "researchAndDevelopment": "None", "operatingExpenses": "277300000", "investmentIncomeNet": "None", "netInterestIncome": "-96300000", "interestIncome": "300000", "interestExpense": "83900000", "nonInterestIncome": "None", "otherNonOperatingIncome": "-600000", "depreciation": "None", "depreciationAndAmortization": "289500000", "incomeBeforeTax": "322600000", "incomeTaxExpense": "75800000", "interestAndDebtExpense": "None", "netIncomeFromContinuingOperations": "246800000", "comprehensiveIncomeNetOfTax": "None", "ebit": "406500000", "ebitda": "696000000", "netIncome": "246300000"}, {"fiscalDateEnding": "2019-12-31", "reportedCurrency": "USD", "grossProfit": "738700000", "totalRevenue": "2576700000", "costOfRevenue": "1838000000", "costofGoodsAndServicesSold": "1838000000", "operatingIncome": "464700000", "sellingGeneralAndAdministrative": "263500000", "researchAndDevelopment": "None", "operatingExpenses": "274000000", "investmentIncomeNet": "None", "netInterestIncome": "-94100000", "interestIncome": "1000000", "interestExpense": "92500000", "nonInterestIncome": "None", "otherNonOperatingIncome": "-83200000", "depreciation": "None", "depreciationAndAmortization": "277800000", "incomeBeforeTax": "285000000", "incomeTaxExpense": "-5000000", "interestAndDebtExpense": "None", "netIncomeFromContinuingOperations": "290000000", "comprehensiveIncomeNetOfTax": "None", "ebit": "377500000", "ebitda": "655300000", "netIncome": "289300000"}, {"fiscalDateEnding": "2019-09-30", "reportedCurrency": "USD", "grossProfit": "727700000", "totalRevenue": "2646900000", "costOfRevenue": "1919200000", "costofGoodsAndServicesSold": "1919200000", "operatingIncome": "454200000", "sellingGeneralAndAdministrative": "267900000", "researchAndDevelopment": "None", "operatingExpenses": "273500000", "investmentIncomeNet": "None", "netInterestIncome": "-96000000", "interestIncome": "2000000", "interestExpense": "99300000", "nonInterestIncome": "None", "otherNonOperatingIncome": "3700000", "depreciation": "None", "depreciationAndAmortization": "287800000", "incomeBeforeTax": "369500000", "incomeTaxExpense": "71500000", "interestAndDebtExpense": "None", "netIncomeFromContinuingOperations": "298000000", "comprehensiveIncomeNetOfTax": "None", "ebit": "468800000", "ebitda": "756600000", "netIncome": "298300000"}, {"fiscalDateEnding": "2019-06-30", "reportedCurrency": "USD", "grossProfit": "703600000", "totalRevenue": "2605300000", "costOfRevenue": "1901700000", "costofGoodsAndServicesSold": "1901700000", "operatingIncome": "441000000", "sellingGeneralAndAdministrative": "256100000", "researchAndDevelopment": "None", "operatingExpenses": "262600000", "investmentIncomeNet": "None", "netInterestIncome": "-97100000", "interestIncome": "1400000", "interestExpense": "99100000", "nonInterestIncome": "None", "otherNonOperatingIncome": "-10300000", "depreciation": "None", "depreciationAndAmortization": "284700000", "incomeBeforeTax": "328600000", "incomeTaxExpense": "77700000", "interestAndDebtExpense": "None", "netIncomeFromContinuingOperations": "250900000", "comprehensiveIncomeNetOfTax": "None", "ebit": "427700000", "ebitda": "712400000", "netIncome": "251500000"}, {"fiscalDateEnding": "2019-03-31", "reportedCurrency": "USD", "grossProfit": "692500000", "totalRevenue": "2470600000", "costOfRevenue": "1778100000", "costofGoodsAndServicesSold": "1778100000", "operatingIncome": "426100000", "sellingGeneralAndAdministrative": "258900000", "researchAndDevelopment": "None", "operatingExpenses": "266399999", "investmentIncomeNet": "None", "netInterestIncome": "-98500000", "interestIncome": "110100000", "interestExpense": "100600000", "nonInterestIncome": "None", "otherNonOperatingIncome": "-9600000", "depreciation": "None", "depreciationAndAmortization": "272000000", "incomeBeforeTax": "312800000", "incomeTaxExpense": "77900000", "interestAndDebtExpense": "None", "netIncomeFromContinuingOperations": "234900000", "comprehensiveIncomeNetOfTax": "None", "ebit": "413400000", "ebitda": "685400000", "netIncome": "234200000"}, {"fiscalDateEnding": "2018-12-31", "reportedCurrency": "USD", "grossProfit": "770300000", "totalRevenue": "2529600000", "costOfRevenue": "1759300000", "costofGoodsAndServicesSold": "1759300000", "operatingIncome": "497800000", "sellingGeneralAndAdministrative": "284500000", "researchAndDevelopment": "0", "operatingExpenses": "272500000", "investmentIncomeNet": "None", "netInterestIncome": "None", "interestIncome": "None", "interestExpense": "97100000", "nonInterestIncome": "None", "otherNonOperatingIncome": "-29200000", "depreciation": "None", "depreciationAndAmortization": "272400000", "incomeBeforeTax": "357400000", "incomeTaxExpense": "56300000", "interestAndDebtExpense": "None", "netIncomeFromContinuingOperations": "301100000", "comprehensiveIncomeNetOfTax": "None", "ebit": "454500000", "ebitda": "726900000", "netIncome": "301000000"}, {"fiscalDateEnding": "2018-09-30", "reportedCurrency": "USD", "grossProfit": "704200000", "totalRevenue": "2565300000", "costOfRevenue": "1861100000", "costofGoodsAndServicesSold": "1861100000", "operatingIncome": "443300000", "sellingGeneralAndAdministrative": "250100000", "researchAndDevelopment": "0", "operatingExpenses": "260899999", "investmentIncomeNet": "None", "netInterestIncome": "None", "interestIncome": "None", "interestExpense": "96300000", "nonInterestIncome": "None", "otherNonOperatingIncome": "-4000000", "depreciation": "None", "depreciationAndAmortization": "282500000", "incomeBeforeTax": "340300000", "incomeTaxExpense": "77400000", "interestAndDebtExpense": "None", "netIncomeFromContinuingOperations": "262900000", "comprehensiveIncomeNetOfTax": "None", "ebit": "436600000", "ebitda": "719100000", "netIncome": "263400000"}, {"fiscalDateEnding": "2018-06-30", "reportedCurrency": "USD", "grossProfit": "663500000", "totalRevenue": "2517500000", "costOfRevenue": "1854000000", "costofGoodsAndServicesSold": "1854000000", "operatingIncome": "410600000", "sellingGeneralAndAdministrative": "246100000", "researchAndDevelopment": "0", "operatingExpenses": "252900000", "investmentIncomeNet": "None", "netInterestIncome": "None", "interestIncome": "None", "interestExpense": "96200000", "nonInterestIncome": "None", "otherNonOperatingIncome": "900000", "depreciation": "None", "depreciationAndAmortization": "275700000", "incomeBeforeTax": "312600000", "incomeTaxExpense": "76900000", "interestAndDebtExpense": "None", "netIncomeFromContinuingOperations": "235700000", "comprehensiveIncomeNetOfTax": "None", "ebit": "408800000", "ebitda": "684500000", "netIncome": "234900000"}, {"fiscalDateEnding": "2018-03-31", "reportedCurrency": "USD", "grossProfit": "673400000", "totalRevenue": "2427500000", "costOfRevenue": "1754100000", "costofGoodsAndServicesSold": "1754100000", "operatingIncome": "412200000", "sellingGeneralAndAdministrative": "254400000", "researchAndDevelopment": "0", "operatingExpenses": "261200000", "investmentIncomeNet": "None", "netInterestIncome": "None", "interestIncome": "None", "interestExpense": "94300000", "nonInterestIncome": "None", "otherNonOperatingIncome": "1200000", "depreciation": "None", "depreciationAndAmortization": "283500000", "incomeBeforeTax": "310600000", "incomeTaxExpense": "72700000", "interestAndDebtExpense": "None", "netIncomeFromContinuingOperations": "237900000", "comprehensiveIncomeNetOfTax": "None", "ebit": "404900000", "ebitda": "688400000", "netIncome": "237700000"}, {"fiscalDateEnding": "2017-12-31", "reportedCurrency": "USD", "grossProfit": "680000000", "totalRevenue": "2560000000", "costOfRevenue": "1880000000", "costofGoodsAndServicesSold": "1880000000", "operatingIncome": "405700000", "sellingGeneralAndAdministrative": "266400000", "researchAndDevelopment": "0", "operatingExpenses": "274300000", "investmentIncomeNet": "None", "netInterestIncome": "None", "interestIncome": "None", "interestExpense": "93200000", "nonInterestIncome": "None", "otherNonOperatingIncome": "-18000000", "depreciation": "None", "depreciationAndAmortization": "287200000", "incomeBeforeTax": "295700000", "incomeTaxExpense": "-368800000", "interestAndDebtExpense": "None", "netIncomeFromContinuingOperations": "664500000", "comprehensiveIncomeNetOfTax": "None", "ebit": "388900000", "ebitda": "676100000", "netIncome": "664400000"}, {"fiscalDateEnding": "2017-09-30", "reportedCurrency": "USD", "grossProfit": "703200000", "totalRevenue": "2563300000", "costOfRevenue": "1860100000", "costofGoodsAndServicesSold": "1860100000", "operatingIncome": "436500000", "sellingGeneralAndAdministrative": "258700000", "researchAndDevelopment": "0", "operatingExpenses": "266700000", "investmentIncomeNet": "None", "netInterestIncome": "None", "interestIncome": "None", "interestExpense": "90400000", "nonInterestIncome": "None", "otherNonOperatingIncome": "-1400000", "depreciation": "None", "depreciationAndAmortization": "280800000", "incomeBeforeTax": "356700000", "incomeTaxExpense": "133400000", "interestAndDebtExpense": "None", "netIncomeFromContinuingOperations": "223300000", "comprehensiveIncomeNetOfTax": "None", "ebit": "447100000", "ebitda": "727900000", "netIncome": "223200000"}, {"fiscalDateEnding": "2017-06-30", "reportedCurrency": "USD", "grossProfit": "693300000", "totalRevenue": "2527700000", "costOfRevenue": "1834400000", "costofGoodsAndServicesSold": "1834400000", "operatingIncome": "430400000", "sellingGeneralAndAdministrative": "253500000", "researchAndDevelopment": "0", "operatingExpenses": "262899999", "investmentIncomeNet": "None", "netInterestIncome": "None", "interestIncome": "None", "interestExpense": "90400000", "nonInterestIncome": "None", "otherNonOperatingIncome": "-2600000", "depreciation": "None", "depreciationAndAmortization": "278200000", "incomeBeforeTax": "333400000", "incomeTaxExpense": "130000000", "interestAndDebtExpense": "None", "netIncomeFromContinuingOperations": "203400000", "comprehensiveIncomeNetOfTax": "None", "ebit": "423800000", "ebitda": "702000000", "netIncome": "202900000"}, {"fiscalDateEnding": "2017-03-31", "reportedCurrency": "USD", "grossProfit": "640500000", "totalRevenue": "2393500000", "costOfRevenue": "1753000000", "costofGoodsAndServicesSold": "1753000000", "operatingIncome": "385900000", "sellingGeneralAndAdministrative": "248100000", "researchAndDevelopment": "0", "operatingExpenses": "520600000", "investmentIncomeNet": "None", "netInterestIncome": "None", "interestIncome": "None", "interestExpense": "90100000", "nonInterestIncome": "None", "otherNonOperatingIncome": "-2500000", "depreciation": "None", "depreciationAndAmortization": "269900000", "incomeBeforeTax": "296200000", "incomeTaxExpense": "108400000", "interestAndDebtExpense": "None", "netIncomeFromContinuingOperations": "187800000", "comprehensiveIncomeNetOfTax": "None", "ebit": "386300000", "ebitda": "656200000", "netIncome": "187800000"}, {"fiscalDateEnding": "2016-12-31", "reportedCurrency": "USD", "grossProfit": "656000000", "totalRevenue": "2379100000", "costOfRevenue": "1723100000", "costofGoodsAndServicesSold": "1723100000", "operatingIncome": "406400000", "sellingGeneralAndAdministrative": "246700000", "researchAndDevelopment": "0", "operatingExpenses": "249600000", "investmentIncomeNet": "None", "netInterestIncome": "None", "interestIncome": "None", "interestExpense": "109000000", "nonInterestIncome": "None", "otherNonOperatingIncome": "-7200000", "depreciation": "None", "depreciationAndAmortization": "265200000", "incomeBeforeTax": "294700000", "incomeTaxExpense": "105100000", "interestAndDebtExpense": "None", "netIncomeFromContinuingOperations": "189600000", "comprehensiveIncomeNetOfTax": "None", "ebit": "403700000", "ebitda": "668900000", "netIncome": "189500000"}, {"fiscalDateEnding": "2016-09-30", "reportedCurrency": "USD", "grossProfit": "668500000", "totalRevenue": "2409300000", "costOfRevenue": "1740800000", "costofGoodsAndServicesSold": "1740800000", "operatingIncome": "433100000", "sellingGeneralAndAdministrative": "229400000", "researchAndDevelopment": "0", "operatingExpenses": "235400000", "investmentIncomeNet": "None", "netInterestIncome": "None", "interestIncome": "None", "interestExpense": "90000000", "nonInterestIncome": "None", "otherNonOperatingIncome": "-194700000", "depreciation": "None", "depreciationAndAmortization": "272100000", "incomeBeforeTax": "126900000", "incomeTaxExpense": "41200000", "interestAndDebtExpense": "None", "netIncomeFromContinuingOperations": "85700000", "comprehensiveIncomeNetOfTax": "None", "ebit": "216900000", "ebitda": "489000000", "netIncome": "85600000"}, {"fiscalDateEnding": "2016-06-30", "reportedCurrency": "USD", "grossProfit": "910000000", "totalRevenue": "2350700000", "costOfRevenue": "1440700000", "costofGoodsAndServicesSold": "1440700000", "operatingIncome": "382100000", "sellingGeneralAndAdministrative": "236500000", "researchAndDevelopment": "0", "operatingExpenses": "527900000", "investmentIncomeNet": "None", "netInterestIncome": "None", "interestIncome": "None", "interestExpense": "92200000", "nonInterestIncome": "None", "otherNonOperatingIncome": "1800000", "depreciation": "None", "depreciationAndAmortization": "269900000", "incomeBeforeTax": "291700000", "incomeTaxExpense": "110700000", "interestAndDebtExpense": "None", "netIncomeFromContinuingOperations": "181000000", "comprehensiveIncomeNetOfTax": "None", "ebit": "396600000", "ebitda": "666500000", "netIncome": "180800000"}, {"fiscalDateEnding": "2016-03-31", "reportedCurrency": "USD", "grossProfit": "867200000", "totalRevenue": "2248600000", "costOfRevenue": "1381400000", "costofGoodsAndServicesSold": "1381400000", "operatingIncome": "345500000", "sellingGeneralAndAdministrative": "236600000", "researchAndDevelopment": "0", "operatingExpenses": "521700000", "investmentIncomeNet": "None", "netInterestIncome": "None", "interestIncome": "None", "interestExpense": "92700000", "nonInterestIncome": "None", "otherNonOperatingIncome": "-200000", "depreciation": "None", "depreciationAndAmortization": "263000000", "incomeBeforeTax": "252600000", "incomeTaxExpense": "95700000", "interestAndDebtExpense": "None", "netIncomeFromContinuingOperations": "156900000", "comprehensiveIncomeNetOfTax": "None", "ebit": "363000000", "ebitda": "626000000", "netIncome": "156700000"}, {"fiscalDateEnding": "2015-12-31", "reportedCurrency": "USD", "grossProfit": "886500000", "totalRevenue": "2290200000", "costOfRevenue": "1403700000", "costofGoodsAndServicesSold": "1403700000", "operatingIncome": "353900000", "sellingGeneralAndAdministrative": "258200000", "researchAndDevelopment": "0", "operatingExpenses": "532600000", "investmentIncomeNet": "None", "netInterestIncome": "None", "interestIncome": "None", "interestExpense": "92900000", "nonInterestIncome": "None", "otherNonOperatingIncome": "1000000", "depreciation": "None", "depreciationAndAmortization": "264500000", "incomeBeforeTax": "261900000", "incomeTaxExpense": "89500000", "interestAndDebtExpense": "None", "netIncomeFromContinuingOperations": "172400000", "comprehensiveIncomeNetOfTax": "None", "ebit": "358400000", "ebitda": "622900000", "netIncome": "172300000"}, {"fiscalDateEnding": "2015-09-30", "reportedCurrency": "USD", "grossProfit": "953800000", "totalRevenue": "2344000000", "costOfRevenue": "1390200000", "costofGoodsAndServicesSold": "1390200000", "operatingIncome": "442900000", "sellingGeneralAndAdministrative": "237900000", "researchAndDevelopment": "0", "operatingExpenses": "510900000", "investmentIncomeNet": "None", "netInterestIncome": "None", "interestIncome": "None", "interestExpense": "91800000", "nonInterestIncome": "None", "otherNonOperatingIncome": "-300000", "depreciation": "None", "depreciationAndAmortization": "266800000", "incomeBeforeTax": "350800000", "incomeTaxExpense": "135600000", "interestAndDebtExpense": "None", "netIncomeFromContinuingOperations": "215200000", "comprehensiveIncomeNetOfTax": "None", "ebit": "392900000", "ebitda": "659700000", "netIncome": "215000000"}, {"fiscalDateEnding": "2015-06-30", "reportedCurrency": "USD", "grossProfit": "891000000", "totalRevenue": "2311400000", "costOfRevenue": "1420400000", "costofGoodsAndServicesSold": "1420400000", "operatingIncome": "389200000", "sellingGeneralAndAdministrative": "230000000", "researchAndDevelopment": "0", "operatingExpenses": "501800000", "investmentIncomeNet": "None", "netInterestIncome": "None", "interestIncome": "None", "interestExpense": "91500000", "nonInterestIncome": "None", "otherNonOperatingIncome": "1000000", "depreciation": "None", "depreciationAndAmortization": "265600000", "incomeBeforeTax": "298700000", "incomeTaxExpense": "108400000", "interestAndDebtExpense": "None", "netIncomeFromContinuingOperations": "190300000", "comprehensiveIncomeNetOfTax": "None", "ebit": "389200000", "ebitda": "654800000", "netIncome": "190300000"}, {"fiscalDateEnding": "2015-03-31", "reportedCurrency": "USD", "grossProfit": "865100000", "totalRevenue": "2169400000", "costOfRevenue": "1304300000", "costofGoodsAndServicesSold": "1304300000", "operatingIncome": "372800000", "sellingGeneralAndAdministrative": "234300000", "researchAndDevelopment": "0", "operatingExpenses": "492300000", "investmentIncomeNet": "None", "netInterestIncome": "None", "interestIncome": "None", "interestExpense": "88600000", "nonInterestIncome": "None", "otherNonOperatingIncome": "300000", "depreciation": "None", "depreciationAndAmortization": "253100000", "incomeBeforeTax": "284500000", "incomeTaxExpense": "112000000", "interestAndDebtExpense": "None", "netIncomeFromContinuingOperations": "172500000", "comprehensiveIncomeNetOfTax": "None", "ebit": "372800000", "ebitda": "625900000", "netIncome": "172400000"}, {"fiscalDateEnding": "2014-12-31", "reportedCurrency": "USD", "grossProfit": "688700000", "totalRevenue": "2225200000", "costOfRevenue": "1536500000", "costofGoodsAndServicesSold": "1536500000", "operatingIncome": "166400000", "sellingGeneralAndAdministrative": "248800000", "researchAndDevelopment": "0", "operatingExpenses": "522300000", "investmentIncomeNet": "None", "netInterestIncome": "None", "interestIncome": "None", "interestExpense": "87900000", "nonInterestIncome": "None", "otherNonOperatingIncome": "500000", "depreciation": "None", "depreciationAndAmortization": "247500000", "incomeBeforeTax": "79100000", "incomeTaxExpense": "28600000", "interestAndDebtExpense": "None", "netIncomeFromContinuingOperations": "50500000", "comprehensiveIncomeNetOfTax": "None", "ebit": "204800000", "ebitda": "452300000", "netIncome": "50300000"}, {"fiscalDateEnding": "2014-09-30", "reportedCurrency": "USD", "grossProfit": "866800000", "totalRevenue": "2264100000", "costOfRevenue": "1397300000", "costofGoodsAndServicesSold": "1397300000", "operatingIncome": "382400000", "sellingGeneralAndAdministrative": "221100000", "researchAndDevelopment": "0", "operatingExpenses": "484100000", "investmentIncomeNet": "None", "netInterestIncome": "None", "interestIncome": "None", "interestExpense": "87000000", "nonInterestIncome": "None", "otherNonOperatingIncome": "None", "depreciation": "None", "depreciationAndAmortization": "255100000", "incomeBeforeTax": "295400000", "incomeTaxExpense": "109600000", "interestAndDebtExpense": "None", "netIncomeFromContinuingOperations": "185800000", "comprehensiveIncomeNetOfTax": "None", "ebit": "382700000", "ebitda": "637800000", "netIncome": "185800000"}, {"fiscalDateEnding": "2014-06-30", "reportedCurrency": "USD", "grossProfit": "852300000", "totalRevenue": "2225300000", "costOfRevenue": "1373000000", "costofGoodsAndServicesSold": "1373000000", "operatingIncome": "378300000", "sellingGeneralAndAdministrative": "216000000", "researchAndDevelopment": "0", "operatingExpenses": "474000000", "investmentIncomeNet": "None", "netInterestIncome": "None", "interestIncome": "None", "interestExpense": "86900000", "nonInterestIncome": "None", "otherNonOperatingIncome": "-700000", "depreciation": "None", "depreciationAndAmortization": "249700000", "incomeBeforeTax": "290700000", "incomeTaxExpense": "111700000", "interestAndDebtExpense": "None", "netIncomeFromContinuingOperations": "179000000", "comprehensiveIncomeNetOfTax": "None", "ebit": "381600000", "ebitda": "631300000", "netIncome": "179000000"}, {"fiscalDateEnding": "2014-03-31", "reportedCurrency": "USD", "grossProfit": "752500000", "totalRevenue": "2073700000", "costOfRevenue": "1321200000", "costofGoodsAndServicesSold": "1321200000", "operatingIncome": "306100000", "sellingGeneralAndAdministrative": "210400000", "researchAndDevelopment": "0", "operatingExpenses": "446400000", "investmentIncomeNet": "None", "netInterestIncome": "None", "interestIncome": "None", "interestExpense": "87000000", "nonInterestIncome": "None", "otherNonOperatingIncome": "1100000", "depreciation": "None", "depreciationAndAmortization": "232600000", "incomeBeforeTax": "220200000", "incomeTaxExpense": "87600000", "interestAndDebtExpense": "None", "netIncomeFromContinuingOperations": "132600000", "comprehensiveIncomeNetOfTax": "None", "ebit": "306100000", "ebitda": "538700000", "netIncome": "132500000"}, {"fiscalDateEnding": "2013-12-31", "reportedCurrency": "USD", "grossProfit": "857500000", "totalRevenue": "2141500000", "costOfRevenue": "1284000000", "costofGoodsAndServicesSold": "1284000000", "operatingIncome": "402600000", "sellingGeneralAndAdministrative": "201500000", "researchAndDevelopment": "0", "operatingExpenses": "454900000", "investmentIncomeNet": "None", "netInterestIncome": "None", "interestIncome": "None", "interestExpense": "90200000", "nonInterestIncome": "None", "otherNonOperatingIncome": "1000000", "depreciation": "None", "depreciationAndAmortization": "245400000", "incomeBeforeTax": "313400000", "incomeTaxExpense": "76700000", "interestAndDebtExpense": "None", "netIncomeFromContinuingOperations": "236700000", "comprehensiveIncomeNetOfTax": "None", "ebit": "432200000", "ebitda": "677600000", "netIncome": "236600000"}, {"fiscalDateEnding": "2013-09-30", "reportedCurrency": "USD", "grossProfit": "847800000", "totalRevenue": "2165400000", "costOfRevenue": "1317600000", "costofGoodsAndServicesSold": "1317600000", "operatingIncome": "352300000", "sellingGeneralAndAdministrative": "209000000", "researchAndDevelopment": "0", "operatingExpenses": "495500000", "investmentIncomeNet": "None", "netInterestIncome": "None", "interestIncome": "None", "interestExpense": "90000000", "nonInterestIncome": "None", "otherNonOperatingIncome": "1100000", "depreciation": "None", "depreciationAndAmortization": "243600000", "incomeBeforeTax": "263400000", "incomeTaxExpense": "92300000", "interestAndDebtExpense": "None", "netIncomeFromContinuingOperations": "171100000", "comprehensiveIncomeNetOfTax": "None", "ebit": "409900000", "ebitda": "653500000", "netIncome": "171400000"}, {"fiscalDateEnding": "2013-06-30", "reportedCurrency": "USD", "grossProfit": "701700000", "totalRevenue": "2111700000", "costOfRevenue": "1410000000", "costofGoodsAndServicesSold": "1410000000", "operatingIncome": "181200000", "sellingGeneralAndAdministrative": "223600000", "researchAndDevelopment": "0", "operatingExpenses": "520500000", "investmentIncomeNet": "None", "netInterestIncome": "None", "interestIncome": "None", "interestExpense": "90200000", "nonInterestIncome": "None", "otherNonOperatingIncome": "100000", "depreciation": "None", "depreciationAndAmortization": "236200000", "incomeBeforeTax": "91100000", "incomeTaxExpense": "34700000", "interestAndDebtExpense": "None", "netIncomeFromContinuingOperations": "56400000", "comprehensiveIncomeNetOfTax": "None", "ebit": "171100000", "ebitda": "407300000", "netIncome": "56300000"}, {"fiscalDateEnding": "2013-03-31", "reportedCurrency": "USD", "grossProfit": "775500000", "totalRevenue": "1998600000", "costOfRevenue": "1223100000", "costofGoodsAndServicesSold": "1223100000", "operatingIncome": "274200000", "sellingGeneralAndAdministrative": "203600000", "researchAndDevelopment": "0", "operatingExpenses": "501300000", "investmentIncomeNet": "None", "netInterestIncome": "None", "interestIncome": "None", "interestExpense": "89600000", "nonInterestIncome": "None", "otherNonOperatingIncome": "-1300000", "depreciation": "None", "depreciationAndAmortization": "228800000", "incomeBeforeTax": "183300000", "incomeTaxExpense": "58400000", "interestAndDebtExpense": "None", "netIncomeFromContinuingOperations": "124900000", "comprehensiveIncomeNetOfTax": "None", "ebit": "262800000", "ebitda": "491600000", "netIncome": "124600000"}, {"fiscalDateEnding": "2012-12-31", "reportedCurrency": "USD", "grossProfit": "744800000", "totalRevenue": "2028300000", "costOfRevenue": "1283500000", "costofGoodsAndServicesSold": "1283500000", "operatingIncome": "288800000", "sellingGeneralAndAdministrative": "198300000", "researchAndDevelopment": "0", "operatingExpenses": "456100000", "investmentIncomeNet": "None", "netInterestIncome": "None", "interestIncome": "None", "interestExpense": "92200000", "nonInterestIncome": "None", "otherNonOperatingIncome": "2700000", "depreciation": "None", "depreciationAndAmortization": "294800000", "incomeBeforeTax": "199100000", "incomeTaxExpense": "72100000", "interestAndDebtExpense": "None", "netIncomeFromContinuingOperations": "-33600000", "comprehensiveIncomeNetOfTax": "None", "ebit": "304300000", "ebitda": "599100000", "netIncome": "127000000"}, {"fiscalDateEnding": "2012-09-30", "reportedCurrency": "USD", "grossProfit": "766400000", "totalRevenue": "2046900000", "costOfRevenue": "1280500000", "costofGoodsAndServicesSold": "1280500000", "operatingIncome": "317900000", "sellingGeneralAndAdministrative": "193800000", "researchAndDevelopment": "0", "operatingExpenses": "448300000", "investmentIncomeNet": "None", "netInterestIncome": "None", "interestIncome": "None", "interestExpense": "93200000", "nonInterestIncome": "None", "otherNonOperatingIncome": "-1600000", "depreciation": "None", "depreciationAndAmortization": "164100000", "incomeBeforeTax": "223100000", "incomeTaxExpense": "70300000", "interestAndDebtExpense": "None", "netIncomeFromContinuingOperations": "152800000", "comprehensiveIncomeNetOfTax": "None", "ebit": "363500000", "ebitda": "527600000", "netIncome": "152700000"}, {"fiscalDateEnding": "2012-06-30", "reportedCurrency": "USD", "grossProfit": "819600000", "totalRevenue": "2060600000", "costOfRevenue": "1241000000", "costofGoodsAndServicesSold": "1241000000", "operatingIncome": "387000000", "sellingGeneralAndAdministrative": "198000000", "researchAndDevelopment": "0", "operatingExpenses": "432600000", "investmentIncomeNet": "None", "netInterestIncome": "None", "interestIncome": "None", "interestExpense": "98800000", "nonInterestIncome": "None", "otherNonOperatingIncome": "-109600000", "depreciation": "None", "depreciationAndAmortization": "254300000", "incomeBeforeTax": "178600000", "incomeTaxExpense": "29100000", "interestAndDebtExpense": "None", "netIncomeFromContinuingOperations": "149500000", "comprehensiveIncomeNetOfTax": "None", "ebit": "387200000", "ebitda": "641500000", "netIncome": "149200000"}, {"fiscalDateEnding": "2012-03-31", "reportedCurrency": "USD", "grossProfit": "779200000", "totalRevenue": "1982400000", "costOfRevenue": "1203200000", "costofGoodsAndServicesSold": "1203200000", "operatingIncome": "326900000", "sellingGeneralAndAdministrative": "222500000", "researchAndDevelopment": "0", "operatingExpenses": "452300000", "investmentIncomeNet": "None", "netInterestIncome": "None", "interestIncome": "None", "interestExpense": "104300000", "nonInterestIncome": "None", "otherNonOperatingIncome": "300000", "depreciation": "None", "depreciationAndAmortization": "213700000", "incomeBeforeTax": "223100000", "incomeTaxExpense": "80300000", "interestAndDebtExpense": "None", "netIncomeFromContinuingOperations": "303400000", "comprehensiveIncomeNetOfTax": "None", "ebit": "334800000", "ebitda": "548500000", "netIncome": "142900000"}, {"fiscalDateEnding": "2011-12-31", "reportedCurrency": "USD", "grossProfit": "817600000", "totalRevenue": "2025200000", "costOfRevenue": "1207600000", "costofGoodsAndServicesSold": "1207600000", "operatingIncome": "366800000", "sellingGeneralAndAdministrative": "213900000", "researchAndDevelopment": "0", "operatingExpenses": "450800000", "investmentIncomeNet": "None", "netInterestIncome": "None", "interestIncome": "None", "interestExpense": "104800000", "nonInterestIncome": "None", "otherNonOperatingIncome": "None", "depreciation": "None", "depreciationAndAmortization": "214200000", "incomeBeforeTax": "259000000", "incomeTaxExpense": "68000000", "interestAndDebtExpense": "None", "netIncomeFromContinuingOperations": "0", "comprehensiveIncomeNetOfTax": "None", "ebit": "370100000", "ebitda": "584300000", "netIncome": "191000000"}, {"fiscalDateEnding": "2011-09-30", "reportedCurrency": "USD", "grossProfit": "856200000", "totalRevenue": "2116200000", "costOfRevenue": "1260000000", "costofGoodsAndServicesSold": "1260000000", "operatingIncome": "408500000", "sellingGeneralAndAdministrative": "207500000", "researchAndDevelopment": "0", "operatingExpenses": "447700000", "investmentIncomeNet": "None", "netInterestIncome": "None", "interestIncome": "None", "interestExpense": "108300000", "nonInterestIncome": "None", "otherNonOperatingIncome": "-6000000", "depreciation": "None", "depreciationAndAmortization": "215000000", "incomeBeforeTax": "296000000", "incomeTaxExpense": "102400000", "interestAndDebtExpense": "None", "netIncomeFromContinuingOperations": "398400000", "comprehensiveIncomeNetOfTax": "None", "ebit": "404300000", "ebitda": "619300000", "netIncome": "193500000"}, {"fiscalDateEnding": "2011-06-30", "reportedCurrency": "USD", "grossProfit": "848800000", "totalRevenue": "2086600000", "costOfRevenue": "1237800000", "costofGoodsAndServicesSold": "1237800000", "operatingIncome": "401200000", "sellingGeneralAndAdministrative": "200100000", "researchAndDevelopment": "0", "operatingExpenses": "447600000", "investmentIncomeNet": "None", "netInterestIncome": "None", "interestIncome": "None", "interestExpense": "111400000", "nonInterestIncome": "None", "otherNonOperatingIncome": "None", "depreciation": "None", "depreciationAndAmortization": "208600000", "incomeBeforeTax": "91300000", "incomeTaxExpense": "45100000", "interestAndDebtExpense": "None", "netIncomeFromContinuingOperations": "0", "comprehensiveIncomeNetOfTax": "None", "ebit": "202700000", "ebitda": "411300000", "netIncome": "46500000"}, {"fiscalDateEnding": "2011-03-31", "reportedCurrency": "USD", "grossProfit": "805200000", "totalRevenue": "1964900000", "costOfRevenue": "1159700000", "costofGoodsAndServicesSold": "1159700000", "operatingIncome": "376200000", "sellingGeneralAndAdministrative": "203900000", "researchAndDevelopment": "0", "operatingExpenses": "429000000", "investmentIncomeNet": "None", "netInterestIncome": "None", "interestIncome": "None", "interestExpense": "115700000", "nonInterestIncome": "None", "otherNonOperatingIncome": "None", "depreciation": "None", "depreciationAndAmortization": "205800000", "incomeBeforeTax": "260000000", "incomeTaxExpense": "101900000", "interestAndDebtExpense": "None", "netIncomeFromContinuingOperations": "0", "comprehensiveIncomeNetOfTax": "None", "ebit": "376400000", "ebitda": "582200000", "netIncome": "158200000"}, {"fiscalDateEnding": "2010-12-31", "reportedCurrency": "USD", "grossProfit": "836000000", "totalRevenue": "2020800000", "costOfRevenue": "1184800000", "costofGoodsAndServicesSold": "1184800000", "operatingIncome": "389400000", "sellingGeneralAndAdministrative": "167000000", "researchAndDevelopment": "0", "operatingExpenses": "446600000", "investmentIncomeNet": "None", "netInterestIncome": "None", "interestIncome": "None", "interestExpense": "120400000", "nonInterestIncome": "None", "otherNonOperatingIncome": "-8200000", "depreciation": "None", "depreciationAndAmortization": "205300000", "incomeBeforeTax": "260800000", "incomeTaxExpense": "112900000", "interestAndDebtExpense": "None", "netIncomeFromContinuingOperations": "147900000", "comprehensiveIncomeNetOfTax": "None", "ebit": "381200000", "ebitda": "586500000", "netIncome": "147600000"}, {"fiscalDateEnding": "2010-09-30", "reportedCurrency": "USD", "grossProfit": "836800000", "totalRevenue": "2061700000", "costOfRevenue": "1224900000", "costofGoodsAndServicesSold": "1224900000", "operatingIncome": "367600000", "sellingGeneralAndAdministrative": "229500000", "researchAndDevelopment": "0", "operatingExpenses": "469200000", "investmentIncomeNet": "None", "netInterestIncome": "None", "interestIncome": "None", "interestExpense": "122000000", "nonInterestIncome": "None", "otherNonOperatingIncome": "-15900000", "depreciation": "None", "depreciationAndAmortization": "211600000", "incomeBeforeTax": "229700000", "incomeTaxExpense": "95200000", "interestAndDebtExpense": "None", "netIncomeFromContinuingOperations": "134500000", "comprehensiveIncomeNetOfTax": "None", "ebit": "351700000", "ebitda": "563300000", "netIncome": "134200000"}, {"fiscalDateEnding": "2010-06-30", "reportedCurrency": "USD", "grossProfit": "848100000", "totalRevenue": "2066400000", "costOfRevenue": "1218300000", "costofGoodsAndServicesSold": "1218300000", "operatingIncome": "400800000", "sellingGeneralAndAdministrative": "210800000", "researchAndDevelopment": "0", "operatingExpenses": "447300000", "investmentIncomeNet": "None", "netInterestIncome": "None", "interestIncome": "None", "interestExpense": "130500000", "nonInterestIncome": "None", "otherNonOperatingIncome": "None", "depreciation": "None", "depreciationAndAmortization": "213800000", "incomeBeforeTax": "270300000", "incomeTaxExpense": "110400000", "interestAndDebtExpense": "None", "netIncomeFromContinuingOperations": "159900000", "comprehensiveIncomeNetOfTax": "None", "ebit": "400800000", "ebitda": "614600000", "netIncome": "159700000"}, {"fiscalDateEnding": "2010-03-31", "reportedCurrency": "USD", "grossProfit": "820900000", "totalRevenue": "1957700000", "costOfRevenue": "1136800000", "costofGoodsAndServicesSold": "1136800000", "operatingIncome": "381300000", "sellingGeneralAndAdministrative": "230500000", "researchAndDevelopment": "0", "operatingExpenses": "439600000", "investmentIncomeNet": "None", "netInterestIncome": "None", "interestIncome": "None", "interestExpense": "134500000", "nonInterestIncome": "None", "otherNonOperatingIncome": "-130600000", "depreciation": "None", "depreciationAndAmortization": "203000000", "incomeBeforeTax": "116200000", "incomeTaxExpense": "51000000", "interestAndDebtExpense": "None", "netIncomeFromContinuingOperations": "65200000", "comprehensiveIncomeNetOfTax": "None", "ebit": "250700000", "ebitda": "453700000", "netIncome": "65000000"}, {"fiscalDateEnding": "2009-12-31", "reportedCurrency": "USD", "grossProfit": "797900000", "totalRevenue": "1999000000", "costOfRevenue": "1201100000", "costofGoodsAndServicesSold": "1201100000", "operatingIncome": "329200000", "sellingGeneralAndAdministrative": "243100000", "researchAndDevelopment": "0", "operatingExpenses": "468700000", "investmentIncomeNet": "None", "netInterestIncome": "None", "interestIncome": "None", "interestExpense": "147100000", "nonInterestIncome": "None", "otherNonOperatingIncome": "None", "depreciation": "None", "depreciationAndAmortization": "211000000", "incomeBeforeTax": "80500000", "incomeTaxExpense": "44600000", "interestAndDebtExpense": "None", "netIncomeFromContinuingOperations": "0", "comprehensiveIncomeNetOfTax": "None", "ebit": "344100000", "ebitda": "555100000", "netIncome": "35600000"}, {"fiscalDateEnding": "2009-09-30", "reportedCurrency": "USD", "grossProfit": "866000000", "totalRevenue": "2073500000", "costOfRevenue": "1207500000", "costofGoodsAndServicesSold": "1207500000", "operatingIncome": "386900000", "sellingGeneralAndAdministrative": "247600000", "researchAndDevelopment": "0", "operatingExpenses": "479100000", "investmentIncomeNet": "None", "netInterestIncome": "None", "interestIncome": "None", "interestExpense": "144800000", "nonInterestIncome": "None", "otherNonOperatingIncome": "-30000000", "depreciation": "None", "depreciationAndAmortization": "218200000", "incomeBeforeTax": "212100000", "incomeTaxExpense": "91100000", "interestAndDebtExpense": "None", "netIncomeFromContinuingOperations": "121000000", "comprehensiveIncomeNetOfTax": "None", "ebit": "357000000", "ebitda": "575200000", "netIncome": "120500000"}, {"fiscalDateEnding": "2009-06-30", "reportedCurrency": "USD", "grossProfit": "839200000", "totalRevenue": "2066100000", "costOfRevenue": "1226900000", "costofGoodsAndServicesSold": "1226900000", "operatingIncome": "520700000", "sellingGeneralAndAdministrative": "237700000", "researchAndDevelopment": "0", "operatingExpenses": "318500000", "investmentIncomeNet": "None", "netInterestIncome": "None", "interestIncome": "None", "interestExpense": "150500000", "nonInterestIncome": "None", "otherNonOperatingIncome": "1800000", "depreciation": "None", "depreciationAndAmortization": "218700000", "incomeBeforeTax": "372000000", "incomeTaxExpense": "145800000", "interestAndDebtExpense": "None", "netIncomeFromContinuingOperations": "226200000", "comprehensiveIncomeNetOfTax": "None", "ebit": "522500000", "ebitda": "741200000", "netIncome": "225900000"}, {"fiscalDateEnding": "2009-03-31", "reportedCurrency": "USD", "grossProfit": "851800000", "totalRevenue": "2060500000", "costOfRevenue": "1208700000", "costofGoodsAndServicesSold": "1208700000", "operatingIncome": "353000000", "sellingGeneralAndAdministrative": "240800000", "researchAndDevelopment": "0", "operatingExpenses": "498800000", "investmentIncomeNet": "None", "netInterestIncome": "None", "interestIncome": "None", "interestExpense": "153500000", "nonInterestIncome": "None", "otherNonOperatingIncome": "None", "depreciation": "None", "depreciationAndAmortization": "221800000", "incomeBeforeTax": "200400000", "incomeTaxExpense": "87000000", "interestAndDebtExpense": "None", "netIncomeFromContinuingOperations": "0", "comprehensiveIncomeNetOfTax": "None", "ebit": "353900000", "ebitda": "575700000", "netIncome": "113000000"}, {"fiscalDateEnding": "2008-12-31", "reportedCurrency": "USD", "grossProfit": "381200000", "totalRevenue": "1244400000", "costOfRevenue": "863200000", "costofGoodsAndServicesSold": "863200000", "operatingIncome": "-111600000", "sellingGeneralAndAdministrative": "182700000", "researchAndDevelopment": "0", "operatingExpenses": "492800000", "investmentIncomeNet": "None", "netInterestIncome": "None", "interestIncome": "None", "interestExpense": "131900000", "nonInterestIncome": "None", "otherNonOperatingIncome": "None", "depreciation": "None", "depreciationAndAmortization": "127200000", "incomeBeforeTax": "-177600000", "incomeTaxExpense": "-46000000", "interestAndDebtExpense": "None", "netIncomeFromContinuingOperations": "0", "comprehensiveIncomeNetOfTax": "None", "ebit": "-28900000", "ebitda": "98300000", "netIncome": "-131700000"}, {"fiscalDateEnding": "2008-09-30", "reportedCurrency": "USD", "grossProfit": "334500000", "totalRevenue": "834000000", "costOfRevenue": "499500000", "costofGoodsAndServicesSold": "499500000", "operatingIncome": "167000000", "sellingGeneralAndAdministrative": "85600000", "researchAndDevelopment": "0", "operatingExpenses": "167500000", "investmentIncomeNet": "None", "netInterestIncome": "None", "interestIncome": "None", "interestExpense": "22600000", "nonInterestIncome": "None", "otherNonOperatingIncome": "None", "depreciation": "None", "depreciationAndAmortization": "77300000", "incomeBeforeTax": "145400000", "incomeTaxExpense": "56700000", "interestAndDebtExpense": "None", "netIncomeFromContinuingOperations": "0", "comprehensiveIncomeNetOfTax": "None", "ebit": "168000000", "ebitda": "245300000", "netIncome": "88700000"}, {"fiscalDateEnding": "2008-06-30", "reportedCurrency": "USD", "grossProfit": "250000000", "totalRevenue": "827500000", "costOfRevenue": "577500000", "costofGoodsAndServicesSold": "577500000", "operatingIncome": "85600000", "sellingGeneralAndAdministrative": "83700000", "researchAndDevelopment": "0", "operatingExpenses": "164400000", "investmentIncomeNet": "None", "netInterestIncome": "None", "interestIncome": "None", "interestExpense": "21100000", "nonInterestIncome": "None", "otherNonOperatingIncome": "None", "depreciation": "None", "depreciationAndAmortization": "76200000", "incomeBeforeTax": "67700000", "incomeTaxExpense": "27000000", "interestAndDebtExpense": "None", "netIncomeFromContinuingOperations": "0", "comprehensiveIncomeNetOfTax": "None", "ebit": "88800000", "ebitda": "165000000", "netIncome": "40700000"}, {"fiscalDateEnding": "2008-03-31", "reportedCurrency": "USD", "grossProfit": "302700000", "totalRevenue": "779200000", "costOfRevenue": "476500000", "costofGoodsAndServicesSold": "476500000", "operatingIncome": "142200000", "sellingGeneralAndAdministrative": "82700000", "researchAndDevelopment": "0", "operatingExpenses": "160500000", "investmentIncomeNet": "None", "netInterestIncome": "None", "interestIncome": "None", "interestExpense": "21400000", "nonInterestIncome": "None", "otherNonOperatingIncome": "None", "depreciation": "None", "depreciationAndAmortization": "73400000", "incomeBeforeTax": "123800000", "incomeTaxExpense": "47700000", "interestAndDebtExpense": "None", "netIncomeFromContinuingOperations": "0", "comprehensiveIncomeNetOfTax": "None", "ebit": "145200000", "ebitda": "218600000", "netIncome": "76100000"}, {"fiscalDateEnding": "2007-12-31", "reportedCurrency": "USD", "grossProfit": "300500000", "totalRevenue": "796000000", "costOfRevenue": "495500000", "costofGoodsAndServicesSold": "495500000", "operatingIncome": "139900000", "sellingGeneralAndAdministrative": "84500000", "researchAndDevelopment": "0", "operatingExpenses": "160600000", "investmentIncomeNet": "None", "netInterestIncome": "None", "interestIncome": "None", "interestExpense": "94800000", "nonInterestIncome": "None", "otherNonOperatingIncome": "None", "depreciation": "None", "depreciationAndAmortization": "71600000", "incomeBeforeTax": "131000000", "incomeTaxExpense": "48900000", "interestAndDebtExpense": "None", "netIncomeFromContinuingOperations": "0", "comprehensiveIncomeNetOfTax": "None", "ebit": "139900000", "ebitda": "211500000", "netIncome": "82100000"}, {"fiscalDateEnding": "2007-09-30", "reportedCurrency": "USD", "grossProfit": "287400000", "totalRevenue": "806200000", "costOfRevenue": "518800000", "costofGoodsAndServicesSold": "518800000", "operatingIncome": "128300000", "sellingGeneralAndAdministrative": "76800000", "researchAndDevelopment": "0", "operatingExpenses": "159100000", "investmentIncomeNet": "None", "netInterestIncome": "None", "interestIncome": "None", "interestExpense": "23900000", "nonInterestIncome": "None", "otherNonOperatingIncome": "None", "depreciation": "None", "depreciationAndAmortization": "78000000", "incomeBeforeTax": "109000000", "incomeTaxExpense": "42000000", "interestAndDebtExpense": "None", "netIncomeFromContinuingOperations": "0", "comprehensiveIncomeNetOfTax": "None", "ebit": "128300000", "ebitda": "206300000", "netIncome": "67000000"}, {"fiscalDateEnding": "2007-06-30", "reportedCurrency": "USD", "grossProfit": "312100000", "totalRevenue": "808400000", "costOfRevenue": "496300000", "costofGoodsAndServicesSold": "496300000", "operatingIncome": "153100000", "sellingGeneralAndAdministrative": "77900000", "researchAndDevelopment": "0", "operatingExpenses": "159000000", "investmentIncomeNet": "None", "netInterestIncome": "None", "interestIncome": "None", "interestExpense": "23200000", "nonInterestIncome": "None", "otherNonOperatingIncome": "None", "depreciation": "None", "depreciationAndAmortization": "76900000", "incomeBeforeTax": "133700000", "incomeTaxExpense": "46500000", "interestAndDebtExpense": "None", "netIncomeFromContinuingOperations": "0", "comprehensiveIncomeNetOfTax": "None", "ebit": "153100000", "ebitda": "230000000", "netIncome": "87200000"}, {"fiscalDateEnding": "2007-03-31", "reportedCurrency": "USD", "grossProfit": "278900000", "totalRevenue": "765600000", "costOfRevenue": "486700000", "costofGoodsAndServicesSold": "486700000", "operatingIncome": "114700000", "sellingGeneralAndAdministrative": "81100000", "researchAndDevelopment": "0", "operatingExpenses": "164200000", "investmentIncomeNet": "None", "netInterestIncome": "None", "interestIncome": "None", "interestExpense": "24000000", "nonInterestIncome": "None", "otherNonOperatingIncome": "None", "depreciation": "None", "depreciationAndAmortization": "79000000", "incomeBeforeTax": "94400000", "incomeTaxExpense": "40500000", "interestAndDebtExpense": "None", "netIncomeFromContinuingOperations": "0", "comprehensiveIncomeNetOfTax": "None", "ebit": "114700000", "ebitda": "193700000", "netIncome": "53900000"}, {"fiscalDateEnding": "2006-12-31", "reportedCurrency": "USD", "grossProfit": "283900000", "totalRevenue": "766200000", "costOfRevenue": "482300000", "costofGoodsAndServicesSold": "482300000", "operatingIncome": "129700000", "sellingGeneralAndAdministrative": "78500000", "researchAndDevelopment": "0", "operatingExpenses": "154200000", "investmentIncomeNet": "None", "netInterestIncome": "None", "interestIncome": "None", "interestExpense": "95800000", "nonInterestIncome": "None", "otherNonOperatingIncome": "None", "depreciation": "None", "depreciationAndAmortization": "71600000", "incomeBeforeTax": "108900000", "incomeTaxExpense": "42000000", "interestAndDebtExpense": "None", "netIncomeFromContinuingOperations": "0", "comprehensiveIncomeNetOfTax": "None", "ebit": "129700000", "ebitda": "201300000", "netIncome": "66900000"}, {"fiscalDateEnding": "2006-09-30", "reportedCurrency": "USD", "grossProfit": "293900000", "totalRevenue": "787100000", "costOfRevenue": "493200000", "costofGoodsAndServicesSold": "493200000", "operatingIncome": "133400000", "sellingGeneralAndAdministrative": "79600000", "researchAndDevelopment": "0", "operatingExpenses": "160500000", "investmentIncomeNet": "None", "netInterestIncome": "None", "interestIncome": "None", "interestExpense": "25100000", "nonInterestIncome": "None", "otherNonOperatingIncome": "None", "depreciation": "None", "depreciationAndAmortization": "76900000", "incomeBeforeTax": "116400000", "incomeTaxExpense": "39100000", "interestAndDebtExpense": "None", "netIncomeFromContinuingOperations": "0", "comprehensiveIncomeNetOfTax": "None", "ebit": "133400000", "ebitda": "210300000", "netIncome": "77300000"}, {"fiscalDateEnding": "2006-06-30", "reportedCurrency": "USD", "grossProfit": "287300000", "totalRevenue": "779800000", "costOfRevenue": "492500000", "costofGoodsAndServicesSold": "492500000", "operatingIncome": "134000000", "sellingGeneralAndAdministrative": "75100000", "researchAndDevelopment": "0", "operatingExpenses": "153300000", "investmentIncomeNet": "None", "netInterestIncome": "None", "interestIncome": "None", "interestExpense": "24300000", "nonInterestIncome": "None", "otherNonOperatingIncome": "None", "depreciation": "None", "depreciationAndAmortization": "74400000", "incomeBeforeTax": "114200000", "incomeTaxExpense": "43400000", "interestAndDebtExpense": "None", "netIncomeFromContinuingOperations": "0", "comprehensiveIncomeNetOfTax": "None", "ebit": "134000000", "ebitda": "208400000", "netIncome": "70800000"}, {"fiscalDateEnding": "2006-03-31", "reportedCurrency": "USD", "grossProfit": "281100000", "totalRevenue": "737500000", "costOfRevenue": "456400000", "costofGoodsAndServicesSold": "456400000", "operatingIncome": "122400000", "sellingGeneralAndAdministrative": "81800000", "researchAndDevelopment": "0", "operatingExpenses": "158700000", "investmentIncomeNet": "None", "netInterestIncome": "None", "interestIncome": "None", "interestExpense": "22400000", "nonInterestIncome": "None", "otherNonOperatingIncome": "None", "depreciation": "None", "depreciationAndAmortization": "73100000", "incomeBeforeTax": "104200000", "incomeTaxExpense": "39600000", "interestAndDebtExpense": "None", "netIncomeFromContinuingOperations": "0", "comprehensiveIncomeNetOfTax": "None", "ebit": "122400000", "ebitda": "195500000", "netIncome": "64600000"}, {"fiscalDateEnding": "2005-12-31", "reportedCurrency": "USD", "grossProfit": "267100000", "totalRevenue": "738100000", "costOfRevenue": "471000000", "costofGoodsAndServicesSold": "471000000", "operatingIncome": "115400000", "sellingGeneralAndAdministrative": "87600000", "researchAndDevelopment": "0", "operatingExpenses": "151700000", "investmentIncomeNet": "None", "netInterestIncome": "None", "interestIncome": "None", "interestExpense": "81000000", "nonInterestIncome": "None", "otherNonOperatingIncome": "None", "depreciation": "None", "depreciationAndAmortization": "72300000", "incomeBeforeTax": "96800000", "incomeTaxExpense": "36800000", "interestAndDebtExpense": "None", "netIncomeFromContinuingOperations": "0", "comprehensiveIncomeNetOfTax": "None", "ebit": "117900000", "ebitda": "190200000", "netIncome": "60000000"}, {"fiscalDateEnding": "2005-09-30", "reportedCurrency": "USD", "grossProfit": "267100000", "totalRevenue": "730000000", "costOfRevenue": "462900000", "costofGoodsAndServicesSold": "462900000", "operatingIncome": "119400000", "sellingGeneralAndAdministrative": "71800000", "researchAndDevelopment": "0", "operatingExpenses": "147700000", "investmentIncomeNet": "None", "netInterestIncome": "None", "interestIncome": "None", "interestExpense": "20000000", "nonInterestIncome": "None", "otherNonOperatingIncome": "None", "depreciation": "None", "depreciationAndAmortization": "72800000", "incomeBeforeTax": "102900000", "incomeTaxExpense": "39100000", "interestAndDebtExpense": "None", "netIncomeFromContinuingOperations": "0", "comprehensiveIncomeNetOfTax": "None", "ebit": "119400000", "ebitda": "192200000", "netIncome": "63800000"}]}