{"symbol": "XYZ", "annualReports": [{"fiscalDateEnding": "2024-12-31", "reportedCurrency": "USD", "grossProfit": "8889036000", "totalRevenue": "24121053000", "costOfRevenue": "15232017000", "costofGoodsAndServicesSold": "15232017000", "operatingIncome": "892327000", "sellingGeneralAndAdministrative": "2149099000", "researchAndDevelopment": "2914415000", "operatingExpenses": "7996709000", "investmentIncomeNet": "None", "netInterestIncome": "-9302000", "interestIncome": "None", "interestExpense": "9302000", "nonInterestIncome": "None", "otherNonOperatingIncome": "None", "depreciation": "None", "depreciationAndAmortization": "376127000", "incomeBeforeTax": "1357154000", "incomeTaxExpense": "-1509343000", "interestAndDebtExpense": "None", "netIncomeFromContinuingOperations": "2866497000", "comprehensiveIncomeNetOfTax": "None", "ebit": "1686548000", "ebitda": "2062675000", "netIncome": "2897047000"}, {"fiscalDateEnding": "2023-12-31", "reportedCurrency": "USD", "grossProfit": "7330842000", "totalRevenue": "21915623000", "costOfRevenue": "14584781000", "costofGoodsAndServicesSold": "14584781000", "operatingIncome": "632828000", "sellingGeneralAndAdministrative": "2209190000", "researchAndDevelopment": "2720819000", "operatingExpenses": "6698014000", "investmentIncomeNet": "None", "netInterestIncome": "47221000", "interestIncome": "None", "interestExpense": "47221000", "nonInterestIncome": "None", "otherNonOperatingIncome": "None", "depreciation": "None", "depreciationAndAmortization": "408560000", "incomeBeforeTax": "-29143000", "incomeTaxExpense": "-8019000", "interestAndDebtExpense": "None", "netIncomeFromContinuingOperations": "-21124000", "comprehensiveIncomeNetOfTax": "None", "ebit": "-29143000", "ebitda": "379417000", "netIncome": "9772000"}, {"fiscalDateEnding": "2022-12-31", "reportedCurrency": "USD", "grossProfit": "5991892000", "totalRevenue": "17531587000", "costOfRevenue": "11539695000", "costofGoodsAndServicesSold": "11539695000", "operatingIncome": "-624532000", "sellingGeneralAndAdministrative": "1686849000", "researchAndDevelopment": "2135612000", "operatingExpenses": "6616424000", "investmentIncomeNet": "None", "netInterestIncome": "-36228000", "interestIncome": "37229000", "interestExpense": "36228000", "nonInterestIncome": "None", "otherNonOperatingIncome": "95443000", "depreciation": "None", "depreciationAndAmortization": "340523000", "incomeBeforeTax": "-565317000", "incomeTaxExpense": "-12312000", "interestAndDebtExpense": "None", "netIncomeFromContinuingOperations": "-553005000", "comprehensiveIncomeNetOfTax": "None", "ebit": "-27278000", "ebitda": "313245000", "netIncome": "-540747000"}, {"fiscalDateEnding": "2021-12-31", "reportedCurrency": "USD", "grossProfit": "4307712000", "totalRevenue": "17661203000", "costOfRevenue": "13353491000", "costofGoodsAndServicesSold": "13353491000", "operatingIncome": "458336000", "sellingGeneralAndAdministrative": "983326000", "researchAndDevelopment": "1319965000", "operatingExpenses": "3849376000", "investmentIncomeNet": "None", "netInterestIncome": "-33124000", "interestIncome": "2369000", "interestExpense": "33124000", "nonInterestIncome": "None", "otherNonOperatingIncome": "29474000", "depreciation": "None", "depreciationAndAmortization": "217893000", "incomeBeforeTax": "157462000", "incomeTaxExpense": "-1364000", "interestAndDebtExpense": "None", "netIncomeFromContinuingOperations": "158826000", "comprehensiveIncomeNetOfTax": "None", "ebit": "190586000", "ebitda": "408479000", "netIncome": "166284000"}, {"fiscalDateEnding": "2020-12-31", "reportedCurrency": "USD", "grossProfit": "2660513000", "totalRevenue": "9497578000", "costOfRevenue": "6837065000", "costofGoodsAndServicesSold": "6837065000", "operatingIncome": "168907000", "sellingGeneralAndAdministrative": "579203000", "researchAndDevelopment": "831717000", "operatingExpenses": "2491606000", "investmentIncomeNet": "None", "netInterestIncome": "-56943000", "interestIncome": "238354000", "interestExpense": "56943000", "nonInterestIncome": "None", "otherNonOperatingIncome": "291725000", "depreciation": "None", "depreciationAndAmortization": "154465000", "incomeBeforeTax": "215967000", "incomeTaxExpense": "2862000", "interestAndDebtExpense": "None", "netIncomeFromContinuingOperations": "213105000", "comprehensiveIncomeNetOfTax": "None", "ebit": "272910000", "ebitda": "427375000", "netIncome": "213105000"}, {"fiscalDateEnding": "2019-12-31", "reportedCurrency": "USD", "grossProfit": "1821801000", "totalRevenue": "4713500000", "costOfRevenue": "2891699000", "costofGoodsAndServicesSold": "2891699000", "operatingIncome": "153516000", "sellingGeneralAndAdministrative": "436250000", "researchAndDevelopment": "623816000", "operatingExpenses": "1668285000", "investmentIncomeNet": "None", "netInterestIncome": "-21516000", "interestIncome": "33842000", "interestExpense": "21516000", "nonInterestIncome": "None", "otherNonOperatingIncome": "373172000", "depreciation": "None", "depreciationAndAmortization": "105294000", "incomeBeforeTax": "378213000", "incomeTaxExpense": "2767000", "interestAndDebtExpense": "None", "netIncomeFromContinuingOperations": "375446000", "comprehensiveIncomeNetOfTax": "None", "ebit": "399729000", "ebitda": "505023000", "netIncome": "375446000"}, {"fiscalDateEnding": "2018-12-31", "reportedCurrency": "USD", "grossProfit": "1250909000", "totalRevenue": "3298177000", "costOfRevenue": "2047268000", "costofGoodsAndServicesSold": "2047268000", "operatingIncome": "56163000", "sellingGeneralAndAdministrative": "339245000", "researchAndDevelopment": "464172000", "operatingExpenses": "1194746000", "investmentIncomeNet": "None", "netInterestIncome": "-17982000", "interestIncome": "2360000", "interestExpense": "17982000", "nonInterestIncome": "None", "otherNonOperatingIncome": "18469000", "depreciation": "None", "depreciationAndAmortization": "60961000", "incomeBeforeTax": "-36127000", "incomeTaxExpense": "2326000", "interestAndDebtExpense": "None", "netIncomeFromContinuingOperations": "-38453000", "comprehensiveIncomeNetOfTax": "None", "ebit": "-18145000", "ebitda": "42816000", "netIncome": "-38453000"}, {"fiscalDateEnding": "2017-12-31", "reportedCurrency": "USD", "grossProfit": "808762000", "totalRevenue": "2214253000", "costOfRevenue": "1405491000", "costofGoodsAndServicesSold": "1405491000", "operatingIncome": "12812000", "sellingGeneralAndAdministrative": "250553000", "researchAndDevelopment": "304933000", "operatingExpenses": "795950000", "investmentIncomeNet": "None", "netInterestIncome": "-8458000", "interestIncome": "8458000", "interestExpense": "8458000", "nonInterestIncome": "None", "otherNonOperatingIncome": "-8458000", "depreciation": "None", "depreciationAndAmortization": "37279000", "incomeBeforeTax": "-62664000", "incomeTaxExpense": "149000", "interestAndDebtExpense": "None", "netIncomeFromContinuingOperations": "-62813000", "comprehensiveIncomeNetOfTax": "None", "ebit": "-52611000", "ebitda": "-15332000", "netIncome": "-62813000"}, {"fiscalDateEnding": "2016-12-31", "reportedCurrency": "USD", "grossProfit": "548502000", "totalRevenue": "1708721000", "costOfRevenue": "1160219000", "costofGoodsAndServicesSold": "1160219000", "operatingIncome": "-119218000", "sellingGeneralAndAdministrative": "251993000", "researchAndDevelopment": "255347000", "operatingExpenses": "667720000", "investmentIncomeNet": "None", "netInterestIncome": "780000", "interestIncome": "780000", "interestExpense": "780000", "nonInterestIncome": "None", "otherNonOperatingIncome": "780000", "depreciation": "None", "depreciationAndAmortization": "37745000", "incomeBeforeTax": "-169673000", "incomeTaxExpense": "1917000", "interestAndDebtExpense": "None", "netIncomeFromContinuingOperations": "-171590000", "comprehensiveIncomeNetOfTax": "None", "ebit": "-169673000", "ebitda": "-131928000", "netIncome": "-171590000"}, {"fiscalDateEnding": "2015-12-31", "reportedCurrency": "USD", "grossProfit": "356973000", "totalRevenue": "1267118000", "costOfRevenue": "910145000", "costofGoodsAndServicesSold": "910145000", "operatingIncome": "-119849000", "sellingGeneralAndAdministrative": "143466000", "researchAndDevelopment": "188338000", "operatingExpenses": "476822000", "investmentIncomeNet": "None", "netInterestIncome": "None", "interestIncome": "2986000", "interestExpense": "1163000", "nonInterestIncome": "None", "otherNonOperatingIncome": "None", "depreciation": "None", "depreciationAndAmortization": "27626000", "incomeBeforeTax": "-176071000", "incomeTaxExpense": "3746000", "interestAndDebtExpense": "None", "netIncomeFromContinuingOperations": "-179817000", "comprehensiveIncomeNetOfTax": "None", "ebit": "-174908000", "ebitda": "-147282000", "netIncome": "-179817000"}, {"fiscalDateEnding": "2014-12-31", "reportedCurrency": "USD", "grossProfit": "218324000", "totalRevenue": "850192000", "costOfRevenue": "631868000", "costofGoodsAndServicesSold": "631868000", "operatingIncome": "-125910000", "sellingGeneralAndAdministrative": "94220000", "researchAndDevelopment": "137937000", "operatingExpenses": "344234000", "investmentIncomeNet": "None", "netInterestIncome": "None", "interestIncome": "None", "interestExpense": "2162000", "nonInterestIncome": "None", "otherNonOperatingIncome": "None", "depreciation": "None", "depreciationAndAmortization": "18586000", "incomeBeforeTax": "-152653000", "incomeTaxExpense": "1440000", "interestAndDebtExpense": "None", "netIncomeFromContinuingOperations": "-154093000", "comprehensiveIncomeNetOfTax": "None", "ebit": "-151595000", "ebitda": "-133009000", "netIncome": "-154093000"}, {"fiscalDateEnding": "2013-12-31", "reportedCurrency": "USD", "grossProfit": "128785000", "totalRevenue": "552433000", "costOfRevenue": "423648000", "costofGoodsAndServicesSold": "423648000", "operatingIncome": "-86983000", "sellingGeneralAndAdministrative": "68942000", "researchAndDevelopment": "82864000", "operatingExpenses": "215768000", "investmentIncomeNet": "None", "netInterestIncome": "None", "interestIncome": "None", "interestExpense": "0", "nonInterestIncome": "None", "otherNonOperatingIncome": "None", "depreciation": "None", "depreciationAndAmortization": "8272000", "incomeBeforeTax": "-103980000", "incomeTaxExpense": "513000", "interestAndDebtExpense": "None", "netIncomeFromContinuingOperations": "None", "comprehensiveIncomeNetOfTax": "None", "ebit": "-103980000", "ebitda": "-95708000", "netIncome": "-104493000"}, {"fiscalDateEnding": "2012-12-31", "reportedCurrency": "USD", "grossProfit": "64551000", "totalRevenue": "203449000", "costOfRevenue": "138898000", "costofGoodsAndServicesSold": "138898000", "operatingIncome": "-74849000", "sellingGeneralAndAdministrative": "36184000", "researchAndDevelopment": "46568000", "operatingExpenses": "139400000", "investmentIncomeNet": "None", "netInterestIncome": "None", "interestIncome": "None", "interestExpense": "5000", "nonInterestIncome": "None", "otherNonOperatingIncome": "None", "depreciation": "None", "depreciationAndAmortization": "3579000", "incomeBeforeTax": "-85199000", "incomeTaxExpense": "-162000", "interestAndDebtExpense": "None", "netIncomeFromContinuingOperations": "None", "comprehensiveIncomeNetOfTax": "None", "ebit": "-85194000", "ebitda": "-81615000", "netIncome": "-85199000"}], "quarterlyReports": [{"fiscalDateEnding": "2025-09-30", "reportedCurrency": "USD", "grossProfit": "2675427000", "totalRevenue": "6114952000", "costOfRevenue": "3439525000", "costofGoodsAndServicesSold": "3439525000", "operatingIncome": "409440000", "sellingGeneralAndAdministrative": "533274000", "researchAndDevelopment": "711235000", "operatingExpenses": "2265987000", "investmentIncomeNet": "None", "netInterestIncome": "-34652000", "interestIncome": "None", "interestExpense": "34652000", "nonInterestIncome": "None", "otherNonOperatingIncome": "None", "depreciation": "None", "depreciationAndAmortization": "92119000", "incomeBeforeTax": "601526000", "incomeTaxExpense": "139928000", "interestAndDebtExpense": "None", "netIncomeFromContinuingOperations": "461598000", "comprehensiveIncomeNetOfTax": "None", "ebit": "772895000", "ebitda": "865014000", "netIncome": "461544000"}, {"fiscalDateEnding": "2025-06-30", "reportedCurrency": "USD", "grossProfit": "2536530000", "totalRevenue": "6054457000", "costOfRevenue": "3517927000", "costofGoodsAndServicesSold": "3517927000", "operatingIncome": "484293000", "sellingGeneralAndAdministrative": "449237000", "researchAndDevelopment": "725288000", "operatingExpenses": "2052237000", "investmentIncomeNet": "None", "netInterestIncome": "-23687000", "interestIncome": "None", "interestExpense": "23687000", "nonInterestIncome": "None", "otherNonOperatingIncome": "None", "depreciation": "None", "depreciationAndAmortization": "92397000", "incomeBeforeTax": "659382000", "incomeTaxExpense": "121048000", "interestAndDebtExpense": "None", "netIncomeFromContinuingOperations": "538334000", "comprehensiveIncomeNetOfTax": "None", "ebit": "778383000", "ebitda": "870780000", "netIncome": "538458000"}, {"fiscalDateEnding": "2025-03-31", "reportedCurrency": "USD", "grossProfit": "2255947000", "totalRevenue": "5771796000", "costOfRevenue": "3515849000", "costofGoodsAndServicesSold": "3515849000", "operatingIncome": "499311000", "sellingGeneralAndAdministrative": "491797000", "researchAndDevelopment": "760699000", "operatingExpenses": "1756636000", "investmentIncomeNet": "None", "netInterestIncome": "-17243000", "interestIncome": "None", "interestExpense": "17243000", "nonInterestIncome": "None", "otherNonOperatingIncome": "None", "depreciation": "None", "depreciationAndAmortization": "88948000", "incomeBeforeTax": "227050000", "incomeTaxExpense": "38328000", "interestAndDebtExpense": "None", "netIncomeFromContinuingOperations": "188722000", "comprehensiveIncomeNetOfTax": "None", "ebit": "244293000", "ebitda": "333241000", "netIncome": "189872000"}, {"fiscalDateEnding": "2024-12-31", "reportedCurrency": "USD", "grossProfit": "2276805000", "totalRevenue": "6032561000", "costOfRevenue": "3755756000", "costofGoodsAndServicesSold": "3755756000", "operatingIncome": "461065000", "sellingGeneralAndAdministrative": "635208000", "researchAndDevelopment": "769695000", "operatingExpenses": "1815740000", "investmentIncomeNet": "None", "netInterestIncome": "-16107000", "interestIncome": "None", "interestExpense": "16107000", "nonInterestIncome": "None", "otherNonOperatingIncome": "None", "depreciation": "None", "depreciationAndAmortization": "88878000", "incomeBeforeTax": "277794000", "incomeTaxExpense": "-1646875000", "interestAndDebtExpense": "None", "netIncomeFromContinuingOperations": "1924669000", "comprehensiveIncomeNetOfTax": "None", "ebit": "293901000", "ebitda": "382779000", "netIncome": "1946020000"}, {"fiscalDateEnding": "2024-09-30", "reportedCurrency": "USD", "grossProfit": "2249685000", "totalRevenue": "5975801000", "costOfRevenue": "3726116000", "costofGoodsAndServicesSold": "3726116000", "operatingIncome": "323009000", "sellingGeneralAndAdministrative": "475855000", "researchAndDevelopment": "710983000", "operatingExpenses": "1926676000", "investmentIncomeNet": "None", "netInterestIncome": "-13811000", "interestIncome": "None", "interestExpense": "13811000", "nonInterestIncome": "None", "otherNonOperatingIncome": "None", "depreciation": "None", "depreciationAndAmortization": "92706000", "incomeBeforeTax": "324147000", "incomeTaxExpense": "43011000", "interestAndDebtExpense": "None", "netIncomeFromContinuingOperations": "281136000", "comprehensiveIncomeNetOfTax": "None", "ebit": "515071000", "ebitda": "607777000", "netIncome": "283754000"}, {"fiscalDateEnding": "2024-06-30", "reportedCurrency": "USD", "grossProfit": "2192667000", "totalRevenue": "6155563000", "costOfRevenue": "3962896000", "costofGoodsAndServicesSold": "3962896000", "operatingIncome": "532528000", "sellingGeneralAndAdministrative": "473568000", "researchAndDevelopment": "713163000", "operatingExpenses": "1660139000", "investmentIncomeNet": "None", "netInterestIncome": "1871000", "interestIncome": "1871000", "interestExpense": "None", "nonInterestIncome": "None", "otherNonOperatingIncome": "None", "depreciation": "None", "depreciationAndAmortization": "96903000", "incomeBeforeTax": "248901000", "incomeTaxExpense": "59029000", "interestAndDebtExpense": "None", "netIncomeFromContinuingOperations": "189872000", "comprehensiveIncomeNetOfTax": "None", "ebit": "248901000", "ebitda": "345804000", "netIncome": "195268000"}, {"fiscalDateEnding": "2024-03-31", "reportedCurrency": "USD", "grossProfit": "2094473000", "totalRevenue": "5957128000", "costOfRevenue": "3862655000", "costofGoodsAndServicesSold": "3862655000", "operatingIncome": "249743000", "sellingGeneralAndAdministrative": "471260000", "researchAndDevelopment": "720574000", "operatingExpenses": "1844730000", "investmentIncomeNet": "None", "netInterestIncome": "18745000", "interestIncome": "18745000", "interestExpense": "None", "nonInterestIncome": "None", "otherNonOperatingIncome": "None", "depreciation": "None", "depreciationAndAmortization": "97640000", "incomeBeforeTax": "506312000", "incomeTaxExpense": "35492000", "interestAndDebtExpense": "None", "netIncomeFromContinuingOperations": "470820000", "comprehensiveIncomeNetOfTax": "None", "ebit": "415472000", "ebitda": "513112000", "netIncome": "472005000"}, {"fiscalDateEnding": "2023-12-31", "reportedCurrency": "USD", "grossProfit": "1982625000", "totalRevenue": "5773042000", "costOfRevenue": "3790417000", "costofGoodsAndServicesSold": "3790417000", "operatingIncome": "167298000", "sellingGeneralAndAdministrative": "746187000", "researchAndDevelopment": "685422000", "operatingExpenses": "1815327000", "investmentIncomeNet": "None", "netInterestIncome": "18701000", "interestIncome": "None", "interestExpense": "18701000", "nonInterestIncome": "None", "otherNonOperatingIncome": "None", "depreciation": "None", "depreciationAndAmortization": "105324000", "incomeBeforeTax": "106012000", "incomeTaxExpense": "-51792000", "interestAndDebtExpense": "None", "netIncomeFromContinuingOperations": "157804000", "comprehensiveIncomeNetOfTax": "None", "ebit": "106012000", "ebitda": "211336000", "netIncome": "178070000"}, {"fiscalDateEnding": "2023-09-30", "reportedCurrency": "USD", "grossProfit": "1841484000", "totalRevenue": "5617493000", "costOfRevenue": "3776009000", "costofGoodsAndServicesSold": "3776009000", "operatingIncome": "170821000", "sellingGeneralAndAdministrative": "480885000", "researchAndDevelopment": "713788000", "operatingExpenses": "1670663000", "investmentIncomeNet": "None", "netInterestIncome": "21415000", "interestIncome": "20832000", "interestExpense": "21415000", "nonInterestIncome": "None", "otherNonOperatingIncome": "None", "depreciation": "None", "depreciationAndAmortization": "115518000", "incomeBeforeTax": "-12405000", "incomeTaxExpense": "81139000", "interestAndDebtExpense": "None", "netIncomeFromContinuingOperations": "-33760000", "comprehensiveIncomeNetOfTax": "None", "ebit": "-12405000", "ebitda": "103113000", "netIncome": "-88738000"}, {"fiscalDateEnding": "2023-06-30", "reportedCurrency": "USD", "grossProfit": "1829236000", "totalRevenue": "5534957000", "costOfRevenue": "3705721000", "costofGoodsAndServicesSold": "3705721000", "operatingIncome": "150013000", "sellingGeneralAndAdministrative": "549293000", "researchAndDevelopment": "694672000", "operatingExpenses": "1679223000", "investmentIncomeNet": "None", "netInterestIncome": "3944000", "interestIncome": "2574000", "interestExpense": "3944000", "nonInterestIncome": "None", "otherNonOperatingIncome": "-1379000", "depreciation": "None", "depreciationAndAmortization": "94545000", "incomeBeforeTax": "-113528000", "incomeTaxExpense": "-8150000", "interestAndDebtExpense": "None", "netIncomeFromContinuingOperations": "-125842000", "comprehensiveIncomeNetOfTax": "None", "ebit": "-113528000", "ebitda": "-18983000", "netIncome": "-102042000"}, {"fiscalDateEnding": "2023-03-31", "reportedCurrency": "USD", "grossProfit": "1677497000", "totalRevenue": "4990131000", "costOfRevenue": "3312634000", "costofGoodsAndServicesSold": "3312634000", "operatingIncome": "123203000", "sellingGeneralAndAdministrative": "432825000", "researchAndDevelopment": "626937000", "operatingExpenses": "1554294000", "investmentIncomeNet": "None", "netInterestIncome": "3161000", "interestIncome": "11724000", "interestExpense": "3161000", "nonInterestIncome": "None", "otherNonOperatingIncome": "-18371000", "depreciation": "None", "depreciationAndAmortization": "93173000", "incomeBeforeTax": "74706000", "incomeTaxExpense": "-21122000", "interestAndDebtExpense": "None", "netIncomeFromContinuingOperations": "-19326000", "comprehensiveIncomeNetOfTax": "None", "ebit": "74706000", "ebitda": "167879000", "netIncome": "98316000"}, {"fiscalDateEnding": "2022-12-31", "reportedCurrency": "USD", "grossProfit": "1577653000", "totalRevenue": "4650902000", "costOfRevenue": "3073249000", "costofGoodsAndServicesSold": "3073249000", "operatingIncome": "70706000", "sellingGeneralAndAdministrative": "451543000", "researchAndDevelopment": "574581000", "operatingExpenses": "1506947000", "investmentIncomeNet": "None", "netInterestIncome": "-1472000", "interestIncome": "28071000", "interestExpense": "1472000", "nonInterestIncome": "None", "otherNonOperatingIncome": "24407000", "depreciation": "None", "depreciationAndAmortization": "149760000", "incomeBeforeTax": "-112246000", "incomeTaxExpense": "5375000", "interestAndDebtExpense": "None", "netIncomeFromContinuingOperations": "-117621000", "comprehensiveIncomeNetOfTax": "None", "ebit": "-110774000", "ebitda": "38986000", "netIncome": "-113823000"}, {"fiscalDateEnding": "2022-09-30", "reportedCurrency": "USD", "grossProfit": "1529728000", "totalRevenue": "4515541000", "costOfRevenue": "2985813000", "costofGoodsAndServicesSold": "2985813000", "operatingIncome": "100416000", "sellingGeneralAndAdministrative": "395437000", "researchAndDevelopment": "548037000", "operatingExpenses": "1429312000", "investmentIncomeNet": "None", "netInterestIncome": "-6042000", "interestIncome": "6754000", "interestExpense": "6042000", "nonInterestIncome": "None", "otherNonOperatingIncome": "18798000", "depreciation": "None", "depreciationAndAmortization": "111808000", "incomeBeforeTax": "-36033000", "incomeTaxExpense": "-17289000", "interestAndDebtExpense": "None", "netIncomeFromContinuingOperations": "-18744000", "comprehensiveIncomeNetOfTax": "None", "ebit": "-29991000", "ebitda": "81817000", "netIncome": "-14711000"}, {"fiscalDateEnding": "2022-06-30", "reportedCurrency": "USD", "grossProfit": "1430259000", "totalRevenue": "4404499000", "costOfRevenue": "2974240000", "costofGoodsAndServicesSold": "2974240000", "operatingIncome": "-21115000", "sellingGeneralAndAdministrative": "395720000", "researchAndDevelopment": "524827000", "operatingExpenses": "1451374000", "investmentIncomeNet": "None", "netInterestIncome": "-12966000", "interestIncome": "18081000", "interestExpense": "12966000", "nonInterestIncome": "None", "otherNonOperatingIncome": "18766000", "depreciation": "None", "depreciationAndAmortization": "116014000", "incomeBeforeTax": "-207973000", "incomeTaxExpense": "1304000", "interestAndDebtExpense": "None", "netIncomeFromContinuingOperations": "-209277000", "comprehensiveIncomeNetOfTax": "None", "ebit": "-195006999", "ebitda": "-78992999", "netIncome": "-208014000"}, {"fiscalDateEnding": "2022-03-31", "reportedCurrency": "USD", "grossProfit": "1294960000", "totalRevenue": "3960645000", "costOfRevenue": "2665685000", "costofGoodsAndServicesSold": "2665685000", "operatingIncome": "-226789000", "sellingGeneralAndAdministrative": "444149000", "researchAndDevelopment": "458224000", "operatingExpenses": "1521749000", "investmentIncomeNet": "None", "netInterestIncome": "-15748000", "interestIncome": "33993000", "interestExpense": "15748000", "nonInterestIncome": "None", "otherNonOperatingIncome": "33472000", "depreciation": "None", "depreciationAndAmortization": "70056000", "incomeBeforeTax": "-209065000", "incomeTaxExpense": "-1702000", "interestAndDebtExpense": "None", "netIncomeFromContinuingOperations": "-207363000", "comprehensiveIncomeNetOfTax": "None", "ebit": "-135639000", "ebitda": "-65583000", "netIncome": "-204199000"}, {"fiscalDateEnding": "2021-12-31", "reportedCurrency": "USD", "grossProfit": "1149582000", "totalRevenue": "4078534000", "costOfRevenue": "2928952000", "costofGoodsAndServicesSold": "2928952000", "operatingIncome": "24118000", "sellingGeneralAndAdministrative": "298921000", "researchAndDevelopment": "375157000", "operatingExpenses": "1125464000", "investmentIncomeNet": "None", "netInterestIncome": "-12998000", "interestIncome": "18513000", "interestExpense": "12998000", "nonInterestIncome": "None", "otherNonOperatingIncome": "-6775000", "depreciation": "None", "depreciationAndAmortization": "60210000", "incomeBeforeTax": "-74387000", "incomeTaxExpense": "6597000", "interestAndDebtExpense": "None", "netIncomeFromContinuingOperations": "-80984000", "comprehensiveIncomeNetOfTax": "None", "ebit": "-61389000", "ebitda": "-1179000", "netIncome": "-76829000"}, {"fiscalDateEnding": "2021-09-30", "reportedCurrency": "USD", "grossProfit": "1133215000", "totalRevenue": "3844727000", "costOfRevenue": "2711512000", "costofGoodsAndServicesSold": "2711512000", "operatingIncome": "91302000", "sellingGeneralAndAdministrative": "267476000", "researchAndDevelopment": "366587000", "operatingExpenses": "1041913000", "investmentIncomeNet": "None", "netInterestIncome": "-13409000", "interestIncome": "20245000", "interestExpense": "13409000", "nonInterestIncome": "None", "otherNonOperatingIncome": "-12011000", "depreciation": "None", "depreciationAndAmortization": "59043000", "incomeBeforeTax": "-2424000", "incomeTaxExpense": "452000", "interestAndDebtExpense": "None", "netIncomeFromContinuingOperations": "-2876000", "comprehensiveIncomeNetOfTax": "None", "ebit": "10985000", "ebitda": "70028000", "netIncome": "84000"}, {"fiscalDateEnding": "2021-06-30", "reportedCurrency": "USD", "grossProfit": "1141064000", "totalRevenue": "4680672000", "costOfRevenue": "3539608000", "costofGoodsAndServicesSold": "3539608000", "operatingIncome": "124994000", "sellingGeneralAndAdministrative": "220865000", "researchAndDevelopment": "324059000", "operatingExpenses": "1016070000", "investmentIncomeNet": "None", "netInterestIncome": "-6464000", "interestIncome": "70280000", "interestExpense": "6464000", "nonInterestIncome": "None", "otherNonOperatingIncome": "75788000", "depreciation": "None", "depreciationAndAmortization": "28394000", "incomeBeforeTax": "194318000", "incomeTaxExpense": "-9360000", "interestAndDebtExpense": "None", "netIncomeFromContinuingOperations": "203678000", "comprehensiveIncomeNetOfTax": "None", "ebit": "200782000", "ebitda": "229176000", "netIncome": "204021000"}, {"fiscalDateEnding": "2021-03-31", "reportedCurrency": "USD", "grossProfit": "963501000", "totalRevenue": "5057270000", "costOfRevenue": "4093769000", "costofGoodsAndServicesSold": "4093769000", "operatingIncome": "67736000", "sellingGeneralAndAdministrative": "195909000", "researchAndDevelopment": "310141000", "operatingExpenses": "895765000", "investmentIncomeNet": "None", "netInterestIncome": "-253000", "interestIncome": "29153000", "interestExpense": "253000", "nonInterestIncome": "None", "otherNonOperatingIncome": "-27528000", "depreciation": "None", "depreciationAndAmortization": "29201000", "incomeBeforeTax": "39955000", "incomeTaxExpense": "947000", "interestAndDebtExpense": "None", "netIncomeFromContinuingOperations": "39008000", "comprehensiveIncomeNetOfTax": "None", "ebit": "40208000", "ebitda": "69409000", "netIncome": "39008000"}, {"fiscalDateEnding": "2020-12-31", "reportedCurrency": "USD", "grossProfit": "784724000", "totalRevenue": "3158970000", "costOfRevenue": "2374246000", "costofGoodsAndServicesSold": "2374246000", "operatingIncome": "65187000", "sellingGeneralAndAdministrative": "159420000", "researchAndDevelopment": "240603000", "operatingExpenses": "719537000", "investmentIncomeNet": "None", "netInterestIncome": "-17988000", "interestIncome": "256311000", "interestExpense": "17988000", "nonInterestIncome": "None", "otherNonOperatingIncome": "271212000", "depreciation": "None", "depreciationAndAmortization": "41942000", "incomeBeforeTax": "298407000", "incomeTaxExpense": "4448000", "interestAndDebtExpense": "None", "netIncomeFromContinuingOperations": "293959000", "comprehensiveIncomeNetOfTax": "None", "ebit": "316395000", "ebitda": "358337000", "netIncome": "293959000"}, {"fiscalDateEnding": "2020-09-30", "reportedCurrency": "USD", "grossProfit": "777307000", "totalRevenue": "3033874000", "costOfRevenue": "2256567000", "costofGoodsAndServicesSold": "2256567000", "operatingIncome": "64899000", "sellingGeneralAndAdministrative": "153902000", "researchAndDevelopment": "215021000", "operatingExpenses": "712408000", "investmentIncomeNet": "None", "netInterestIncome": "-14980000", "interestIncome": "14980000", "interestExpense": "14980000", "nonInterestIncome": "None", "otherNonOperatingIncome": "784000", "depreciation": "None", "depreciationAndAmortization": "39063000", "incomeBeforeTax": "35146000", "incomeTaxExpense": "-1369000", "interestAndDebtExpense": "None", "netIncomeFromContinuingOperations": "36515000", "comprehensiveIncomeNetOfTax": "None", "ebit": "50126000", "ebitda": "89189000", "netIncome": "36515000"}, {"fiscalDateEnding": "2020-06-30", "reportedCurrency": "USD", "grossProfit": "577975000", "totalRevenue": "1923625000", "costOfRevenue": "1345650000", "costofGoodsAndServicesSold": "1345650000", "operatingIncome": "14551000", "sellingGeneralAndAdministrative": "136386000", "researchAndDevelopment": "194129000", "operatingExpenses": "563424000", "investmentIncomeNet": "None", "netInterestIncome": "-14769000", "interestIncome": "6229000", "interestExpense": "14769000", "nonInterestIncome": "None", "otherNonOperatingIncome": "25591000", "depreciation": "None", "depreciationAndAmortization": "38274000", "incomeBeforeTax": "-12230000", "incomeTaxExpense": "-752000", "interestAndDebtExpense": "None", "netIncomeFromContinuingOperations": "-11478000", "comprehensiveIncomeNetOfTax": "None", "ebit": "2539000", "ebitda": "40813000", "netIncome": "-11478000"}, {"fiscalDateEnding": "2020-03-31", "reportedCurrency": "USD", "grossProfit": "520866000", "totalRevenue": "1381109000", "costOfRevenue": "860243000", "costofGoodsAndServicesSold": "860243000", "operatingIncome": "18595000", "sellingGeneralAndAdministrative": "129495000", "researchAndDevelopment": "182650000", "operatingExpenses": "502271000", "investmentIncomeNet": "None", "netInterestIncome": "-9206000", "interestIncome": "9206000", "interestExpense": "9206000", "nonInterestIncome": "None", "otherNonOperatingIncome": "-5862000", "depreciation": "None", "depreciationAndAmortization": "35186000", "incomeBeforeTax": "-105356000", "incomeTaxExpense": "535000", "interestAndDebtExpense": "None", "netIncomeFromContinuingOperations": "-105891000", "comprehensiveIncomeNetOfTax": "None", "ebit": "-96150000", "ebitda": "-60964000", "netIncome": "-105891000"}, {"fiscalDateEnding": "2019-12-31", "reportedCurrency": "USD", "grossProfit": "510358000", "totalRevenue": "1313429000", "costOfRevenue": "803071000", "costofGoodsAndServicesSold": "803071000", "operatingIncome": "49480000", "sellingGeneralAndAdministrative": "118164000", "researchAndDevelopment": "161838000", "operatingExpenses": "460878000", "investmentIncomeNet": "None", "netInterestIncome": "-6060000", "interestIncome": "1919000", "interestExpense": "6060000", "nonInterestIncome": "None", "otherNonOperatingIncome": "None", "depreciation": "None", "depreciationAndAmortization": "26465000", "incomeBeforeTax": "391448000", "incomeTaxExpense": "508000", "interestAndDebtExpense": "None", "netIncomeFromContinuingOperations": "390940000", "comprehensiveIncomeNetOfTax": "None", "ebit": "397508000", "ebitda": "423973000", "netIncome": "390940000"}, {"fiscalDateEnding": "2019-09-30", "reportedCurrency": "USD", "grossProfit": "482953000", "totalRevenue": "1266474000", "costOfRevenue": "783521000", "costofGoodsAndServicesSold": "783521000", "operatingIncome": "64816000", "sellingGeneralAndAdministrative": "115980000", "researchAndDevelopment": "156838000", "operatingExpenses": "418137000", "investmentIncomeNet": "None", "netInterestIncome": "-5632000", "interestIncome": "3170000", "interestExpense": "5632000", "nonInterestIncome": "None", "otherNonOperatingIncome": "5541000", "depreciation": "None", "depreciationAndAmortization": "26721000", "incomeBeforeTax": "32003000", "incomeTaxExpense": "2606000", "interestAndDebtExpense": "None", "netIncomeFromContinuingOperations": "29397000", "comprehensiveIncomeNetOfTax": "None", "ebit": "37635000", "ebitda": "64356000", "netIncome": "29397000"}, {"fiscalDateEnding": "2019-06-30", "reportedCurrency": "USD", "grossProfit": "448972000", "totalRevenue": "1174238000", "costOfRevenue": "725266000", "costofGoodsAndServicesSold": "725266000", "operatingIncome": "33421000", "sellingGeneralAndAdministrative": "100508000", "researchAndDevelopment": "162723000", "operatingExpenses": "415551000", "investmentIncomeNet": "None", "netInterestIncome": "-5143000", "interestIncome": "9985000", "interestExpense": "5143000", "nonInterestIncome": "None", "otherNonOperatingIncome": "-1230000", "depreciation": "None", "depreciationAndAmortization": "26447000", "incomeBeforeTax": "-7216000", "incomeTaxExpense": "-476000", "interestAndDebtExpense": "None", "netIncomeFromContinuingOperations": "-6740000", "comprehensiveIncomeNetOfTax": "None", "ebit": "-2073000", "ebitda": "24374000", "netIncome": "-6740000"}, {"fiscalDateEnding": "2019-03-31", "reportedCurrency": "USD", "grossProfit": "379518000", "totalRevenue": "959359000", "costOfRevenue": "579841000", "costofGoodsAndServicesSold": "579841000", "operatingIncome": "5799000", "sellingGeneralAndAdministrative": "101598000", "researchAndDevelopment": "142417000", "operatingExpenses": "373719000", "investmentIncomeNet": "None", "netInterestIncome": "-4681000", "interestIncome": "4681000", "interestExpense": "4681000", "nonInterestIncome": "None", "otherNonOperatingIncome": "-11299000", "depreciation": "None", "depreciationAndAmortization": "25661000", "incomeBeforeTax": "-38022000", "incomeTaxExpense": "129000", "interestAndDebtExpense": "None", "netIncomeFromContinuingOperations": "-38151000", "comprehensiveIncomeNetOfTax": "None", "ebit": "-33341000", "ebitda": "-7680000", "netIncome": "-38151000"}, {"fiscalDateEnding": "2018-12-31", "reportedCurrency": "USD", "grossProfit": "359300000", "totalRevenue": "932528000", "costOfRevenue": "573228000", "costofGoodsAndServicesSold": "573228000", "operatingIncome": "21366000", "sellingGeneralAndAdministrative": "95445000", "researchAndDevelopment": "127782000", "operatingExpenses": "337934000", "investmentIncomeNet": "None", "netInterestIncome": "None", "interestIncome": "None", "interestExpense": "17982000", "nonInterestIncome": "None", "otherNonOperatingIncome": "None", "depreciation": "None", "depreciationAndAmortization": "22638000", "incomeBeforeTax": "-27723000", "incomeTaxExpense": "481000", "interestAndDebtExpense": "None", "netIncomeFromContinuingOperations": "-28204000", "comprehensiveIncomeNetOfTax": "None", "ebit": "-22547000", "ebitda": "91000", "netIncome": "-28204000"}, {"fiscalDateEnding": "2018-09-30", "reportedCurrency": "USD", "grossProfit": "351366000", "totalRevenue": "882108000", "costOfRevenue": "530741999", "costofGoodsAndServicesSold": "530741999", "operatingIncome": "17229000", "sellingGeneralAndAdministrative": "85527000", "researchAndDevelopment": "135773000", "operatingExpenses": "334137000", "investmentIncomeNet": "None", "netInterestIncome": "None", "interestIncome": "None", "interestExpense": "7224000", "nonInterestIncome": "None", "otherNonOperatingIncome": "37800000", "depreciation": "None", "depreciationAndAmortization": "15835000", "incomeBeforeTax": "20709000", "incomeTaxExpense": "1066000", "interestAndDebtExpense": "None", "netIncomeFromContinuingOperations": "19643000", "comprehensiveIncomeNetOfTax": "None", "ebit": "27932999", "ebitda": "43767999", "netIncome": "19643000"}, {"fiscalDateEnding": "2018-06-30", "reportedCurrency": "USD", "grossProfit": "315144000", "totalRevenue": "814938000", "costOfRevenue": "499794000", "costofGoodsAndServicesSold": "499794000", "operatingIncome": "20529000", "sellingGeneralAndAdministrative": "82772000", "researchAndDevelopment": "114800000", "operatingExpenses": "294615000", "investmentIncomeNet": "None", "netInterestIncome": "None", "interestIncome": "None", "interestExpense": "2655000", "nonInterestIncome": "None", "otherNonOperatingIncome": "None", "depreciation": "None", "depreciationAndAmortization": "12328000", "incomeBeforeTax": "-5302000", "incomeTaxExpense": "604000", "interestAndDebtExpense": "None", "netIncomeFromContinuingOperations": "-5902000", "comprehensiveIncomeNetOfTax": "None", "ebit": "-2647000", "ebitda": "9681000", "netIncome": "-5906000"}, {"fiscalDateEnding": "2018-03-31", "reportedCurrency": "USD", "grossProfit": "254901000", "totalRevenue": "668603000", "costOfRevenue": "413702000", "costofGoodsAndServicesSold": "413702000", "operatingIncome": "-2961000", "sellingGeneralAndAdministrative": "75501000", "researchAndDevelopment": "105095000", "operatingExpenses": "257862000", "investmentIncomeNet": "None", "netInterestIncome": "None", "interestIncome": "None", "interestExpense": "2819000", "nonInterestIncome": "None", "otherNonOperatingIncome": "None", "depreciation": "None", "depreciationAndAmortization": "10160000", "incomeBeforeTax": "-23811000", "incomeTaxExpense": "175000", "interestAndDebtExpense": "None", "netIncomeFromContinuingOperations": "-24011000", "comprehensiveIncomeNetOfTax": "None", "ebit": "-19004999", "ebitda": "-8844999", "netIncome": "-23986000"}, {"fiscalDateEnding": "2017-12-31", "reportedCurrency": "USD", "grossProfit": "231715000", "totalRevenue": "616035000", "costOfRevenue": "384320000", "costofGoodsAndServicesSold": "384320000", "operatingIncome": "3824000", "sellingGeneralAndAdministrative": "66318000", "researchAndDevelopment": "87412000", "operatingExpenses": "227891000", "investmentIncomeNet": "None", "netInterestIncome": "None", "interestIncome": "None", "interestExpense": "8458000", "nonInterestIncome": "None", "otherNonOperatingIncome": "None", "depreciation": "None", "depreciationAndAmortization": "9632000", "incomeBeforeTax": "-15848000", "incomeTaxExpense": "-185000", "interestAndDebtExpense": "None", "netIncomeFromContinuingOperations": "-49331000", "comprehensiveIncomeNetOfTax": "None", "ebit": "-13008999", "ebitda": "-3376999", "netIncome": "-15663000"}, {"fiscalDateEnding": "2017-09-30", "reportedCurrency": "USD", "grossProfit": "218394000", "totalRevenue": "585159000", "costOfRevenue": "366765000", "costofGoodsAndServicesSold": "366765000", "operatingIncome": "5002000", "sellingGeneralAndAdministrative": "64312000", "researchAndDevelopment": "82547000", "operatingExpenses": "213392000", "investmentIncomeNet": "None", "netInterestIncome": "None", "interestIncome": "None", "interestExpense": "1854000", "nonInterestIncome": "None", "otherNonOperatingIncome": "None", "depreciation": "None", "depreciationAndAmortization": "9085000", "incomeBeforeTax": "-16745000", "incomeTaxExpense": "-647000", "interestAndDebtExpense": "None", "netIncomeFromContinuingOperations": "-16098000", "comprehensiveIncomeNetOfTax": "None", "ebit": "-12055000", "ebitda": "-2970000", "netIncome": "-16097999"}, {"fiscalDateEnding": "2017-06-30", "reportedCurrency": "USD", "grossProfit": "207207000", "totalRevenue": "551505000", "costOfRevenue": "344298000", "costofGoodsAndServicesSold": "344298000", "operatingIncome": "6177000", "sellingGeneralAndAdministrative": "62988000", "researchAndDevelopment": "78126000", "operatingExpenses": "201030000", "investmentIncomeNet": "None", "netInterestIncome": "None", "interestIncome": "None", "interestExpense": "3266000", "nonInterestIncome": "None", "otherNonOperatingIncome": "None", "depreciation": "None", "depreciationAndAmortization": "9117000", "incomeBeforeTax": "-15490000", "incomeTaxExpense": "472000", "interestAndDebtExpense": "None", "netIncomeFromContinuingOperations": "-15990000", "comprehensiveIncomeNetOfTax": "None", "ebit": "-10856000", "ebitda": "-1739000", "netIncome": "-15962000"}, {"fiscalDateEnding": "2017-03-31", "reportedCurrency": "USD", "grossProfit": "173226000", "totalRevenue": "461554000", "costOfRevenue": "288328000", "costofGoodsAndServicesSold": "288328000", "operatingIncome": "-2191000", "sellingGeneralAndAdministrative": "56935000", "researchAndDevelopment": "68582000", "operatingExpenses": "175417000", "investmentIncomeNet": "None", "netInterestIncome": "None", "interestIncome": "None", "interestExpense": "499000", "nonInterestIncome": "None", "otherNonOperatingIncome": "None", "depreciation": "None", "depreciationAndAmortization": "9437000", "incomeBeforeTax": "-14581000", "incomeTaxExpense": "509000", "interestAndDebtExpense": "None", "netIncomeFromContinuingOperations": "-15090000", "comprehensiveIncomeNetOfTax": "None", "ebit": "-13078000", "ebitda": "-3641000", "netIncome": "-15090000"}, {"fiscalDateEnding": "2016-12-31", "reportedCurrency": "USD", "grossProfit": "158834000", "totalRevenue": "451917000", "costOfRevenue": "293083000", "costofGoodsAndServicesSold": "293083000", "operatingIncome": "-944000", "sellingGeneralAndAdministrative": "53027000", "researchAndDevelopment": "61250000", "operatingExpenses": "159778000", "investmentIncomeNet": "None", "netInterestIncome": "None", "interestIncome": "None", "interestExpense": "780000", "nonInterestIncome": "None", "otherNonOperatingIncome": "None", "depreciation": "None", "depreciationAndAmortization": "9928000", "incomeBeforeTax": "-14131000", "incomeTaxExpense": "1036000", "interestAndDebtExpense": "None", "netIncomeFromContinuingOperations": "68963000", "comprehensiveIncomeNetOfTax": "None", "ebit": "-13978000", "ebitda": "-4050000", "netIncome": "-15167000"}, {"fiscalDateEnding": "2016-09-30", "reportedCurrency": "USD", "grossProfit": "150314000", "totalRevenue": "439002000", "costOfRevenue": "288688000", "costofGoodsAndServicesSold": "288688000", "operatingIncome": "-31982000", "sellingGeneralAndAdministrative": "52075000", "researchAndDevelopment": "70418000", "operatingExpenses": "182296000", "investmentIncomeNet": "None", "netInterestIncome": "None", "interestIncome": "None", "interestExpense": "111000", "nonInterestIncome": "None", "otherNonOperatingIncome": "-294000", "depreciation": "None", "depreciationAndAmortization": "9681000", "incomeBeforeTax": "-32093000", "incomeTaxExpense": "230000", "interestAndDebtExpense": "None", "netIncomeFromContinuingOperations": "-32323000", "comprehensiveIncomeNetOfTax": "None", "ebit": "-19097000", "ebitda": "-9416000", "netIncome": "-32323000"}, {"fiscalDateEnding": "2016-06-30", "reportedCurrency": "USD", "grossProfit": "148959000", "totalRevenue": "438533000", "costOfRevenue": "289574000", "costofGoodsAndServicesSold": "289574000", "operatingIncome": "-27360000", "sellingGeneralAndAdministrative": "50784000", "researchAndDevelopment": "68638000", "operatingExpenses": "176319000", "investmentIncomeNet": "None", "netInterestIncome": "None", "interestIncome": "None", "interestExpense": "129000", "nonInterestIncome": "None", "otherNonOperatingIncome": "198000", "depreciation": "None", "depreciationAndAmortization": "9018000", "incomeBeforeTax": "-27033000", "incomeTaxExpense": "312000", "interestAndDebtExpense": "None", "netIncomeFromContinuingOperations": "-27345000", "comprehensiveIncomeNetOfTax": "None", "ebit": "-29360000", "ebitda": "-20342000", "netIncome": "-27345000"}, {"fiscalDateEnding": "2016-03-31", "reportedCurrency": "USD", "grossProfit": "110240000", "totalRevenue": "379269000", "costOfRevenue": "269029000", "costofGoodsAndServicesSold": "269029000", "operatingIncome": "-97133000", "sellingGeneralAndAdministrative": "96107000", "researchAndDevelopment": "64592000", "operatingExpenses": "207373000", "investmentIncomeNet": "None", "netInterestIncome": "None", "interestIncome": "None", "interestExpense": "69000", "nonInterestIncome": "None", "otherNonOperatingIncome": "786000", "depreciation": "None", "depreciationAndAmortization": "9118000", "incomeBeforeTax": "-96416000", "incomeTaxExpense": "339000", "interestAndDebtExpense": "None", "netIncomeFromContinuingOperations": "-96755000", "comprehensiveIncomeNetOfTax": "None", "ebit": "-89272000", "ebitda": "-80154000", "netIncome": "-96755000"}, {"fiscalDateEnding": "2015-12-31", "reportedCurrency": "USD", "grossProfit": "109093000", "totalRevenue": "374360000", "costOfRevenue": "265267000", "costofGoodsAndServicesSold": "265267000", "operatingIncome": "-47817000", "sellingGeneralAndAdministrative": "45723000", "researchAndDevelopment": "59186000", "operatingExpenses": "156910000", "investmentIncomeNet": "None", "netInterestIncome": "None", "interestIncome": "None", "interestExpense": "1163000", "nonInterestIncome": "None", "otherNonOperatingIncome": "None", "depreciation": "None", "depreciationAndAmortization": "9100000", "incomeBeforeTax": "-47045000", "incomeTaxExpense": "1244000", "interestAndDebtExpense": "None", "netIncomeFromContinuingOperations": "-179817000", "comprehensiveIncomeNetOfTax": "None", "ebit": "-34648000", "ebitda": "-25548000", "netIncome": "-48289000"}, {"fiscalDateEnding": "2015-09-30", "reportedCurrency": "USD", "grossProfit": "96310000", "totalRevenue": "332188000", "costOfRevenue": "235878000", "costofGoodsAndServicesSold": "235878000", "operatingIncome": "-52217000", "sellingGeneralAndAdministrative": "37820000", "researchAndDevelopment": "55020000", "operatingExpenses": "148527000", "investmentIncomeNet": "None", "netInterestIncome": "None", "interestIncome": "None", "interestExpense": "137000", "nonInterestIncome": "None", "otherNonOperatingIncome": "None", "depreciation": "None", "depreciationAndAmortization": "6571000", "incomeBeforeTax": "-52998000", "incomeTaxExpense": "932000", "interestAndDebtExpense": "None", "netIncomeFromContinuingOperations": "0", "comprehensiveIncomeNetOfTax": "None", "ebit": "-36213000", "ebitda": "-29642000", "netIncome": "-53930000"}, {"fiscalDateEnding": "2015-06-30", "reportedCurrency": "USD", "grossProfit": "90342000", "totalRevenue": "310013000", "costOfRevenue": "219671000", "costofGoodsAndServicesSold": "219671000", "operatingIncome": "-28074000", "sellingGeneralAndAdministrative": "31804000", "researchAndDevelopment": "45887000", "operatingExpenses": "118416000", "investmentIncomeNet": "None", "netInterestIncome": "None", "interestIncome": "None", "interestExpense": "444000", "nonInterestIncome": "None", "otherNonOperatingIncome": "None", "depreciation": "None", "depreciationAndAmortization": "6409000", "incomeBeforeTax": "-28468000", "incomeTaxExpense": "1152000", "interestAndDebtExpense": "None", "netIncomeFromContinuingOperations": "0", "comprehensiveIncomeNetOfTax": "None", "ebit": "-19560000", "ebitda": "-13151000", "netIncome": "-29620000"}, {"fiscalDateEnding": "2015-03-31", "reportedCurrency": "USD", "grossProfit": "74285000", "totalRevenue": "250557000", "costOfRevenue": "176272000", "costofGoodsAndServicesSold": "176272000", "operatingIncome": "-46350000", "sellingGeneralAndAdministrative": "28119000", "researchAndDevelopment": "39545000", "operatingExpenses": "120635000", "investmentIncomeNet": "None", "netInterestIncome": "None", "interestIncome": "None", "interestExpense": "414000", "nonInterestIncome": "None", "otherNonOperatingIncome": "None", "depreciation": "None", "depreciationAndAmortization": "5546000", "incomeBeforeTax": "-47560000", "incomeTaxExpense": "418000", "interestAndDebtExpense": "None", "netIncomeFromContinuingOperations": "0", "comprehensiveIncomeNetOfTax": "None", "ebit": "-30028000", "ebitda": "-24482000", "netIncome": "-47978000"}, {"fiscalDateEnding": "2014-12-31", "reportedCurrency": "USD", "grossProfit": "68327000", "totalRevenue": "250894000", "costOfRevenue": "182567000", "costofGoodsAndServicesSold": "182567000", "operatingIncome": "-34565000", "sellingGeneralAndAdministrative": "25635000", "researchAndDevelopment": "39670000", "operatingExpenses": "102892000", "investmentIncomeNet": "None", "netInterestIncome": "None", "interestIncome": "None", "interestExpense": "443000", "nonInterestIncome": "None", "otherNonOperatingIncome": "None", "depreciation": "None", "depreciationAndAmortization": "5743000", "incomeBeforeTax": "-35375000", "incomeTaxExpense": "1697000", "interestAndDebtExpense": "None", "netIncomeFromContinuingOperations": "-154093000", "comprehensiveIncomeNetOfTax": "None", "ebit": "-28310000", "ebitda": "-22567000", "netIncome": "-37072000"}, {"fiscalDateEnding": "2014-09-30", "reportedCurrency": "USD", "grossProfit": "61139000", "totalRevenue": "227420000", "costOfRevenue": "166281000", "costofGoodsAndServicesSold": "166281000", "operatingIncome": "-35991000", "sellingGeneralAndAdministrative": "24514000", "researchAndDevelopment": "39483000", "operatingExpenses": "97130000", "investmentIncomeNet": "None", "netInterestIncome": "None", "interestIncome": "None", "interestExpense": "433000", "nonInterestIncome": "None", "otherNonOperatingIncome": "None", "depreciation": "None", "depreciationAndAmortization": "5130000", "incomeBeforeTax": "-37381000", "incomeTaxExpense": "285000", "interestAndDebtExpense": "None", "netIncomeFromContinuingOperations": "0", "comprehensiveIncomeNetOfTax": "None", "ebit": "-29133000", "ebitda": "-24003000", "netIncome": "-37666000"}, {"fiscalDateEnding": "2014-06-30", "reportedCurrency": "USD", "grossProfit": "54544000", "totalRevenue": "206796000", "costOfRevenue": "152252000", "costofGoodsAndServicesSold": "152252000", "operatingIncome": "-35590000", "sellingGeneralAndAdministrative": "20669000", "researchAndDevelopment": "34743000", "operatingExpenses": "90134000", "investmentIncomeNet": "None", "netInterestIncome": "None", "interestIncome": "None", "interestExpense": "180000", "nonInterestIncome": "None", "otherNonOperatingIncome": "None", "depreciation": "None", "depreciationAndAmortization": "3699000", "incomeBeforeTax": "-35096000", "incomeTaxExpense": "268000", "interestAndDebtExpense": "None", "netIncomeFromContinuingOperations": "0", "comprehensiveIncomeNetOfTax": "None", "ebit": "-35590000", "ebitda": "-31891000", "netIncome": "-35364000"}, {"fiscalDateEnding": "2014-03-31", "reportedCurrency": "USD", "grossProfit": "42336000", "totalRevenue": "165082000", "costOfRevenue": "122746000", "costofGoodsAndServicesSold": "122746000", "operatingIncome": "-44345000", "sellingGeneralAndAdministrative": "23402000", "researchAndDevelopment": "31013000", "operatingExpenses": "86681000", "investmentIncomeNet": "None", "netInterestIncome": "None", "interestIncome": "None", "interestExpense": "2000", "nonInterestIncome": "None", "otherNonOperatingIncome": "None", "depreciation": "None", "depreciationAndAmortization": "3314000", "incomeBeforeTax": "-44801000", "incomeTaxExpense": "-810000", "interestAndDebtExpense": "None", "netIncomeFromContinuingOperations": "0", "comprehensiveIncomeNetOfTax": "None", "ebit": "-44345000", "ebitda": "-41031000", "netIncome": "-43991000"}, {"fiscalDateEnding": "2013-12-31", "reportedCurrency": "USD", "grossProfit": "137057000", "totalRevenue": "552433000", "costOfRevenue": "415376000", "costofGoodsAndServicesSold": "415376000", "operatingIncome": "0", "sellingGeneralAndAdministrative": "231097000", "researchAndDevelopment": "82864000", "operatingExpenses": "0", "investmentIncomeNet": "None", "netInterestIncome": "None", "interestIncome": "None", "interestExpense": "0", "nonInterestIncome": "None", "otherNonOperatingIncome": "None", "depreciation": "None", "depreciationAndAmortization": "None", "incomeBeforeTax": "0", "incomeTaxExpense": "513000", "interestAndDebtExpense": "None", "netIncomeFromContinuingOperations": "0", "comprehensiveIncomeNetOfTax": "None", "ebit": "0", "ebitda": "None", "netIncome": "0"}]}