{"symbol": "FRT", "annualReports": [{"fiscalDateEnding": "2025-12-31", "reportedCurrency": "USD", "grossProfit": "124408000", "totalRevenue": "1278804000", "costOfRevenue": "1154396000", "costofGoodsAndServicesSold": "1154396000", "operatingIncome": "459513000", "sellingGeneralAndAdministrative": "46913000", "researchAndDevelopment": "None", "operatingExpenses": "-335105000", "investmentIncomeNet": "None", "netInterestIncome": "-180471000", "interestIncome": "3143000", "interestExpense": "181114000", "nonInterestIncome": "None", "otherNonOperatingIncome": "None", "depreciation": "None", "depreciationAndAmortization": "367842000", "incomeBeforeTax": "423648000", "incomeTaxExpense": "None", "interestAndDebtExpense": "None", "netIncomeFromContinuingOperations": "423648000", "comprehensiveIncomeNetOfTax": "None", "ebit": "604762000", "ebitda": "972604000", "netIncome": "411077000"}, {"fiscalDateEnding": "2024-12-31", "reportedCurrency": "USD", "grossProfit": "810653000", "totalRevenue": "1202452000", "costOfRevenue": "391799000", "costofGoodsAndServicesSold": "391799000", "operatingIncome": "472356000", "sellingGeneralAndAdministrative": "49739000", "researchAndDevelopment": "None", "operatingExpenses": "338297000", "investmentIncomeNet": "None", "netInterestIncome": "-171182000", "interestIncome": "4294000", "interestExpense": "175476000", "nonInterestIncome": "None", "otherNonOperatingIncome": "None", "depreciation": "None", "depreciationAndAmortization": "342598000", "incomeBeforeTax": "304334000", "incomeTaxExpense": "-9126000", "interestAndDebtExpense": "None", "netIncomeFromContinuingOperations": "304334000", "comprehensiveIncomeNetOfTax": "None", "ebit": "479810000", "ebitda": "822408000", "netIncome": "295208000"}, {"fiscalDateEnding": "2023-12-31", "reportedCurrency": "USD", "grossProfit": "769059000", "totalRevenue": "1132154000", "costOfRevenue": "363095000", "costofGoodsAndServicesSold": "363095000", "operatingIncome": "406470000", "sellingGeneralAndAdministrative": "50707000", "researchAndDevelopment": "0.22", "operatingExpenses": "362589000", "investmentIncomeNet": "None", "netInterestIncome": "-163122000", "interestIncome": "4687000", "interestExpense": "167809000", "nonInterestIncome": "None", "otherNonOperatingIncome": "None", "depreciation": "None", "depreciationAndAmortization": "321763000", "incomeBeforeTax": "247217000", "incomeTaxExpense": "181910000", "interestAndDebtExpense": "None", "netIncomeFromContinuingOperations": "247217000", "comprehensiveIncomeNetOfTax": "None", "ebit": "415026000", "ebitda": "736789000", "netIncome": "236985000"}, {"fiscalDateEnding": "2022-12-31", "reportedCurrency": "USD", "grossProfit": "717596000", "totalRevenue": "1074378000", "costOfRevenue": "356782000", "costofGoodsAndServicesSold": "356782000", "operatingIncome": "526408000", "sellingGeneralAndAdministrative": "52636000", "researchAndDevelopment": "0.37", "operatingExpenses": "191188000", "investmentIncomeNet": "None", "netInterestIncome": "-135917000", "interestIncome": "1072000", "interestExpense": "136989000", "nonInterestIncome": "None", "otherNonOperatingIncome": "6242000", "depreciation": "None", "depreciationAndAmortization": "302409000", "incomeBeforeTax": "395661000", "incomeTaxExpense": "140917000", "interestAndDebtExpense": "None", "netIncomeFromContinuingOperations": "384726000", "comprehensiveIncomeNetOfTax": "None", "ebit": "532650000", "ebitda": "835059000", "netIncome": "385491000"}, {"fiscalDateEnding": "2021-12-31", "reportedCurrency": "USD", "grossProfit": "634607000", "totalRevenue": "951224000", "costOfRevenue": "316617000", "costofGoodsAndServicesSold": "316617000", "operatingIncome": "394725000", "sellingGeneralAndAdministrative": "49856000", "researchAndDevelopment": "0.28", "operatingExpenses": "239882000", "investmentIncomeNet": "None", "netInterestIncome": "-126889000", "interestIncome": "809000", "interestExpense": "127698000", "nonInterestIncome": "None", "otherNonOperatingIncome": "809000", "depreciation": "None", "depreciationAndAmortization": "279976000", "incomeBeforeTax": "269081000", "incomeTaxExpense": "136526000", "interestAndDebtExpense": "None", "netIncomeFromContinuingOperations": "515329000", "comprehensiveIncomeNetOfTax": "None", "ebit": "396779000", "ebitda": "676755000", "netIncome": "261498000"}, {"fiscalDateEnding": "2020-12-31", "reportedCurrency": "USD", "grossProfit": "545332000", "totalRevenue": "835494000", "costOfRevenue": "290162000", "costofGoodsAndServicesSold": "290162000", "operatingIncome": "289524000", "sellingGeneralAndAdministrative": "41680000", "researchAndDevelopment": "0.17", "operatingExpenses": "296707000", "investmentIncomeNet": "None", "netInterestIncome": "-134395000", "interestIncome": "1894000", "interestExpense": "136289000", "nonInterestIncome": "None", "otherNonOperatingIncome": "1894000", "depreciation": "None", "depreciationAndAmortization": "562022000", "incomeBeforeTax": "135888000", "incomeTaxExpense": "132409000", "interestAndDebtExpense": "None", "netIncomeFromContinuingOperations": "423996000", "comprehensiveIncomeNetOfTax": "None", "ebit": "-17471000", "ebitda": "544551000", "netIncome": "135888000"}, {"fiscalDateEnding": "2019-12-31", "reportedCurrency": "USD", "grossProfit": "637030000", "totalRevenue": "935788000", "costOfRevenue": "298758000", "costofGoodsAndServicesSold": "298758000", "operatingIncome": "470911000", "sellingGeneralAndAdministrative": "42754000", "researchAndDevelopment": "0.40", "operatingExpenses": "166119000", "investmentIncomeNet": "None", "netInterestIncome": "-108357000", "interestIncome": "1266000", "interestExpense": "109623000", "nonInterestIncome": "None", "otherNonOperatingIncome": "1266000", "depreciation": "None", "depreciationAndAmortization": "239758000", "incomeBeforeTax": "360542000", "incomeTaxExpense": "114287000", "interestAndDebtExpense": "None", "netIncomeFromContinuingOperations": "575124000", "comprehensiveIncomeNetOfTax": "None", "ebit": "470165000", "ebitda": "709923000", "netIncome": "353866000"}, {"fiscalDateEnding": "2018-12-31", "reportedCurrency": "USD", "grossProfit": "627566000", "totalRevenue": "915436000", "costOfRevenue": "287870000", "costofGoodsAndServicesSold": "287870000", "operatingIncome": "361636000", "sellingGeneralAndAdministrative": "33600000", "researchAndDevelopment": "0.28", "operatingExpenses": "265930000", "investmentIncomeNet": "None", "netInterestIncome": "-109212000", "interestIncome": "942000", "interestExpense": "110154000", "nonInterestIncome": "None", "otherNonOperatingIncome": "-2456000", "depreciation": "None", "depreciationAndAmortization": "244245000", "incomeBeforeTax": "249026000", "incomeTaxExpense": "-4796000", "interestAndDebtExpense": "None", "netIncomeFromContinuingOperations": "237111000", "comprehensiveIncomeNetOfTax": "None", "ebit": "359180000", "ebitda": "603425000", "netIncome": "241907000"}, {"fiscalDateEnding": "2017-12-31", "reportedCurrency": "USD", "grossProfit": "584619000", "totalRevenue": "857348000", "costOfRevenue": "272729000", "costofGoodsAndServicesSold": "272729000", "operatingIncome": "410210000", "sellingGeneralAndAdministrative": "36281000", "researchAndDevelopment": "0.26", "operatingExpenses": "174409000", "investmentIncomeNet": "None", "netInterestIncome": "-99650000", "interestIncome": "475000", "interestExpense": "100125000", "nonInterestIncome": "None", "otherNonOperatingIncome": "-12215000", "depreciation": "None", "depreciationAndAmortization": "216050000", "incomeBeforeTax": "297870000", "incomeTaxExpense": "-69966000", "interestAndDebtExpense": "None", "netIncomeFromContinuingOperations": "219948000", "comprehensiveIncomeNetOfTax": "None", "ebit": "397995000", "ebitda": "614045000", "netIncome": "289914000"}, {"fiscalDateEnding": "2016-12-31", "reportedCurrency": "USD", "grossProfit": "547979000", "totalRevenue": "801591000", "costOfRevenue": "253612000", "costofGoodsAndServicesSold": "253612000", "operatingIncome": "320995000", "sellingGeneralAndAdministrative": "33399000", "researchAndDevelopment": "0.29", "operatingExpenses": "226984000", "investmentIncomeNet": "None", "netInterestIncome": "-94620000", "interestIncome": "374000", "interestExpense": "94994000", "nonInterestIncome": "None", "otherNonOperatingIncome": "424000", "depreciation": "None", "depreciationAndAmortization": "193585000", "incomeBeforeTax": "226425000", "incomeTaxExpense": "-23485000", "interestAndDebtExpense": "None", "netIncomeFromContinuingOperations": "226425000", "comprehensiveIncomeNetOfTax": "None", "ebit": "321419000", "ebitda": "515004000", "netIncome": "249910000"}, {"fiscalDateEnding": "2015-12-31", "reportedCurrency": "USD", "grossProfit": "510595000", "totalRevenue": "744012000", "costOfRevenue": "233417000", "costofGoodsAndServicesSold": "233417000", "operatingIncome": "300154000", "sellingGeneralAndAdministrative": "35645000", "researchAndDevelopment": "0", "operatingExpenses": "210441000", "investmentIncomeNet": "None", "netInterestIncome": "None", "interestIncome": "90988000", "interestExpense": "92553000", "nonInterestIncome": "None", "otherNonOperatingIncome": "10823000", "depreciation": "None", "depreciationAndAmortization": "174796000", "incomeBeforeTax": "190094000", "incomeTaxExpense": "-20125000", "interestAndDebtExpense": "None", "netIncomeFromContinuingOperations": "190094000", "comprehensiveIncomeNetOfTax": "None", "ebit": "282647000", "ebitda": "457443000", "netIncome": "210219000"}, {"fiscalDateEnding": "2014-12-31", "reportedCurrency": "USD", "grossProfit": "474167000", "totalRevenue": "686090000", "costOfRevenue": "211923000", "costofGoodsAndServicesSold": "211923000", "operatingIncome": "271037000", "sellingGeneralAndAdministrative": "32316000", "researchAndDevelopment": "0", "operatingExpenses": "203130000", "investmentIncomeNet": "None", "netInterestIncome": "None", "interestIncome": "None", "interestExpense": "93941000", "nonInterestIncome": "None", "otherNonOperatingIncome": "-6050000", "depreciation": "None", "depreciationAndAmortization": "170814000", "incomeBeforeTax": "167888000", "incomeTaxExpense": "3353000", "interestAndDebtExpense": "None", "netIncomeFromContinuingOperations": "167888000", "comprehensiveIncomeNetOfTax": "None", "ebit": "261829000", "ebitda": "432643000", "netIncome": "164535000"}, {"fiscalDateEnding": "2013-12-31", "reportedCurrency": "USD", "grossProfit": "446959000", "totalRevenue": "637413000", "costOfRevenue": "190454000", "costofGoodsAndServicesSold": "190454000", "operatingIncome": "254161000", "sellingGeneralAndAdministrative": "31970000", "researchAndDevelopment": "0", "operatingExpenses": "192798000", "investmentIncomeNet": "None", "netInterestIncome": "None", "interestIncome": "None", "interestExpense": "104977000", "nonInterestIncome": "None", "otherNonOperatingIncome": "-6379000", "depreciation": "None", "depreciationAndAmortization": "161099000", "incomeBeforeTax": "137811000", "incomeTaxExpense": "-24870000", "interestAndDebtExpense": "None", "netIncomeFromContinuingOperations": "137811000", "comprehensiveIncomeNetOfTax": "None", "ebit": "242788000", "ebitda": "403887000", "netIncome": "162681000"}, {"fiscalDateEnding": "2012-12-31", "reportedCurrency": "USD", "grossProfit": "426721000", "totalRevenue": "605791000", "costOfRevenue": "179070000", "costofGoodsAndServicesSold": "179070000", "operatingIncome": "253862000", "sellingGeneralAndAdministrative": "31158000", "researchAndDevelopment": "0", "operatingExpenses": "172859000", "investmentIncomeNet": "None", "netInterestIncome": "None", "interestIncome": "None", "interestExpense": "113336000", "nonInterestIncome": "None", "otherNonOperatingIncome": "14306000", "depreciation": "None", "depreciationAndAmortization": "142039000", "incomeBeforeTax": "142972000", "incomeTaxExpense": "-7553000", "interestAndDebtExpense": "None", "netIncomeFromContinuingOperations": "144372000", "comprehensiveIncomeNetOfTax": "None", "ebit": "256308000", "ebitda": "398347000", "netIncome": "151925000"}, {"fiscalDateEnding": "2011-12-31", "reportedCurrency": "USD", "grossProfit": "381335000", "totalRevenue": "551103000", "costOfRevenue": "169768000", "costofGoodsAndServicesSold": "169768000", "operatingIncome": "226462000", "sellingGeneralAndAdministrative": "28985000", "researchAndDevelopment": "0", "operatingExpenses": "154873000", "investmentIncomeNet": "None", "netInterestIncome": "None", "interestIncome": "None", "interestExpense": "98465000", "nonInterestIncome": "None", "otherNonOperatingIncome": "None", "depreciation": "None", "depreciationAndAmortization": "126568000", "incomeBeforeTax": "130319000", "incomeTaxExpense": "-143917000", "interestAndDebtExpense": "None", "netIncomeFromContinuingOperations": "None", "comprehensiveIncomeNetOfTax": "None", "ebit": "228784000", "ebitda": "355352000", "netIncome": "143917000"}, {"fiscalDateEnding": "2010-12-31", "reportedCurrency": "USD", "grossProfit": "372615000", "totalRevenue": "541797000", "costOfRevenue": "169182000", "costofGoodsAndServicesSold": "169182000", "operatingIncome": "229218000", "sellingGeneralAndAdministrative": "24189000", "researchAndDevelopment": "0", "operatingExpenses": "143397000", "investmentIncomeNet": "None", "netInterestIncome": "None", "interestIncome": "None", "interestExpense": "101882000", "nonInterestIncome": "None", "otherNonOperatingIncome": "-1075000", "depreciation": "None", "depreciationAndAmortization": "119817000", "incomeBeforeTax": "125851000", "incomeTaxExpense": "-122790000", "interestAndDebtExpense": "None", "netIncomeFromContinuingOperations": "127107000", "comprehensiveIncomeNetOfTax": "None", "ebit": "227733000", "ebitda": "347550000", "netIncome": "122790000"}, {"fiscalDateEnding": "2009-12-31", "reportedCurrency": "USD", "grossProfit": "363782000", "totalRevenue": "530518000", "costOfRevenue": "166736000", "costofGoodsAndServicesSold": "166736000", "operatingIncome": "210583000", "sellingGeneralAndAdministrative": "22032000", "researchAndDevelopment": "None", "operatingExpenses": "153199000", "investmentIncomeNet": "None", "netInterestIncome": "None", "interestIncome": "None", "interestExpense": "108781000", "nonInterestIncome": "None", "otherNonOperatingIncome": "None", "depreciation": "None", "depreciationAndAmortization": "115093000", "incomeBeforeTax": "98304000", "incomeTaxExpense": "-98304000", "interestAndDebtExpense": "None", "netIncomeFromContinuingOperations": "None", "comprehensiveIncomeNetOfTax": "None", "ebit": "226938000", "ebitda": "342031000", "netIncome": "98304000"}, {"fiscalDateEnding": "2008-12-31", "reportedCurrency": "USD", "grossProfit": "354989000", "totalRevenue": "520188000", "costOfRevenue": "165199000", "costofGoodsAndServicesSold": "165199000", "operatingIncome": "217235000", "sellingGeneralAndAdministrative": "26732000", "researchAndDevelopment": "None", "operatingExpenses": "137754000", "investmentIncomeNet": "None", "netInterestIncome": "None", "interestIncome": "None", "interestExpense": "99163000", "nonInterestIncome": "None", "otherNonOperatingIncome": "None", "depreciation": "None", "depreciationAndAmortization": "111069000", "incomeBeforeTax": "129787000", "incomeTaxExpense": "-129787000", "interestAndDebtExpense": "None", "netIncomeFromContinuingOperations": "None", "comprehensiveIncomeNetOfTax": "None", "ebit": "217235000", "ebitda": "328304000", "netIncome": "129787000"}, {"fiscalDateEnding": "2007-12-31", "reportedCurrency": "USD", "grossProfit": "336862000", "totalRevenue": "483122000", "costOfRevenue": "146260000", "costofGoodsAndServicesSold": "146260000", "operatingIncome": "208648000", "sellingGeneralAndAdministrative": "25575000", "researchAndDevelopment": "None", "operatingExpenses": "128214000", "investmentIncomeNet": "None", "netInterestIncome": "None", "interestIncome": "None", "interestExpense": "111365000", "nonInterestIncome": "None", "otherNonOperatingIncome": "None", "depreciation": "None", "depreciationAndAmortization": "105966000", "incomeBeforeTax": "195537000", "incomeTaxExpense": "-195537000", "interestAndDebtExpense": "None", "netIncomeFromContinuingOperations": "None", "comprehensiveIncomeNetOfTax": "None", "ebit": "208648000", "ebitda": "314614000", "netIncome": "195537000"}, {"fiscalDateEnding": "2006-12-31", "reportedCurrency": "USD", "grossProfit": "451022000", "totalRevenue": "451022000", "costOfRevenue": "133028000", "costofGoodsAndServicesSold": "133028000", "operatingIncome": "199036000", "sellingGeneralAndAdministrative": "21340000", "researchAndDevelopment": "None", "operatingExpenses": "251986000", "investmentIncomeNet": "None", "netInterestIncome": "None", "interestIncome": "None", "interestExpense": "118712000", "nonInterestIncome": "None", "otherNonOperatingIncome": "None", "depreciation": "None", "depreciationAndAmortization": "97879000", "incomeBeforeTax": "118712000", "incomeTaxExpense": "-118712000", "interestAndDebtExpense": "None", "netIncomeFromContinuingOperations": "None", "comprehensiveIncomeNetOfTax": "None", "ebit": "199036000", "ebitda": "296915000", "netIncome": "118712000"}], "quarterlyReports": [{"fiscalDateEnding": "2025-12-31", "reportedCurrency": "USD", "grossProfit": "30726000", "totalRevenue": "336045000", "costOfRevenue": "305319000", "costofGoodsAndServicesSold": "305319000", "operatingIncome": "115640000", "sellingGeneralAndAdministrative": "12464000", "researchAndDevelopment": "None", "operatingExpenses": "-84914000", "investmentIncomeNet": "None", "netInterestIncome": "-48272000", "interestIncome": "650000", "interestExpense": "48122000", "nonInterestIncome": "None", "otherNonOperatingIncome": "None", "depreciation": "None", "depreciationAndAmortization": "97378000", "incomeBeforeTax": "132615000", "incomeTaxExpense": "None", "interestAndDebtExpense": "None", "netIncomeFromContinuingOperations": "132615000", "comprehensiveIncomeNetOfTax": "None", "ebit": "180737000", "ebitda": "278115000", "netIncome": "129744000"}, {"fiscalDateEnding": "2025-09-30", "reportedCurrency": "USD", "grossProfit": "217199000", "totalRevenue": "322858000", "costOfRevenue": "105659000", "costofGoodsAndServicesSold": "105659000", "operatingIncome": "110668000", "sellingGeneralAndAdministrative": "11649000", "researchAndDevelopment": "None", "operatingExpenses": "106531000", "investmentIncomeNet": "None", "netInterestIncome": "-46774000", "interestIncome": "845000", "interestExpense": "46919000", "nonInterestIncome": "None", "otherNonOperatingIncome": "None", "depreciation": "None", "depreciationAndAmortization": "94277000", "incomeBeforeTax": "64498999", "incomeTaxExpense": "None", "interestAndDebtExpense": "None", "netIncomeFromContinuingOperations": "64499000", "comprehensiveIncomeNetOfTax": "None", "ebit": "111272999", "ebitda": "205549999", "netIncome": "61649000"}, {"fiscalDateEnding": "2025-06-30", "reportedCurrency": "USD", "grossProfit": "213233000", "totalRevenue": "311523000", "costOfRevenue": "98290000", "costofGoodsAndServicesSold": "98290000", "operatingIncome": "202744000", "sellingGeneralAndAdministrative": "11925000", "researchAndDevelopment": "None", "operatingExpenses": "10489000", "investmentIncomeNet": "None", "netInterestIncome": "-43693000", "interestIncome": "905000", "interestExpense": "44598000", "nonInterestIncome": "None", "otherNonOperatingIncome": "None", "depreciation": "None", "depreciationAndAmortization": "89241000", "incomeBeforeTax": "159956000", "incomeTaxExpense": "None", "interestAndDebtExpense": "None", "netIncomeFromContinuingOperations": "159956000", "comprehensiveIncomeNetOfTax": "None", "ebit": "204554000", "ebitda": "293795000", "netIncome": "155916000"}, {"fiscalDateEnding": "2025-03-31", "reportedCurrency": "USD", "grossProfit": "204783000", "totalRevenue": "309154000", "costOfRevenue": "104371000", "costofGoodsAndServicesSold": "104371000", "operatingIncome": "108133000", "sellingGeneralAndAdministrative": "10875000", "researchAndDevelopment": "None", "operatingExpenses": "96650000", "investmentIncomeNet": "None", "netInterestIncome": "-41732000", "interestIncome": "743000", "interestExpense": "42475000", "nonInterestIncome": "None", "otherNonOperatingIncome": "None", "depreciation": "None", "depreciationAndAmortization": "86946000", "incomeBeforeTax": "66578000", "incomeTaxExpense": "None", "interestAndDebtExpense": "None", "netIncomeFromContinuingOperations": "66578000", "comprehensiveIncomeNetOfTax": "None", "ebit": "109053000", "ebitda": "195999000", "netIncome": "63768000"}, {"fiscalDateEnding": "2024-12-31", "reportedCurrency": "USD", "grossProfit": "209495000", "totalRevenue": "311444000", "costOfRevenue": "101949000", "costofGoodsAndServicesSold": "101949000", "operatingIncome": "109319000", "sellingGeneralAndAdministrative": "14819000", "researchAndDevelopment": "None", "operatingExpenses": "100176000", "investmentIncomeNet": "None", "netInterestIncome": "-42452000", "interestIncome": "782000", "interestExpense": "43234000", "nonInterestIncome": "None", "otherNonOperatingIncome": "None", "depreciation": "None", "depreciationAndAmortization": "87117000", "incomeBeforeTax": "68202000", "incomeTaxExpense": "-2665000", "interestAndDebtExpense": "None", "netIncomeFromContinuingOperations": "68202000", "comprehensiveIncomeNetOfTax": "None", "ebit": "111436000", "ebitda": "198553000", "netIncome": "65537000"}, {"fiscalDateEnding": "2024-09-30", "reportedCurrency": "USD", "grossProfit": "203682000", "totalRevenue": "303633000", "costOfRevenue": "99951000", "costofGoodsAndServicesSold": "99951000", "operatingIncome": "105832000", "sellingGeneralAndAdministrative": "10822000", "researchAndDevelopment": "None", "operatingExpenses": "97850000", "investmentIncomeNet": "None", "netInterestIncome": "-43259000", "interestIncome": "978000", "interestExpense": "44237000", "nonInterestIncome": "None", "otherNonOperatingIncome": "None", "depreciation": "None", "depreciationAndAmortization": "87028000", "incomeBeforeTax": "63461000", "incomeTaxExpense": "4374000", "interestAndDebtExpense": "None", "netIncomeFromContinuingOperations": "63461000", "comprehensiveIncomeNetOfTax": "None", "ebit": "107698000", "ebitda": "194726000", "netIncome": "60953000"}, {"fiscalDateEnding": "2024-06-30", "reportedCurrency": "USD", "grossProfit": "201872000", "totalRevenue": "296052000", "costOfRevenue": "94180000", "costofGoodsAndServicesSold": "94180000", "operatingIncome": "157011000", "sellingGeneralAndAdministrative": "12092000", "researchAndDevelopment": "None", "operatingExpenses": "44861000", "investmentIncomeNet": "None", "netInterestIncome": "-43261000", "interestIncome": "1051000", "interestExpense": "44312000", "nonInterestIncome": "None", "otherNonOperatingIncome": "None", "depreciation": "None", "depreciationAndAmortization": "85049000", "incomeBeforeTax": "114655000", "incomeTaxExpense": "3072000", "interestAndDebtExpense": "None", "netIncomeFromContinuingOperations": "114655000", "comprehensiveIncomeNetOfTax": "None", "ebit": "158967000", "ebitda": "244016000", "netIncome": "111982000"}, {"fiscalDateEnding": "2024-03-31", "reportedCurrency": "USD", "grossProfit": "195604000", "totalRevenue": "291323000", "costOfRevenue": "95719000", "costofGoodsAndServicesSold": "95719000", "operatingIncome": "100194000", "sellingGeneralAndAdministrative": "12006000", "researchAndDevelopment": "None", "operatingExpenses": "95410000", "investmentIncomeNet": "None", "netInterestIncome": "-42210000", "interestIncome": "1483000", "interestExpense": "43693000", "nonInterestIncome": "None", "otherNonOperatingIncome": "None", "depreciation": "None", "depreciationAndAmortization": "83404000", "incomeBeforeTax": "58016000", "incomeTaxExpense": "3288000", "interestAndDebtExpense": "None", "netIncomeFromContinuingOperations": "58016000", "comprehensiveIncomeNetOfTax": "None", "ebit": "101709000", "ebitda": "185113000", "netIncome": "56736000"}, {"fiscalDateEnding": "2023-12-31", "reportedCurrency": "USD", "grossProfit": "196119000", "totalRevenue": "291812000", "costOfRevenue": "95693000", "costofGoodsAndServicesSold": "95693000", "operatingIncome": "108777000", "sellingGeneralAndAdministrative": "13100000", "researchAndDevelopment": "None", "operatingExpenses": "87342000", "investmentIncomeNet": "None", "netInterestIncome": "-42062000", "interestIncome": "912000", "interestExpense": "42974000", "nonInterestIncome": "None", "otherNonOperatingIncome": "None", "depreciation": "None", "depreciationAndAmortization": "82421000", "incomeBeforeTax": "67090000", "incomeTaxExpense": "46336000", "interestAndDebtExpense": "None", "netIncomeFromContinuingOperations": "67090000", "comprehensiveIncomeNetOfTax": "None", "ebit": "110064000", "ebitda": "192485000", "netIncome": "64103000"}, {"fiscalDateEnding": "2023-09-30", "reportedCurrency": "USD", "grossProfit": "194964000", "totalRevenue": "286604000", "costOfRevenue": "91640000", "costofGoodsAndServicesSold": "91640000", "operatingIncome": "100084000", "sellingGeneralAndAdministrative": "13149000", "researchAndDevelopment": "None", "operatingExpenses": "94880000", "investmentIncomeNet": "None", "netInterestIncome": "-42005000", "interestIncome": "721000", "interestExpense": "42726000", "nonInterestIncome": "None", "otherNonOperatingIncome": "None", "depreciation": "None", "depreciationAndAmortization": "81731000", "incomeBeforeTax": "59392000", "incomeTaxExpense": "46383000", "interestAndDebtExpense": "None", "netIncomeFromContinuingOperations": "59392000", "comprehensiveIncomeNetOfTax": "None", "ebit": "102118000", "ebitda": "183849000", "netIncome": "57048000"}, {"fiscalDateEnding": "2023-06-30", "reportedCurrency": "USD", "grossProfit": "192688000", "totalRevenue": "280679000", "costOfRevenue": "87991000", "costofGoodsAndServicesSold": "87991000", "operatingIncome": "101801000", "sellingGeneralAndAdministrative": "11913000", "researchAndDevelopment": "None", "operatingExpenses": "90887000", "investmentIncomeNet": "None", "netInterestIncome": "-40462000", "interestIncome": "38797000", "interestExpense": "42884000", "nonInterestIncome": "None", "otherNonOperatingIncome": "4087000", "depreciation": "None", "depreciationAndAmortization": "78974000", "incomeBeforeTax": "63004000", "incomeTaxExpense": "2008000", "interestAndDebtExpense": "None", "netIncomeFromContinuingOperations": "63004000", "comprehensiveIncomeNetOfTax": "None", "ebit": "105888000", "ebitda": "184862000", "netIncome": "60499000"}, {"fiscalDateEnding": "2023-03-31", "reportedCurrency": "USD", "grossProfit": "185288000", "totalRevenue": "273059000", "costOfRevenue": "87771000", "costofGoodsAndServicesSold": "87771000", "operatingIncome": "95808000", "sellingGeneralAndAdministrative": "12545000", "researchAndDevelopment": "None", "operatingExpenses": "89480000", "investmentIncomeNet": "None", "netInterestIncome": "-38593000", "interestIncome": "632000", "interestExpense": "39225000", "nonInterestIncome": "None", "otherNonOperatingIncome": "1148000", "depreciation": "None", "depreciationAndAmortization": "78637000", "incomeBeforeTax": "57731000", "incomeTaxExpense": "79698000", "interestAndDebtExpense": "None", "netIncomeFromContinuingOperations": "57731000", "comprehensiveIncomeNetOfTax": "None", "ebit": "96956000", "ebitda": "175593000", "netIncome": "55335000"}, {"fiscalDateEnding": "2022-12-31", "reportedCurrency": "USD", "grossProfit": "184092000", "totalRevenue": "280057000", "costOfRevenue": "95965000", "costofGoodsAndServicesSold": "95965000", "operatingIncome": "155097000", "sellingGeneralAndAdministrative": "13590000", "researchAndDevelopment": "None", "operatingExpenses": "28995000", "investmentIncomeNet": "None", "netInterestIncome": "-37697000", "interestIncome": "585000", "interestExpense": "38282000", "nonInterestIncome": "None", "otherNonOperatingIncome": "877000", "depreciation": "None", "depreciationAndAmortization": "79165000", "incomeBeforeTax": "117692000", "incomeTaxExpense": "39404000", "interestAndDebtExpense": "None", "netIncomeFromContinuingOperations": "106757000", "comprehensiveIncomeNetOfTax": "None", "ebit": "155974000", "ebitda": "235139000", "netIncome": "115693000"}, {"fiscalDateEnding": "2022-09-30", "reportedCurrency": "USD", "grossProfit": "181839000", "totalRevenue": "273451000", "costOfRevenue": "91612000", "costofGoodsAndServicesSold": "91612000", "operatingIncome": "191727000", "sellingGeneralAndAdministrative": "13100000", "researchAndDevelopment": "None", "operatingExpenses": "-9888000", "investmentIncomeNet": "None", "netInterestIncome": "-34826000", "interestIncome": "234000", "interestExpense": "35060000", "nonInterestIncome": "None", "otherNonOperatingIncome": "2107000", "depreciation": "None", "depreciationAndAmortization": "77109000", "incomeBeforeTax": "158774000", "incomeTaxExpense": "2636000", "interestAndDebtExpense": "None", "netIncomeFromContinuingOperations": "158774000", "comprehensiveIncomeNetOfTax": "None", "ebit": "193834000", "ebitda": "270943000", "netIncome": "156138000"}, {"fiscalDateEnding": "2022-06-30", "reportedCurrency": "USD", "grossProfit": "181665000", "totalRevenue": "264099000", "costOfRevenue": "82434000", "costofGoodsAndServicesSold": "82434000", "operatingIncome": "93600000", "sellingGeneralAndAdministrative": "13604000", "researchAndDevelopment": "None", "operatingExpenses": "88065000", "investmentIncomeNet": "None", "netInterestIncome": "-31941000", "interestIncome": "133000", "interestExpense": "32074000", "nonInterestIncome": "None", "otherNonOperatingIncome": "2941000", "depreciation": "None", "depreciationAndAmortization": "74461000", "incomeBeforeTax": "64467000", "incomeTaxExpense": "2791000", "interestAndDebtExpense": "None", "netIncomeFromContinuingOperations": "64467000", "comprehensiveIncomeNetOfTax": "None", "ebit": "96541000", "ebitda": "171002000", "netIncome": "61676000"}, {"fiscalDateEnding": "2022-03-31", "reportedCurrency": "USD", "grossProfit": "170000000", "totalRevenue": "256771000", "costOfRevenue": "86771000", "costofGoodsAndServicesSold": "86771000", "operatingIncome": "85984000", "sellingGeneralAndAdministrative": "12342000", "researchAndDevelopment": "None", "operatingExpenses": "84016000", "investmentIncomeNet": "None", "netInterestIncome": "-31453000", "interestIncome": "120000", "interestExpense": "31573000", "nonInterestIncome": "None", "otherNonOperatingIncome": "317000", "depreciation": "None", "depreciationAndAmortization": "71674000", "incomeBeforeTax": "54728000", "incomeTaxExpense": "2744000", "interestAndDebtExpense": "None", "netIncomeFromContinuingOperations": "54728000", "comprehensiveIncomeNetOfTax": "None", "ebit": "86301000", "ebitda": "157975000", "netIncome": "51984000"}, {"fiscalDateEnding": "2021-12-31", "reportedCurrency": "USD", "grossProfit": "167283000", "totalRevenue": "254154000", "costOfRevenue": "86871000", "costofGoodsAndServicesSold": "86871000", "operatingIncome": "147490000", "sellingGeneralAndAdministrative": "14499000", "researchAndDevelopment": "None", "operatingExpenses": "19793000", "investmentIncomeNet": "None", "netInterestIncome": "-32079000", "interestIncome": "108000", "interestExpense": "32187000", "nonInterestIncome": "None", "otherNonOperatingIncome": "194000", "depreciation": "None", "depreciationAndAmortization": "77816000", "incomeBeforeTax": "116742000", "incomeTaxExpense": "1806000", "interestAndDebtExpense": "None", "netIncomeFromContinuingOperations": "362990000", "comprehensiveIncomeNetOfTax": "None", "ebit": "148929000", "ebitda": "226745000", "netIncome": "114936000"}, {"fiscalDateEnding": "2021-09-30", "reportedCurrency": "USD", "grossProfit": "168437000", "totalRevenue": "247284000", "costOfRevenue": "78847000", "costofGoodsAndServicesSold": "78847000", "operatingIncome": "85573000", "sellingGeneralAndAdministrative": "12253000", "researchAndDevelopment": "None", "operatingExpenses": "82864000", "investmentIncomeNet": "None", "netInterestIncome": "-32161000", "interestIncome": "88000", "interestExpense": "32249000", "nonInterestIncome": "None", "otherNonOperatingIncome": "1217000", "depreciation": "None", "depreciationAndAmortization": "70611000", "incomeBeforeTax": "54541000", "incomeTaxExpense": "2419000", "interestAndDebtExpense": "None", "netIncomeFromContinuingOperations": "54541000", "comprehensiveIncomeNetOfTax": "None", "ebit": "86790000", "ebitda": "157401000", "netIncome": "52122000"}, {"fiscalDateEnding": "2021-06-30", "reportedCurrency": "USD", "grossProfit": "159384000", "totalRevenue": "231625000", "costOfRevenue": "72241000", "costofGoodsAndServicesSold": "72241000", "operatingIncome": "78863000", "sellingGeneralAndAdministrative": "12846000", "researchAndDevelopment": "None", "operatingExpenses": "80521000", "investmentIncomeNet": "None", "netInterestIncome": "-30927000", "interestIncome": "250000", "interestExpense": "31177000", "nonInterestIncome": "None", "otherNonOperatingIncome": "373000", "depreciation": "None", "depreciationAndAmortization": "67675000", "incomeBeforeTax": "48059000", "incomeTaxExpense": "1855000", "interestAndDebtExpense": "None", "netIncomeFromContinuingOperations": "48059000", "comprehensiveIncomeNetOfTax": "None", "ebit": "79236000", "ebitda": "146911000", "netIncome": "46204000"}, {"fiscalDateEnding": "2021-03-31", "reportedCurrency": "USD", "grossProfit": "139503000", "totalRevenue": "218161000", "costOfRevenue": "78658000", "costofGoodsAndServicesSold": "78658000", "operatingIncome": "82799000", "sellingGeneralAndAdministrative": "10258000", "researchAndDevelopment": "None", "operatingExpenses": "56704000", "investmentIncomeNet": "None", "netInterestIncome": "-31722000", "interestIncome": "363000", "interestExpense": "32085000", "nonInterestIncome": "None", "otherNonOperatingIncome": "-975000", "depreciation": "None", "depreciationAndAmortization": "63874000", "incomeBeforeTax": "49739000", "incomeTaxExpense": "1503000", "interestAndDebtExpense": "None", "netIncomeFromContinuingOperations": "49739000", "comprehensiveIncomeNetOfTax": "None", "ebit": "81824000", "ebitda": "145698000", "netIncome": "48236000"}, {"fiscalDateEnding": "2020-12-31", "reportedCurrency": "USD", "grossProfit": "142095000", "totalRevenue": "219513000", "costOfRevenue": "77418000", "costofGoodsAndServicesSold": "77418000", "operatingIncome": "151799000", "sellingGeneralAndAdministrative": "12307000", "researchAndDevelopment": "None", "operatingExpenses": "-9704000", "investmentIncomeNet": "None", "netInterestIncome": "-37004000", "interestIncome": "539000", "interestExpense": "37543000", "nonInterestIncome": "None", "otherNonOperatingIncome": "7196000", "depreciation": "None", "depreciationAndAmortization": "64424000", "incomeBeforeTax": "102211000", "incomeTaxExpense": "7486000", "interestAndDebtExpense": "None", "netIncomeFromContinuingOperations": "390319000", "comprehensiveIncomeNetOfTax": "None", "ebit": "139754000", "ebitda": "204178000", "netIncome": "94725000"}, {"fiscalDateEnding": "2020-09-30", "reportedCurrency": "USD", "grossProfit": "135845000", "totalRevenue": "208197000", "costOfRevenue": "72352000", "costofGoodsAndServicesSold": "72352000", "operatingIncome": "3688000", "sellingGeneralAndAdministrative": "9308000", "researchAndDevelopment": "None", "operatingExpenses": "132157000", "investmentIncomeNet": "None", "netInterestIncome": "-35690000", "interestIncome": "37311000", "interestExpense": "36228000", "nonInterestIncome": "None", "otherNonOperatingIncome": "-1083000", "depreciation": "None", "depreciationAndAmortization": "65631000", "incomeBeforeTax": "-33623000", "incomeTaxExpense": "-5334000", "interestAndDebtExpense": "None", "netIncomeFromContinuingOperations": "-33623000", "comprehensiveIncomeNetOfTax": "None", "ebit": "2605000", "ebitda": "68236000", "netIncome": "-28289000"}, {"fiscalDateEnding": "2020-06-30", "reportedCurrency": "USD", "grossProfit": "109211000", "totalRevenue": "176227000", "costOfRevenue": "67016000", "costofGoodsAndServicesSold": "67016000", "operatingIncome": "48295000", "sellingGeneralAndAdministrative": "9814000", "researchAndDevelopment": "None", "operatingExpenses": "60916000", "investmentIncomeNet": "None", "netInterestIncome": "-33564000", "interestIncome": "509000", "interestExpense": "34073000", "nonInterestIncome": "None", "otherNonOperatingIncome": "-3363000", "depreciation": "None", "depreciationAndAmortization": "62784000", "incomeBeforeTax": "10859000", "incomeTaxExpense": "352000", "interestAndDebtExpense": "None", "netIncomeFromContinuingOperations": "10859000", "comprehensiveIncomeNetOfTax": "None", "ebit": "44932000", "ebitda": "107716000", "netIncome": "10507000"}, {"fiscalDateEnding": "2020-03-31", "reportedCurrency": "USD", "grossProfit": "158181000", "totalRevenue": "231557000", "costOfRevenue": "73376000", "costofGoodsAndServicesSold": "73376000", "operatingIncome": "85742000", "sellingGeneralAndAdministrative": "10251000", "researchAndDevelopment": "None", "operatingExpenses": "72439000", "investmentIncomeNet": "None", "netInterestIncome": "-28137000", "interestIncome": "308000", "interestExpense": "28445000", "nonInterestIncome": "None", "otherNonOperatingIncome": "-856000", "depreciation": "None", "depreciationAndAmortization": "62188000", "incomeBeforeTax": "56441000", "incomeTaxExpense": "1678000", "interestAndDebtExpense": "None", "netIncomeFromContinuingOperations": "56441000", "comprehensiveIncomeNetOfTax": "None", "ebit": "84886000", "ebitda": "147074000", "netIncome": "54763000"}, {"fiscalDateEnding": "2019-12-31", "reportedCurrency": "USD", "grossProfit": "162456000", "totalRevenue": "239149000", "costOfRevenue": "76693000", "costofGoodsAndServicesSold": "76693000", "operatingIncome": "176221000", "sellingGeneralAndAdministrative": "10707000", "researchAndDevelopment": "None", "operatingExpenses": "-13765000", "investmentIncomeNet": "None", "netInterestIncome": "-26545000", "interestIncome": "511000", "interestExpense": "27056000", "nonInterestIncome": "None", "otherNonOperatingIncome": "1813000", "depreciation": "None", "depreciationAndAmortization": "61431000", "incomeBeforeTax": "148966000", "incomeTaxExpense": "1611000", "interestAndDebtExpense": "None", "netIncomeFromContinuingOperations": "363548000", "comprehensiveIncomeNetOfTax": "None", "ebit": "176022000", "ebitda": "237453000", "netIncome": "147355000"}, {"fiscalDateEnding": "2019-09-30", "reportedCurrency": "USD", "grossProfit": "150433000", "totalRevenue": "233947000", "costOfRevenue": "83514000", "costofGoodsAndServicesSold": "83514000", "operatingIncome": "94018000", "sellingGeneralAndAdministrative": "11060000", "researchAndDevelopment": "None", "operatingExpenses": "56415000", "investmentIncomeNet": "None", "netInterestIncome": "-26663000", "interestIncome": "389000", "interestExpense": "27052000", "nonInterestIncome": "None", "otherNonOperatingIncome": "140000", "depreciation": "None", "depreciationAndAmortization": "59648000", "incomeBeforeTax": "67106000", "incomeTaxExpense": "1641000", "interestAndDebtExpense": "None", "netIncomeFromContinuingOperations": "67106000", "comprehensiveIncomeNetOfTax": "None", "ebit": "94158000", "ebitda": "153806000", "netIncome": "65465000"}, {"fiscalDateEnding": "2019-06-30", "reportedCurrency": "USD", "grossProfit": "163861000", "totalRevenue": "230465000", "costOfRevenue": "66604000", "costofGoodsAndServicesSold": "66604000", "operatingIncome": "109579000", "sellingGeneralAndAdministrative": "11422000", "researchAndDevelopment": "None", "operatingExpenses": "54282000", "investmentIncomeNet": "None", "netInterestIncome": "-27293000", "interestIncome": "189000", "interestExpense": "27482000", "nonInterestIncome": "None", "otherNonOperatingIncome": "570000", "depreciation": "None", "depreciationAndAmortization": "59057000", "incomeBeforeTax": "82667000", "incomeTaxExpense": "-14432000", "interestAndDebtExpense": "None", "netIncomeFromContinuingOperations": "82667000", "comprehensiveIncomeNetOfTax": "None", "ebit": "110149000", "ebitda": "169206000", "netIncome": "80902000"}, {"fiscalDateEnding": "2019-03-31", "reportedCurrency": "USD", "grossProfit": "160280000", "totalRevenue": "232227000", "costOfRevenue": "71947000", "costofGoodsAndServicesSold": "71947000", "operatingIncome": "91093000", "sellingGeneralAndAdministrative": "9565000", "researchAndDevelopment": "None", "operatingExpenses": "69187000", "investmentIncomeNet": "None", "netInterestIncome": "-27856000", "interestIncome": "177000", "interestExpense": "28033000", "nonInterestIncome": "None", "otherNonOperatingIncome": "-1257000", "depreciation": "None", "depreciationAndAmortization": "59622000", "incomeBeforeTax": "61803000", "incomeTaxExpense": "1659000", "interestAndDebtExpense": "None", "netIncomeFromContinuingOperations": "61803000", "comprehensiveIncomeNetOfTax": "None", "ebit": "89836000", "ebitda": "149458000", "netIncome": "60144000"}, {"fiscalDateEnding": "2018-12-31", "reportedCurrency": "USD", "grossProfit": "159934000", "totalRevenue": "235376000", "costOfRevenue": "75442000", "costofGoodsAndServicesSold": "75442000", "operatingIncome": "83338000", "sellingGeneralAndAdministrative": "9620000", "researchAndDevelopment": "0", "operatingExpenses": "76596000", "investmentIncomeNet": "None", "netInterestIncome": "None", "interestIncome": "None", "interestExpense": "28038000", "nonInterestIncome": "None", "otherNonOperatingIncome": "-10833000", "depreciation": "None", "depreciationAndAmortization": "66976000", "incomeBeforeTax": "54880000", "incomeTaxExpense": "373000", "interestAndDebtExpense": "None", "netIncomeFromContinuingOperations": "54880000", "comprehensiveIncomeNetOfTax": "None", "ebit": "82918000", "ebitda": "149894000", "netIncome": "54507000"}, {"fiscalDateEnding": "2018-09-30", "reportedCurrency": "USD", "grossProfit": "158758000", "totalRevenue": "229753000", "costOfRevenue": "70995000", "costofGoodsAndServicesSold": "70995000", "operatingIncome": "93467000", "sellingGeneralAndAdministrative": "7638000", "researchAndDevelopment": "0", "operatingExpenses": "65291000", "investmentIncomeNet": "None", "netInterestIncome": "None", "interestIncome": "None", "interestExpense": "28166000", "nonInterestIncome": "None", "otherNonOperatingIncome": "2004000", "depreciation": "None", "depreciationAndAmortization": "60778000", "incomeBeforeTax": "64180000", "incomeTaxExpense": "-1503000", "interestAndDebtExpense": "None", "netIncomeFromContinuingOperations": "61055000", "comprehensiveIncomeNetOfTax": "None", "ebit": "92346000", "ebitda": "153124000", "netIncome": "62558000"}, {"fiscalDateEnding": "2018-06-30", "reportedCurrency": "USD", "grossProfit": "156690000", "totalRevenue": "224902000", "costOfRevenue": "68212000", "costofGoodsAndServicesSold": "68212000", "operatingIncome": "93868000", "sellingGeneralAndAdministrative": "8413000", "researchAndDevelopment": "0", "operatingExpenses": "62822000", "investmentIncomeNet": "None", "netInterestIncome": "None", "interestIncome": "None", "interestExpense": "27766000", "nonInterestIncome": "None", "otherNonOperatingIncome": "3403000", "depreciation": "None", "depreciationAndAmortization": "58381000", "incomeBeforeTax": "61561000", "incomeTaxExpense": "-2034000", "interestAndDebtExpense": "None", "netIncomeFromContinuingOperations": "61561000", "comprehensiveIncomeNetOfTax": "None", "ebit": "89327000", "ebitda": "147708000", "netIncome": "63595000"}, {"fiscalDateEnding": "2018-03-31", "reportedCurrency": "USD", "grossProfit": "152184000", "totalRevenue": "225405000", "costOfRevenue": "73221000", "costofGoodsAndServicesSold": "73221000", "operatingIncome": "89461000", "sellingGeneralAndAdministrative": "7929000", "researchAndDevelopment": "0", "operatingExpenses": "62723000", "investmentIncomeNet": "None", "netInterestIncome": "None", "interestIncome": "None", "interestExpense": "26184000", "nonInterestIncome": "None", "otherNonOperatingIncome": "2970000", "depreciation": "None", "depreciationAndAmortization": "58110000", "incomeBeforeTax": "59615000", "incomeTaxExpense": "-1632000", "interestAndDebtExpense": "None", "netIncomeFromContinuingOperations": "59615000", "comprehensiveIncomeNetOfTax": "None", "ebit": "85799000", "ebitda": "143909000", "netIncome": "61247000"}, {"fiscalDateEnding": "2017-12-31", "reportedCurrency": "USD", "grossProfit": "149819000", "totalRevenue": "223957000", "costOfRevenue": "74138000", "costofGoodsAndServicesSold": "74138000", "operatingIncome": "83157000", "sellingGeneralAndAdministrative": "10268000", "researchAndDevelopment": "0", "operatingExpenses": "66662000", "investmentIncomeNet": "None", "netInterestIncome": "None", "interestIncome": "None", "interestExpense": "26173000", "nonInterestIncome": "None", "otherNonOperatingIncome": "-12172000", "depreciation": "None", "depreciationAndAmortization": "56394000", "incomeBeforeTax": "44812000", "incomeTaxExpense": "-5844000", "interestAndDebtExpense": "None", "netIncomeFromContinuingOperations": "44812000", "comprehensiveIncomeNetOfTax": "None", "ebit": "70985000", "ebitda": "127379000", "netIncome": "50656000"}, {"fiscalDateEnding": "2017-09-30", "reportedCurrency": "USD", "grossProfit": "149211000", "totalRevenue": "217953000", "costOfRevenue": "68742000", "costofGoodsAndServicesSold": "68742000", "operatingIncome": "84497000", "sellingGeneralAndAdministrative": "9103000", "researchAndDevelopment": "0", "operatingExpenses": "64714000", "investmentIncomeNet": "None", "netInterestIncome": "None", "interestIncome": "None", "interestExpense": "26287000", "nonInterestIncome": "None", "otherNonOperatingIncome": "-103000", "depreciation": "None", "depreciationAndAmortization": "55611000", "incomeBeforeTax": "58107000", "incomeTaxExpense": "-48670000", "interestAndDebtExpense": "None", "netIncomeFromContinuingOperations": "58107000", "comprehensiveIncomeNetOfTax": "None", "ebit": "84394000", "ebitda": "140005000", "netIncome": "106777000"}, {"fiscalDateEnding": "2017-06-30", "reportedCurrency": "USD", "grossProfit": "144399000", "totalRevenue": "208049000", "costOfRevenue": "63650000", "costofGoodsAndServicesSold": "63650000", "operatingIncome": "83090000", "sellingGeneralAndAdministrative": "8643000", "researchAndDevelopment": "0", "operatingExpenses": "61309000", "investmentIncomeNet": "None", "netInterestIncome": "None", "interestIncome": "None", "interestExpense": "23907000", "nonInterestIncome": "None", "otherNonOperatingIncome": "-46000", "depreciation": "None", "depreciationAndAmortization": "52666000", "incomeBeforeTax": "59137000", "incomeTaxExpense": "-17154000", "interestAndDebtExpense": "None", "netIncomeFromContinuingOperations": "59137000", "comprehensiveIncomeNetOfTax": "None", "ebit": "83044000", "ebitda": "135710000", "netIncome": "76291000"}, {"fiscalDateEnding": "2017-03-31", "reportedCurrency": "USD", "grossProfit": "141190000", "totalRevenue": "207389000", "costOfRevenue": "66199000", "costofGoodsAndServicesSold": "66199000", "operatingIncome": "81544000", "sellingGeneralAndAdministrative": "8267000", "researchAndDevelopment": "0", "operatingExpenses": "59646000", "investmentIncomeNet": "None", "netInterestIncome": "None", "interestIncome": "None", "interestExpense": "23758000", "nonInterestIncome": "None", "otherNonOperatingIncome": "106000", "depreciation": "None", "depreciationAndAmortization": "51379000", "incomeBeforeTax": "57892000", "incomeTaxExpense": "1702000", "interestAndDebtExpense": "None", "netIncomeFromContinuingOperations": "57892000", "comprehensiveIncomeNetOfTax": "None", "ebit": "81650000", "ebitda": "133029000", "netIncome": "56190000"}, {"fiscalDateEnding": "2016-12-31", "reportedCurrency": "USD", "grossProfit": "140046000", "totalRevenue": "204109000", "costOfRevenue": "64063000", "costofGoodsAndServicesSold": "64063000", "operatingIncome": "83477000", "sellingGeneralAndAdministrative": "8121000", "researchAndDevelopment": "0", "operatingExpenses": "56569000", "investmentIncomeNet": "None", "netInterestIncome": "None", "interestIncome": "None", "interestExpense": "23851000", "nonInterestIncome": "None", "otherNonOperatingIncome": "None", "depreciation": "None", "depreciationAndAmortization": "48448000", "incomeBeforeTax": "59724000", "incomeTaxExpense": "1687000", "interestAndDebtExpense": "None", "netIncomeFromContinuingOperations": "-38060000", "comprehensiveIncomeNetOfTax": "None", "ebit": "83575000", "ebitda": "132023000", "netIncome": "58037000"}, {"fiscalDateEnding": "2016-09-30", "reportedCurrency": "USD", "grossProfit": "137596000", "totalRevenue": "201157000", "costOfRevenue": "63561000", "costofGoodsAndServicesSold": "63561000", "operatingIncome": "80461000", "sellingGeneralAndAdministrative": "8232000", "researchAndDevelopment": "0", "operatingExpenses": "57135000", "investmentIncomeNet": "None", "netInterestIncome": "None", "interestIncome": "None", "interestExpense": "24313000", "nonInterestIncome": "None", "otherNonOperatingIncome": "105000", "depreciation": "None", "depreciationAndAmortization": "48903000", "incomeBeforeTax": "56253000", "incomeTaxExpense": "-2724000", "interestAndDebtExpense": "None", "netIncomeFromContinuingOperations": "56253000", "comprehensiveIncomeNetOfTax": "None", "ebit": "80566000", "ebitda": "129469000", "netIncome": "58977000"}, {"fiscalDateEnding": "2016-06-30", "reportedCurrency": "USD", "grossProfit": "137606000", "totalRevenue": "197981000", "costOfRevenue": "60375000", "costofGoodsAndServicesSold": "60375000", "operatingIncome": "80135000", "sellingGeneralAndAdministrative": "9036000", "researchAndDevelopment": "0", "operatingExpenses": "57471000", "investmentIncomeNet": "None", "netInterestIncome": "None", "interestIncome": "None", "interestExpense": "23101000", "nonInterestIncome": "None", "otherNonOperatingIncome": "77000", "depreciation": "None", "depreciationAndAmortization": "48435000", "incomeBeforeTax": "57111000", "incomeTaxExpense": "1170000", "interestAndDebtExpense": "None", "netIncomeFromContinuingOperations": "57111000", "comprehensiveIncomeNetOfTax": "None", "ebit": "80212000", "ebitda": "128647000", "netIncome": "55941000"}, {"fiscalDateEnding": "2016-03-31", "reportedCurrency": "USD", "grossProfit": "132731000", "totalRevenue": "198344000", "costOfRevenue": "65613000", "costofGoodsAndServicesSold": "65613000", "operatingIncome": "76922000", "sellingGeneralAndAdministrative": "8010000", "researchAndDevelopment": "0", "operatingExpenses": "55809000", "investmentIncomeNet": "None", "netInterestIncome": "None", "interestIncome": "None", "interestExpense": "23729000", "nonInterestIncome": "None", "otherNonOperatingIncome": "25870000", "depreciation": "None", "depreciationAndAmortization": "47799000", "incomeBeforeTax": "53337000", "incomeTaxExpense": "-23618000", "interestAndDebtExpense": "None", "netIncomeFromContinuingOperations": "53337000", "comprehensiveIncomeNetOfTax": "None", "ebit": "77066000", "ebitda": "124865000", "netIncome": "76955000"}, {"fiscalDateEnding": "2015-12-31", "reportedCurrency": "USD", "grossProfit": "130456000", "totalRevenue": "192507000", "costOfRevenue": "62051000", "costofGoodsAndServicesSold": "62051000", "operatingIncome": "75914000", "sellingGeneralAndAdministrative": "8119000", "researchAndDevelopment": "0", "operatingExpenses": "54542000", "investmentIncomeNet": "None", "netInterestIncome": "None", "interestIncome": "None", "interestExpense": "23207000", "nonInterestIncome": "None", "otherNonOperatingIncome": "17511000", "depreciation": "None", "depreciationAndAmortization": "46423000", "incomeBeforeTax": "53177000", "incomeTaxExpense": "-14777000", "interestAndDebtExpense": "None", "netIncomeFromContinuingOperations": "5061000", "comprehensiveIncomeNetOfTax": "None", "ebit": "76384000", "ebitda": "122807000", "netIncome": "67954000"}, {"fiscalDateEnding": "2015-09-30", "reportedCurrency": "USD", "grossProfit": "129009000", "totalRevenue": "185252000", "costOfRevenue": "56243000", "costofGoodsAndServicesSold": "56243000", "operatingIncome": "75917000", "sellingGeneralAndAdministrative": "9374000", "researchAndDevelopment": "0", "operatingExpenses": "53092000", "investmentIncomeNet": "None", "netInterestIncome": "None", "interestIncome": "None", "interestExpense": "21733000", "nonInterestIncome": "None", "otherNonOperatingIncome": "366000", "depreciation": "None", "depreciationAndAmortization": "43718000", "incomeBeforeTax": "54550000", "incomeTaxExpense": "2103000", "interestAndDebtExpense": "None", "netIncomeFromContinuingOperations": "54550000", "comprehensiveIncomeNetOfTax": "None", "ebit": "76283000", "ebitda": "120001000", "netIncome": "52447000"}, {"fiscalDateEnding": "2015-06-30", "reportedCurrency": "USD", "grossProfit": "128171000", "totalRevenue": "181461000", "costOfRevenue": "53290000", "costofGoodsAndServicesSold": "53290000", "operatingIncome": "76201000", "sellingGeneralAndAdministrative": "9299000", "researchAndDevelopment": "0", "operatingExpenses": "51970000", "investmentIncomeNet": "None", "netInterestIncome": "None", "interestIncome": "None", "interestExpense": "23445000", "nonInterestIncome": "None", "otherNonOperatingIncome": "-7083000", "depreciation": "None", "depreciationAndAmortization": "42671000", "incomeBeforeTax": "34164000", "incomeTaxExpense": "-9468000", "interestAndDebtExpense": "None", "netIncomeFromContinuingOperations": "34164000", "comprehensiveIncomeNetOfTax": "None", "ebit": "57609000", "ebitda": "100280000", "netIncome": "43632000"}, {"fiscalDateEnding": "2015-03-31", "reportedCurrency": "USD", "grossProfit": "122959000", "totalRevenue": "184792000", "costOfRevenue": "61833000", "costofGoodsAndServicesSold": "61833000", "operatingIncome": "72122000", "sellingGeneralAndAdministrative": "8853000", "researchAndDevelopment": "0", "operatingExpenses": "50837000", "investmentIncomeNet": "None", "netInterestIncome": "None", "interestIncome": "None", "interestExpense": "24168000", "nonInterestIncome": "None", "otherNonOperatingIncome": "29000", "depreciation": "None", "depreciationAndAmortization": "41984000", "incomeBeforeTax": "48203000", "incomeTaxExpense": "2017000", "interestAndDebtExpense": "None", "netIncomeFromContinuingOperations": "96319000", "comprehensiveIncomeNetOfTax": "None", "ebit": "72371000", "ebitda": "114355000", "netIncome": "46186000"}, {"fiscalDateEnding": "2014-12-31", "reportedCurrency": "USD", "grossProfit": "123135000", "totalRevenue": "176377000", "costOfRevenue": "53242000", "costofGoodsAndServicesSold": "53242000", "operatingIncome": "71610000", "sellingGeneralAndAdministrative": "8114000", "researchAndDevelopment": "0", "operatingExpenses": "51525000", "investmentIncomeNet": "None", "netInterestIncome": "None", "interestIncome": "None", "interestExpense": "24169000", "nonInterestIncome": "None", "otherNonOperatingIncome": "-6558000", "depreciation": "None", "depreciationAndAmortization": "43411000", "incomeBeforeTax": "37279000", "incomeTaxExpense": "2117000", "interestAndDebtExpense": "None", "netIncomeFromContinuingOperations": "37279000", "comprehensiveIncomeNetOfTax": "None", "ebit": "61448000", "ebitda": "104859000", "netIncome": "35162000"}, {"fiscalDateEnding": "2014-09-30", "reportedCurrency": "USD", "grossProfit": "118656000", "totalRevenue": "170938000", "costOfRevenue": "52282000", "costofGoodsAndServicesSold": "52282000", "operatingIncome": "67622000", "sellingGeneralAndAdministrative": "8374000", "researchAndDevelopment": "0", "operatingExpenses": "51034000", "investmentIncomeNet": "None", "netInterestIncome": "None", "interestIncome": "None", "interestExpense": "23422000", "nonInterestIncome": "None", "otherNonOperatingIncome": "2000", "depreciation": "None", "depreciationAndAmortization": "42660000", "incomeBeforeTax": "44648000", "incomeTaxExpense": "-2427000", "interestAndDebtExpense": "None", "netIncomeFromContinuingOperations": "44648000", "comprehensiveIncomeNetOfTax": "None", "ebit": "68070000", "ebitda": "110730000", "netIncome": "47075000"}, {"fiscalDateEnding": "2014-06-30", "reportedCurrency": "USD", "grossProfit": "117378000", "totalRevenue": "167947000", "costOfRevenue": "50569000", "costofGoodsAndServicesSold": "50569000", "operatingIncome": "68361000", "sellingGeneralAndAdministrative": "8124000", "researchAndDevelopment": "0", "operatingExpenses": "49017000", "investmentIncomeNet": "None", "netInterestIncome": "None", "interestIncome": "None", "interestExpense": "23213000", "nonInterestIncome": "None", "otherNonOperatingIncome": "268000", "depreciation": "None", "depreciationAndAmortization": "40893000", "incomeBeforeTax": "45416000", "incomeTaxExpense": "1871000", "interestAndDebtExpense": "None", "netIncomeFromContinuingOperations": "45416000", "comprehensiveIncomeNetOfTax": "None", "ebit": "68629000", "ebitda": "109522000", "netIncome": "43545000"}, {"fiscalDateEnding": "2014-03-31", "reportedCurrency": "USD", "grossProfit": "114998000", "totalRevenue": "170828000", "costOfRevenue": "55830000", "costofGoodsAndServicesSold": "55830000", "operatingIncome": "63444000", "sellingGeneralAndAdministrative": "7704000", "researchAndDevelopment": "0", "operatingExpenses": "51554000", "investmentIncomeNet": "None", "netInterestIncome": "None", "interestIncome": "None", "interestExpense": "23137000", "nonInterestIncome": "None", "otherNonOperatingIncome": "238000", "depreciation": "None", "depreciationAndAmortization": "43850000", "incomeBeforeTax": "40545000", "incomeTaxExpense": "1792000", "interestAndDebtExpense": "None", "netIncomeFromContinuingOperations": "40545000", "comprehensiveIncomeNetOfTax": "None", "ebit": "63682000", "ebitda": "107532000", "netIncome": "38753000"}, {"fiscalDateEnding": "2013-12-31", "reportedCurrency": "USD", "grossProfit": "113751000", "totalRevenue": "163846000", "costOfRevenue": "50095000", "costofGoodsAndServicesSold": "50095000", "operatingIncome": "63470000", "sellingGeneralAndAdministrative": "9068000", "researchAndDevelopment": "0", "operatingExpenses": "50281000", "investmentIncomeNet": "None", "netInterestIncome": "None", "interestIncome": "None", "interestExpense": "24663000", "nonInterestIncome": "None", "otherNonOperatingIncome": "None", "depreciation": "None", "depreciationAndAmortization": "41214000", "incomeBeforeTax": "29603000", "incomeTaxExpense": "1147000", "interestAndDebtExpense": "None", "netIncomeFromContinuingOperations": "0", "comprehensiveIncomeNetOfTax": "None", "ebit": "54266000", "ebitda": "95480000", "netIncome": "28456000"}, {"fiscalDateEnding": "2013-09-30", "reportedCurrency": "USD", "grossProfit": "111585000", "totalRevenue": "159030000", "costOfRevenue": "47445000", "costofGoodsAndServicesSold": "47445000", "operatingIncome": "64701000", "sellingGeneralAndAdministrative": "7543000", "researchAndDevelopment": "0", "operatingExpenses": "46884000", "investmentIncomeNet": "None", "netInterestIncome": "None", "interestIncome": "None", "interestExpense": "25762000", "nonInterestIncome": "None", "otherNonOperatingIncome": "None", "depreciation": "None", "depreciationAndAmortization": "39408000", "incomeBeforeTax": "39390000", "incomeTaxExpense": "-22708000", "interestAndDebtExpense": "None", "netIncomeFromContinuingOperations": "0", "comprehensiveIncomeNetOfTax": "None", "ebit": "65152000", "ebitda": "104560000", "netIncome": "62098000"}, {"fiscalDateEnding": "2013-06-30", "reportedCurrency": "USD", "grossProfit": "111547000", "totalRevenue": "157388000", "costOfRevenue": "45841000", "costofGoodsAndServicesSold": "45841000", "operatingIncome": "63488000", "sellingGeneralAndAdministrative": "8302000", "researchAndDevelopment": "0", "operatingExpenses": "48059000", "investmentIncomeNet": "None", "netInterestIncome": "None", "interestIncome": "None", "interestExpense": "27147000", "nonInterestIncome": "None", "otherNonOperatingIncome": "-2963000", "depreciation": "None", "depreciationAndAmortization": "39853000", "incomeBeforeTax": "33379000", "incomeTaxExpense": "-3736000", "interestAndDebtExpense": "None", "netIncomeFromContinuingOperations": "33803000", "comprehensiveIncomeNetOfTax": "None", "ebit": "60526000", "ebitda": "100379000", "netIncome": "37539000"}, {"fiscalDateEnding": "2013-03-31", "reportedCurrency": "USD", "grossProfit": "110076000", "totalRevenue": "157149000", "costOfRevenue": "47073000", "costofGoodsAndServicesSold": "47073000", "operatingIncome": "62502000", "sellingGeneralAndAdministrative": "7057000", "researchAndDevelopment": "0", "operatingExpenses": "47574000", "investmentIncomeNet": "None", "netInterestIncome": "None", "interestIncome": "None", "interestExpense": "27405000", "nonInterestIncome": "None", "otherNonOperatingIncome": "342000", "depreciation": "None", "depreciationAndAmortization": "40624000", "incomeBeforeTax": "35439000", "incomeTaxExpense": "1254000", "interestAndDebtExpense": "None", "netIncomeFromContinuingOperations": "35842000", "comprehensiveIncomeNetOfTax": "None", "ebit": "62844000", "ebitda": "103468000", "netIncome": "34588000"}, {"fiscalDateEnding": "2012-12-31", "reportedCurrency": "USD", "grossProfit": "59500000", "totalRevenue": "156364000", "costOfRevenue": "96864000", "costofGoodsAndServicesSold": "96864000", "operatingIncome": "65813000", "sellingGeneralAndAdministrative": "8264000", "researchAndDevelopment": "0", "operatingExpenses": "-6313000", "investmentIncomeNet": "None", "netInterestIncome": "None", "interestIncome": "None", "interestExpense": "27592000", "nonInterestIncome": "None", "otherNonOperatingIncome": "None", "depreciation": "None", "depreciationAndAmortization": "35337000", "incomeBeforeTax": "37692000", "incomeTaxExpense": "-37692000", "interestAndDebtExpense": "None", "netIncomeFromContinuingOperations": "0", "comprehensiveIncomeNetOfTax": "None", "ebit": "68259000", "ebitda": "103596000", "netIncome": "37692000"}, {"fiscalDateEnding": "2012-09-30", "reportedCurrency": "USD", "grossProfit": "110350000", "totalRevenue": "157232000", "costOfRevenue": "46882000", "costofGoodsAndServicesSold": "46882000", "operatingIncome": "66752000", "sellingGeneralAndAdministrative": "8751000", "researchAndDevelopment": "0", "operatingExpenses": "43598000", "investmentIncomeNet": "None", "netInterestIncome": "None", "interestIncome": "None", "interestExpense": "28218000", "nonInterestIncome": "None", "otherNonOperatingIncome": "None", "depreciation": "None", "depreciationAndAmortization": "34932000", "incomeBeforeTax": "39285000", "incomeTaxExpense": "-38644000", "interestAndDebtExpense": "None", "netIncomeFromContinuingOperations": "0", "comprehensiveIncomeNetOfTax": "None", "ebit": "67503000", "ebitda": "102435000", "netIncome": "38644000"}, {"fiscalDateEnding": "2012-06-30", "reportedCurrency": "USD", "grossProfit": "104117000", "totalRevenue": "147560000", "costOfRevenue": "43443000", "costofGoodsAndServicesSold": "43443000", "operatingIncome": "61779000", "sellingGeneralAndAdministrative": "7139000", "researchAndDevelopment": "0", "operatingExpenses": "42338000", "investmentIncomeNet": "None", "netInterestIncome": "None", "interestIncome": "None", "interestExpense": "28733000", "nonInterestIncome": "None", "otherNonOperatingIncome": "None", "depreciation": "None", "depreciationAndAmortization": "35199000", "incomeBeforeTax": "33596000", "incomeTaxExpense": "-32603000", "interestAndDebtExpense": "None", "netIncomeFromContinuingOperations": "0", "comprehensiveIncomeNetOfTax": "None", "ebit": "62329000", "ebitda": "97528000", "netIncome": "32603000"}, {"fiscalDateEnding": "2012-03-31", "reportedCurrency": "USD", "grossProfit": "104122000", "totalRevenue": "146289000", "costOfRevenue": "42167000", "costofGoodsAndServicesSold": "42167000", "operatingIncome": "60547000", "sellingGeneralAndAdministrative": "7004000", "researchAndDevelopment": "0", "operatingExpenses": "43575000", "investmentIncomeNet": "None", "netInterestIncome": "None", "interestIncome": "None", "interestExpense": "28793000", "nonInterestIncome": "None", "otherNonOperatingIncome": "None", "depreciation": "None", "depreciationAndAmortization": "36571000", "incomeBeforeTax": "32262000", "incomeTaxExpense": "-10724000", "interestAndDebtExpense": "None", "netIncomeFromContinuingOperations": "0", "comprehensiveIncomeNetOfTax": "None", "ebit": "61055000", "ebitda": "97626000", "netIncome": "42986000"}, {"fiscalDateEnding": "2011-12-31", "reportedCurrency": "USD", "grossProfit": "113047000", "totalRevenue": "141466000", "costOfRevenue": "28419000", "costofGoodsAndServicesSold": "28419000", "operatingIncome": "57233000", "sellingGeneralAndAdministrative": "9342000", "researchAndDevelopment": "0", "operatingExpenses": "55814000", "investmentIncomeNet": "None", "netInterestIncome": "None", "interestIncome": "None", "interestExpense": "25721000", "nonInterestIncome": "None", "otherNonOperatingIncome": "None", "depreciation": "None", "depreciationAndAmortization": "31853000", "incomeBeforeTax": "30921000", "incomeTaxExpense": "-30921000", "interestAndDebtExpense": "None", "netIncomeFromContinuingOperations": "0", "comprehensiveIncomeNetOfTax": "None", "ebit": "55565000", "ebitda": "87418000", "netIncome": "30921000"}, {"fiscalDateEnding": "2011-09-30", "reportedCurrency": "USD", "grossProfit": "111069000", "totalRevenue": "137664000", "costOfRevenue": "26595000", "costofGoodsAndServicesSold": "26595000", "operatingIncome": "56757000", "sellingGeneralAndAdministrative": "7197000", "researchAndDevelopment": "0", "operatingExpenses": "54312000", "investmentIncomeNet": "None", "netInterestIncome": "None", "interestIncome": "None", "interestExpense": "23795000", "nonInterestIncome": "None", "otherNonOperatingIncome": "570000", "depreciation": "None", "depreciationAndAmortization": "32083000", "incomeBeforeTax": "33532000", "incomeTaxExpense": "-13521000", "interestAndDebtExpense": "None", "netIncomeFromContinuingOperations": "33532000", "comprehensiveIncomeNetOfTax": "None", "ebit": "56757000", "ebitda": "88840000", "netIncome": "47053000"}, {"fiscalDateEnding": "2011-06-30", "reportedCurrency": "USD", "grossProfit": "111147000", "totalRevenue": "136280000", "costOfRevenue": "25133000", "costofGoodsAndServicesSold": "25133000", "operatingIncome": "57334000", "sellingGeneralAndAdministrative": "6395000", "researchAndDevelopment": "0", "operatingExpenses": "53813000", "investmentIncomeNet": "None", "netInterestIncome": "None", "interestIncome": "None", "interestExpense": "23905000", "nonInterestIncome": "None", "otherNonOperatingIncome": "464000", "depreciation": "None", "depreciationAndAmortization": "32063000", "incomeBeforeTax": "33893000", "incomeTaxExpense": "-864000", "interestAndDebtExpense": "None", "netIncomeFromContinuingOperations": "33893000", "comprehensiveIncomeNetOfTax": "None", "ebit": "57334000", "ebitda": "89397000", "netIncome": "34757000"}, {"fiscalDateEnding": "2011-03-31", "reportedCurrency": "USD", "grossProfit": "108247000", "totalRevenue": "137649000", "costOfRevenue": "29402000", "costofGoodsAndServicesSold": "29402000", "operatingIncome": "56373000", "sellingGeneralAndAdministrative": "6051000", "researchAndDevelopment": "0", "operatingExpenses": "51874000", "investmentIncomeNet": "None", "netInterestIncome": "None", "interestIncome": "None", "interestExpense": "25044000", "nonInterestIncome": "None", "otherNonOperatingIncome": "634000", "depreciation": "None", "depreciationAndAmortization": "30569000", "incomeBeforeTax": "31963000", "incomeTaxExpense": "1158000", "interestAndDebtExpense": "None", "netIncomeFromContinuingOperations": "32344000", "comprehensiveIncomeNetOfTax": "None", "ebit": "57007000", "ebitda": "87576000", "netIncome": "31186000"}, {"fiscalDateEnding": "2010-12-31", "reportedCurrency": "USD", "grossProfit": "96159000", "totalRevenue": "138305000", "costOfRevenue": "42146000", "costofGoodsAndServicesSold": "42146000", "operatingIncome": "59211000", "sellingGeneralAndAdministrative": "7127000", "researchAndDevelopment": "0", "operatingExpenses": "36948000", "investmentIncomeNet": "None", "netInterestIncome": "None", "interestIncome": "None", "interestExpense": "25203000", "nonInterestIncome": "None", "otherNonOperatingIncome": "None", "depreciation": "None", "depreciationAndAmortization": "30116000", "incomeBeforeTax": "32816000", "incomeTaxExpense": "-32816000", "interestAndDebtExpense": "None", "netIncomeFromContinuingOperations": "0", "comprehensiveIncomeNetOfTax": "None", "ebit": "59194000", "ebitda": "89310000", "netIncome": "32816000"}, {"fiscalDateEnding": "2010-09-30", "reportedCurrency": "USD", "grossProfit": "106416000", "totalRevenue": "133446000", "costOfRevenue": "27030000", "costofGoodsAndServicesSold": "27030000", "operatingIncome": "55896000", "sellingGeneralAndAdministrative": "5844000", "researchAndDevelopment": "0", "operatingExpenses": "50520000", "investmentIncomeNet": "None", "netInterestIncome": "None", "interestIncome": "None", "interestExpense": "25299000", "nonInterestIncome": "None", "otherNonOperatingIncome": "None", "depreciation": "None", "depreciationAndAmortization": "29591000", "incomeBeforeTax": "30740000", "incomeTaxExpense": "-29640000", "interestAndDebtExpense": "None", "netIncomeFromContinuingOperations": "0", "comprehensiveIncomeNetOfTax": "None", "ebit": "56039000", "ebitda": "85630000", "netIncome": "29640000"}, {"fiscalDateEnding": "2010-06-30", "reportedCurrency": "USD", "grossProfit": "107705000", "totalRevenue": "133216000", "costOfRevenue": "25511000", "costofGoodsAndServicesSold": "25511000", "operatingIncome": "55841000", "sellingGeneralAndAdministrative": "5843000", "researchAndDevelopment": "0", "operatingExpenses": "51864000", "investmentIncomeNet": "None", "netInterestIncome": "None", "interestIncome": "None", "interestExpense": "25418000", "nonInterestIncome": "None", "otherNonOperatingIncome": "None", "depreciation": "None", "depreciationAndAmortization": "31178000", "incomeBeforeTax": "30644000", "incomeTaxExpense": "-31114000", "interestAndDebtExpense": "None", "netIncomeFromContinuingOperations": "0", "comprehensiveIncomeNetOfTax": "None", "ebit": "56062000", "ebitda": "87240000", "netIncome": "31114000"}, {"fiscalDateEnding": "2010-03-31", "reportedCurrency": "USD", "grossProfit": "108420000", "totalRevenue": "138324000", "costOfRevenue": "29904000", "costofGoodsAndServicesSold": "29904000", "operatingIncome": "58982000", "sellingGeneralAndAdministrative": "5375000", "researchAndDevelopment": "0", "operatingExpenses": "49438000", "investmentIncomeNet": "None", "netInterestIncome": "None", "interestIncome": "None", "interestExpense": "25962000", "nonInterestIncome": "None", "otherNonOperatingIncome": "None", "depreciation": "None", "depreciationAndAmortization": "28932000", "incomeBeforeTax": "30594000", "incomeTaxExpense": "-29220000", "interestAndDebtExpense": "None", "netIncomeFromContinuingOperations": "0", "comprehensiveIncomeNetOfTax": "None", "ebit": "56556000", "ebitda": "85488000", "netIncome": "29220000"}, {"fiscalDateEnding": "2009-12-31", "reportedCurrency": "USD", "grossProfit": "92916000", "totalRevenue": "138613000", "costOfRevenue": "45697000", "costofGoodsAndServicesSold": "45697000", "operatingIncome": "63328000", "sellingGeneralAndAdministrative": "5862000", "researchAndDevelopment": "0", "operatingExpenses": "29588000", "investmentIncomeNet": "None", "netInterestIncome": "None", "interestIncome": "None", "interestExpense": "29159000", "nonInterestIncome": "None", "otherNonOperatingIncome": "None", "depreciation": "None", "depreciationAndAmortization": "28458000", "incomeBeforeTax": "31970000", "incomeTaxExpense": "-31970000", "interestAndDebtExpense": "None", "netIncomeFromContinuingOperations": "0", "comprehensiveIncomeNetOfTax": "None", "ebit": "58596000", "ebitda": "87054000", "netIncome": "31970000"}, {"fiscalDateEnding": "2009-09-30", "reportedCurrency": "USD", "grossProfit": "92140000", "totalRevenue": "130992000", "costOfRevenue": "38852000", "costofGoodsAndServicesSold": "38852000", "operatingIncome": "57651000", "sellingGeneralAndAdministrative": "5749000", "researchAndDevelopment": "0", "operatingExpenses": "34489000", "investmentIncomeNet": "None", "netInterestIncome": "None", "interestIncome": "None", "interestExpense": "30209000", "nonInterestIncome": "None", "otherNonOperatingIncome": "None", "depreciation": "None", "depreciationAndAmortization": "28410000", "incomeBeforeTax": "27433000", "incomeTaxExpense": "-27433000", "interestAndDebtExpense": "None", "netIncomeFromContinuingOperations": "0", "comprehensiveIncomeNetOfTax": "None", "ebit": "57981000", "ebitda": "86391000", "netIncome": "27433000"}, {"fiscalDateEnding": "2009-06-30", "reportedCurrency": "USD", "grossProfit": "90437000", "totalRevenue": "130338000", "costOfRevenue": "39901000", "costofGoodsAndServicesSold": "39901000", "operatingIncome": "55403000", "sellingGeneralAndAdministrative": "5276000", "researchAndDevelopment": "0", "operatingExpenses": "35034000", "investmentIncomeNet": "None", "netInterestIncome": "None", "interestIncome": "None", "interestExpense": "25830000", "nonInterestIncome": "None", "otherNonOperatingIncome": "None", "depreciation": "None", "depreciationAndAmortization": "29633000", "incomeBeforeTax": "28417000", "incomeTaxExpense": "-28417000", "interestAndDebtExpense": "None", "netIncomeFromContinuingOperations": "0", "comprehensiveIncomeNetOfTax": "None", "ebit": "55528000", "ebitda": "85161000", "netIncome": "28417000"}, {"fiscalDateEnding": "2009-03-31", "reportedCurrency": "USD", "grossProfit": "88547000", "totalRevenue": "131076000", "costOfRevenue": "42529000", "costofGoodsAndServicesSold": "42529000", "operatingIncome": "34178000", "sellingGeneralAndAdministrative": "5145000", "researchAndDevelopment": "0", "operatingExpenses": "54369000", "investmentIncomeNet": "None", "netInterestIncome": "None", "interestIncome": "None", "interestExpense": "23569000", "nonInterestIncome": "None", "otherNonOperatingIncome": "None", "depreciation": "None", "depreciationAndAmortization": "28592000", "incomeBeforeTax": "10484000", "incomeTaxExpense": "-10484000", "interestAndDebtExpense": "None", "netIncomeFromContinuingOperations": "0", "comprehensiveIncomeNetOfTax": "None", "ebit": "54810000", "ebitda": "83402000", "netIncome": "10484000"}, {"fiscalDateEnding": "2008-12-31", "reportedCurrency": "USD", "grossProfit": "90286000", "totalRevenue": "133376000", "costOfRevenue": "43090000", "costofGoodsAndServicesSold": "43090000", "operatingIncome": "53820000", "sellingGeneralAndAdministrative": "7281000", "researchAndDevelopment": "0", "operatingExpenses": "36466000", "investmentIncomeNet": "None", "netInterestIncome": "None", "interestIncome": "None", "interestExpense": "24997000", "nonInterestIncome": "None", "otherNonOperatingIncome": "None", "depreciation": "None", "depreciationAndAmortization": "29231000", "incomeBeforeTax": "33725000", "incomeTaxExpense": "-33725000", "interestAndDebtExpense": "None", "netIncomeFromContinuingOperations": "0", "comprehensiveIncomeNetOfTax": "None", "ebit": "53820000", "ebitda": "83051000", "netIncome": "33725000"}, {"fiscalDateEnding": "2008-09-30", "reportedCurrency": "USD", "grossProfit": "89468000", "totalRevenue": "131707000", "costOfRevenue": "42239000", "costofGoodsAndServicesSold": "42239000", "operatingIncome": "55446000", "sellingGeneralAndAdministrative": "5391000", "researchAndDevelopment": "0", "operatingExpenses": "34022000", "investmentIncomeNet": "None", "netInterestIncome": "None", "interestIncome": "None", "interestExpense": "1134000", "nonInterestIncome": "None", "otherNonOperatingIncome": "None", "depreciation": "None", "depreciationAndAmortization": "28643000", "incomeBeforeTax": "37102000", "incomeTaxExpense": "-37102000", "interestAndDebtExpense": "None", "netIncomeFromContinuingOperations": "0", "comprehensiveIncomeNetOfTax": "None", "ebit": "55446000", "ebitda": "84089000", "netIncome": "37102000"}, {"fiscalDateEnding": "2008-06-30", "reportedCurrency": "USD", "grossProfit": "88417000", "totalRevenue": "128712000", "costOfRevenue": "40295000", "costofGoodsAndServicesSold": "40295000", "operatingIncome": "53515000", "sellingGeneralAndAdministrative": "7039000", "researchAndDevelopment": "0", "operatingExpenses": "34902000", "investmentIncomeNet": "None", "netInterestIncome": "None", "interestIncome": "None", "interestExpense": "24476000", "nonInterestIncome": "None", "otherNonOperatingIncome": "None", "depreciation": "None", "depreciationAndAmortization": "27795000", "incomeBeforeTax": "28974000", "incomeTaxExpense": "-28974000", "interestAndDebtExpense": "None", "netIncomeFromContinuingOperations": "0", "comprehensiveIncomeNetOfTax": "None", "ebit": "53515000", "ebitda": "81310000", "netIncome": "28974000"}, {"fiscalDateEnding": "2008-03-31", "reportedCurrency": "USD", "grossProfit": "86718000", "totalRevenue": "126369000", "costOfRevenue": "39651000", "costofGoodsAndServicesSold": "39651000", "operatingIncome": "54387000", "sellingGeneralAndAdministrative": "6934000", "researchAndDevelopment": "0", "operatingExpenses": "32331000", "investmentIncomeNet": "None", "netInterestIncome": "None", "interestIncome": "None", "interestExpense": "29986000", "nonInterestIncome": "None", "otherNonOperatingIncome": "None", "depreciation": "None", "depreciationAndAmortization": "25400000", "incomeBeforeTax": "29986000", "incomeTaxExpense": "-29986000", "interestAndDebtExpense": "None", "netIncomeFromContinuingOperations": "0", "comprehensiveIncomeNetOfTax": "None", "ebit": "54387000", "ebitda": "79787000", "netIncome": "29986000"}, {"fiscalDateEnding": "2007-12-31", "reportedCurrency": "USD", "grossProfit": "112206000", "totalRevenue": "112206000", "costOfRevenue": "147623000", "costofGoodsAndServicesSold": "147623000", "operatingIncome": "46469000", "sellingGeneralAndAdministrative": "7304000", "researchAndDevelopment": "0", "operatingExpenses": "65737000", "investmentIncomeNet": "None", "netInterestIncome": "None", "interestIncome": "None", "interestExpense": "122168000", "nonInterestIncome": "None", "otherNonOperatingIncome": "None", "depreciation": "None", "depreciationAndAmortization": "26509000", "incomeBeforeTax": "122168000", "incomeTaxExpense": "-122168000", "interestAndDebtExpense": "None", "netIncomeFromContinuingOperations": "0", "comprehensiveIncomeNetOfTax": "None", "ebit": "46469000", "ebitda": "72978000", "netIncome": "122168000"}, {"fiscalDateEnding": "2007-09-30", "reportedCurrency": "USD", "grossProfit": "86309000", "totalRevenue": "123564000", "costOfRevenue": "37255000", "costofGoodsAndServicesSold": "37255000", "operatingIncome": "54092000", "sellingGeneralAndAdministrative": "6631000", "researchAndDevelopment": "0", "operatingExpenses": "32217000", "investmentIncomeNet": "None", "netInterestIncome": "None", "interestIncome": "None", "interestExpense": "23515000", "nonInterestIncome": "None", "otherNonOperatingIncome": "None", "depreciation": "None", "depreciationAndAmortization": "26072000", "incomeBeforeTax": "23515000", "incomeTaxExpense": "-23515000", "interestAndDebtExpense": "None", "netIncomeFromContinuingOperations": "0", "comprehensiveIncomeNetOfTax": "None", "ebit": "54092000", "ebitda": "80164000", "netIncome": "23515000"}, {"fiscalDateEnding": "2007-06-30", "reportedCurrency": "USD", "grossProfit": "84238000", "totalRevenue": "118954000", "costOfRevenue": "34716000", "costofGoodsAndServicesSold": "34716000", "operatingIncome": "52631000", "sellingGeneralAndAdministrative": "6036000", "researchAndDevelopment": "0", "operatingExpenses": "31607000", "investmentIncomeNet": "None", "netInterestIncome": "None", "interestIncome": "None", "interestExpense": "26718000", "nonInterestIncome": "None", "otherNonOperatingIncome": "None", "depreciation": "None", "depreciationAndAmortization": "26901000", "incomeBeforeTax": "26718000", "incomeTaxExpense": "-26718000", "interestAndDebtExpense": "None", "netIncomeFromContinuingOperations": "0", "comprehensiveIncomeNetOfTax": "None", "ebit": "52631000", "ebitda": "79532000", "netIncome": "26718000"}, {"fiscalDateEnding": "2007-03-31", "reportedCurrency": "USD", "grossProfit": "115263000", "totalRevenue": "115263000", "costOfRevenue": "65386000", "costofGoodsAndServicesSold": "65386000", "operatingIncome": "49877000", "sellingGeneralAndAdministrative": "5604000", "researchAndDevelopment": "0", "operatingExpenses": "65386000", "investmentIncomeNet": "None", "netInterestIncome": "None", "interestIncome": "None", "interestExpense": "23136000", "nonInterestIncome": "None", "otherNonOperatingIncome": "None", "depreciation": "None", "depreciationAndAmortization": "26484000", "incomeBeforeTax": "23136000", "incomeTaxExpense": "-23136000", "interestAndDebtExpense": "None", "netIncomeFromContinuingOperations": "0", "comprehensiveIncomeNetOfTax": "None", "ebit": "49877000", "ebitda": "76361000", "netIncome": "23136000"}, {"fiscalDateEnding": "2006-12-31", "reportedCurrency": "USD", "grossProfit": "120492000", "totalRevenue": "120492000", "costOfRevenue": "133028000", "costofGoodsAndServicesSold": "133028000", "operatingIncome": "52250000", "sellingGeneralAndAdministrative": "5593000", "researchAndDevelopment": "0", "operatingExpenses": "68242000", "investmentIncomeNet": "None", "netInterestIncome": "None", "interestIncome": "None", "interestExpense": "24441000", "nonInterestIncome": "None", "otherNonOperatingIncome": "None", "depreciation": "None", "depreciationAndAmortization": "25561000", "incomeBeforeTax": "24441000", "incomeTaxExpense": "-24441000", "interestAndDebtExpense": "None", "netIncomeFromContinuingOperations": "0", "comprehensiveIncomeNetOfTax": "None", "ebit": "52251000", "ebitda": "77812000", "netIncome": "24441000"}, {"fiscalDateEnding": "2006-09-30", "reportedCurrency": "USD", "grossProfit": "112265000", "totalRevenue": "112265000", "costOfRevenue": "32535000", "costofGoodsAndServicesSold": "32535000", "operatingIncome": "49908000", "sellingGeneralAndAdministrative": "6265000", "researchAndDevelopment": "0", "operatingExpenses": "62357000", "investmentIncomeNet": "None", "netInterestIncome": "None", "interestIncome": "None", "interestExpense": "24984000", "nonInterestIncome": "None", "otherNonOperatingIncome": "None", "depreciation": "None", "depreciationAndAmortization": "23979000", "incomeBeforeTax": "24984000", "incomeTaxExpense": "-24984000", "interestAndDebtExpense": "None", "netIncomeFromContinuingOperations": "0", "comprehensiveIncomeNetOfTax": "None", "ebit": "49908000", "ebitda": "73887000", "netIncome": "24984000"}, {"fiscalDateEnding": "2006-06-30", "reportedCurrency": "USD", "grossProfit": "108544000", "totalRevenue": "108544000", "costOfRevenue": "30790000", "costofGoodsAndServicesSold": "30790000", "operatingIncome": "48579000", "sellingGeneralAndAdministrative": "4981000", "researchAndDevelopment": "0", "operatingExpenses": "59965000", "investmentIncomeNet": "None", "netInterestIncome": "None", "interestIncome": "None", "interestExpense": "38256000", "nonInterestIncome": "None", "otherNonOperatingIncome": "None", "depreciation": "None", "depreciationAndAmortization": "24302000", "incomeBeforeTax": "38256000", "incomeTaxExpense": "-38256000", "interestAndDebtExpense": "None", "netIncomeFromContinuingOperations": "0", "comprehensiveIncomeNetOfTax": "None", "ebit": "48579000", "ebitda": "72881000", "netIncome": "38256000"}, {"fiscalDateEnding": "2006-03-31", "reportedCurrency": "USD", "grossProfit": "108380000", "totalRevenue": "108380000", "costOfRevenue": "32801000", "costofGoodsAndServicesSold": "32801000", "operatingIncome": "47357000", "sellingGeneralAndAdministrative": "4501000", "researchAndDevelopment": "0", "operatingExpenses": "61023000", "investmentIncomeNet": "None", "netInterestIncome": "None", "interestIncome": "None", "interestExpense": "31031000", "nonInterestIncome": "None", "otherNonOperatingIncome": "None", "depreciation": "None", "depreciationAndAmortization": "24037000", "incomeBeforeTax": "31031000", "incomeTaxExpense": "-31031000", "interestAndDebtExpense": "None", "netIncomeFromContinuingOperations": "0", "comprehensiveIncomeNetOfTax": "None", "ebit": "47357000", "ebitda": "71394000", "netIncome": "31031000"}, {"fiscalDateEnding": "2005-12-31", "reportedCurrency": "USD", "grossProfit": "105302000", "totalRevenue": "105302000", "costOfRevenue": "124650000", "costofGoodsAndServicesSold": "124650000", "operatingIncome": "46435000", "sellingGeneralAndAdministrative": "5468000", "researchAndDevelopment": "0", "operatingExpenses": "58867000", "investmentIncomeNet": "None", "netInterestIncome": "None", "interestIncome": "None", "interestExpense": "35128000", "nonInterestIncome": "None", "otherNonOperatingIncome": "None", "depreciation": "None", "depreciationAndAmortization": "23192000", "incomeBeforeTax": "35128000", "incomeTaxExpense": "-35128000", "interestAndDebtExpense": "None", "netIncomeFromContinuingOperations": "0", "comprehensiveIncomeNetOfTax": "None", "ebit": "46435000", "ebitda": "69627000", "netIncome": "35128000"}]}