{"symbol": "AAME", "annualReports": [{"fiscalDateEnding": "2024-12-31", "reportedCurrency": "USD", "grossProfit": "14366000", "totalRevenue": "188227000", "costOfRevenue": "173861000", "costofGoodsAndServicesSold": "173861000", "operatingIncome": "-5264000", "sellingGeneralAndAdministrative": "None", "researchAndDevelopment": "None", "operatingExpenses": "19630000", "investmentIncomeNet": "None", "netInterestIncome": "-3419000", "interestIncome": "None", "interestExpense": "3419000", "nonInterestIncome": "None", "otherNonOperatingIncome": "None", "depreciation": "None", "depreciationAndAmortization": "366000", "incomeBeforeTax": "-5264000", "incomeTaxExpense": "-996000", "interestAndDebtExpense": "None", "netIncomeFromContinuingOperations": "-4268000", "comprehensiveIncomeNetOfTax": "None", "ebit": "-1845000", "ebitda": "-1479000", "netIncome": "-4268000"}, {"fiscalDateEnding": "2023-12-31", "reportedCurrency": "USD", "grossProfit": "18169000", "totalRevenue": "186793000", "costOfRevenue": "168624000", "costofGoodsAndServicesSold": "168624000", "operatingIncome": "-565000", "sellingGeneralAndAdministrative": "None", "researchAndDevelopment": "None", "operatingExpenses": "18734000", "investmentIncomeNet": "None", "netInterestIncome": "-3269000", "interestIncome": "None", "interestExpense": "3269000", "nonInterestIncome": "None", "otherNonOperatingIncome": "None", "depreciation": "None", "depreciationAndAmortization": "652000", "incomeBeforeTax": "-565000", "incomeTaxExpense": "-394000", "interestAndDebtExpense": "None", "netIncomeFromContinuingOperations": "-171000", "comprehensiveIncomeNetOfTax": "None", "ebit": "2704000", "ebitda": "3356000", "netIncome": "-171000"}, {"fiscalDateEnding": "2022-12-31", "reportedCurrency": "USD", "grossProfit": "17682000", "totalRevenue": "187851000", "costOfRevenue": "170169000", "costofGoodsAndServicesSold": "170169000", "operatingIncome": "2096000", "sellingGeneralAndAdministrative": "None", "researchAndDevelopment": "None", "operatingExpenses": "15586000", "investmentIncomeNet": "None", "netInterestIncome": "-1952000", "interestIncome": "None", "interestExpense": "1952000", "nonInterestIncome": "None", "otherNonOperatingIncome": "None", "depreciation": "None", "depreciationAndAmortization": "890000", "incomeBeforeTax": "2096000", "incomeTaxExpense": "571000", "interestAndDebtExpense": "None", "netIncomeFromContinuingOperations": "1525000", "comprehensiveIncomeNetOfTax": "None", "ebit": "4048000", "ebitda": "4938000", "netIncome": "1525000"}, {"fiscalDateEnding": "2021-12-31", "reportedCurrency": "USD", "grossProfit": "20364000", "totalRevenue": "199554000", "costOfRevenue": "179190000", "costofGoodsAndServicesSold": "179190000", "operatingIncome": "5302000", "sellingGeneralAndAdministrative": "None", "researchAndDevelopment": "None", "operatingExpenses": "15062000", "investmentIncomeNet": "None", "netInterestIncome": "-1387000", "interestIncome": "None", "interestExpense": "1387000", "nonInterestIncome": "None", "otherNonOperatingIncome": "None", "depreciation": "None", "depreciationAndAmortization": "1003000", "incomeBeforeTax": "5302000", "incomeTaxExpense": "1021000", "interestAndDebtExpense": "None", "netIncomeFromContinuingOperations": "4281000", "comprehensiveIncomeNetOfTax": "None", "ebit": "6689000", "ebitda": "7692000", "netIncome": "4281000"}, {"fiscalDateEnding": "2020-12-31", "reportedCurrency": "USD", "grossProfit": "28661000", "totalRevenue": "195348000", "costOfRevenue": "166687000", "costofGoodsAndServicesSold": "166687000", "operatingIncome": "15503000", "sellingGeneralAndAdministrative": "None", "researchAndDevelopment": "None", "operatingExpenses": "13158000", "investmentIncomeNet": "None", "netInterestIncome": "-1610000", "interestIncome": "None", "interestExpense": "1610000", "nonInterestIncome": "None", "otherNonOperatingIncome": "None", "depreciation": "None", "depreciationAndAmortization": "980000", "incomeBeforeTax": "15503000", "incomeTaxExpense": "3334000", "interestAndDebtExpense": "None", "netIncomeFromContinuingOperations": "12169000", "comprehensiveIncomeNetOfTax": "None", "ebit": "17113000", "ebitda": "18093000", "netIncome": "12169000"}, {"fiscalDateEnding": "2019-12-31", "reportedCurrency": "USD", "grossProfit": "13477000", "totalRevenue": "198179000", "costOfRevenue": "184702000", "costofGoodsAndServicesSold": "184702000", "operatingIncome": "-407000", "sellingGeneralAndAdministrative": "45477000", "researchAndDevelopment": "None", "operatingExpenses": "13884000", "investmentIncomeNet": "None", "netInterestIncome": "-2130000", "interestIncome": "2130000", "interestExpense": "2130000", "nonInterestIncome": "None", "otherNonOperatingIncome": "None", "depreciation": "None", "depreciationAndAmortization": "996000", "incomeBeforeTax": "-407000", "incomeTaxExpense": "-21000", "interestAndDebtExpense": "None", "netIncomeFromContinuingOperations": "-386000", "comprehensiveIncomeNetOfTax": "None", "ebit": "1723000", "ebitda": "2719000", "netIncome": "-386000"}, {"fiscalDateEnding": "2018-12-31", "reportedCurrency": "USD", "grossProfit": "13861000", "totalRevenue": "185553000", "costOfRevenue": "171692000", "costofGoodsAndServicesSold": "171692000", "operatingIncome": "-971000", "sellingGeneralAndAdministrative": "39042000", "researchAndDevelopment": "0", "operatingExpenses": "14832000", "investmentIncomeNet": "None", "netInterestIncome": "-2037000", "interestIncome": "2037000", "interestExpense": "2037000", "nonInterestIncome": "None", "otherNonOperatingIncome": "None", "depreciation": "None", "depreciationAndAmortization": "987000", "incomeBeforeTax": "-971000", "incomeTaxExpense": "-267000", "interestAndDebtExpense": "None", "netIncomeFromContinuingOperations": "-704000", "comprehensiveIncomeNetOfTax": "None", "ebit": "1066000", "ebitda": "2053000", "netIncome": "-704000"}, {"fiscalDateEnding": "2017-12-31", "reportedCurrency": "USD", "grossProfit": "20153000", "totalRevenue": "181114000", "costOfRevenue": "160961000", "costofGoodsAndServicesSold": "160961000", "operatingIncome": "5356000", "sellingGeneralAndAdministrative": "43446000", "researchAndDevelopment": "0", "operatingExpenses": "14797000", "investmentIncomeNet": "None", "netInterestIncome": "-1723000", "interestIncome": "1723000", "interestExpense": "1723000", "nonInterestIncome": "None", "otherNonOperatingIncome": "None", "depreciation": "None", "depreciationAndAmortization": "1438000", "incomeBeforeTax": "5356000", "incomeTaxExpense": "828000", "interestAndDebtExpense": "None", "netIncomeFromContinuingOperations": "4528000", "comprehensiveIncomeNetOfTax": "None", "ebit": "7079000", "ebitda": "8517000", "netIncome": "4528000"}, {"fiscalDateEnding": "2016-12-31", "reportedCurrency": "USD", "grossProfit": "18083000", "totalRevenue": "166077000", "costOfRevenue": "147994000", "costofGoodsAndServicesSold": "147994000", "operatingIncome": "3524000", "sellingGeneralAndAdministrative": "44797000", "researchAndDevelopment": "0", "operatingExpenses": "14559000", "investmentIncomeNet": "None", "netInterestIncome": "-1562000", "interestIncome": "1562000", "interestExpense": "1562000", "nonInterestIncome": "None", "otherNonOperatingIncome": "None", "depreciation": "None", "depreciationAndAmortization": "1205000", "incomeBeforeTax": "3524000", "incomeTaxExpense": "888000", "interestAndDebtExpense": "None", "netIncomeFromContinuingOperations": "2636000", "comprehensiveIncomeNetOfTax": "None", "ebit": "5086000", "ebitda": "6291000", "netIncome": "2636000"}, {"fiscalDateEnding": "2015-12-31", "reportedCurrency": "USD", "grossProfit": "21338000", "totalRevenue": "165937000", "costOfRevenue": "144599000", "costofGoodsAndServicesSold": "144599000", "operatingIncome": "5708000", "sellingGeneralAndAdministrative": "43235000", "researchAndDevelopment": "0", "operatingExpenses": "15630000", "investmentIncomeNet": "None", "netInterestIncome": "None", "interestIncome": "1429000", "interestExpense": "1429000", "nonInterestIncome": "None", "otherNonOperatingIncome": "None", "depreciation": "None", "depreciationAndAmortization": "1117000", "incomeBeforeTax": "5708000", "incomeTaxExpense": "1320000", "interestAndDebtExpense": "None", "netIncomeFromContinuingOperations": "4388000", "comprehensiveIncomeNetOfTax": "None", "ebit": "7137000", "ebitda": "8254000", "netIncome": "4388000"}, {"fiscalDateEnding": "2014-12-31", "reportedCurrency": "USD", "grossProfit": "19203000", "totalRevenue": "166321000", "costOfRevenue": "147118000", "costofGoodsAndServicesSold": "147118000", "operatingIncome": "4904000", "sellingGeneralAndAdministrative": "0", "researchAndDevelopment": "0", "operatingExpenses": "14299000", "investmentIncomeNet": "None", "netInterestIncome": "None", "interestIncome": "None", "interestExpense": "1607000", "nonInterestIncome": "None", "otherNonOperatingIncome": "None", "depreciation": "None", "depreciationAndAmortization": "932000", "incomeBeforeTax": "4904000", "incomeTaxExpense": "474000", "interestAndDebtExpense": "None", "netIncomeFromContinuingOperations": "4430000", "comprehensiveIncomeNetOfTax": "None", "ebit": "6511000", "ebitda": "7443000", "netIncome": "4430000"}, {"fiscalDateEnding": "2013-12-31", "reportedCurrency": "USD", "grossProfit": "24441000", "totalRevenue": "165369000", "costOfRevenue": "140928000", "costofGoodsAndServicesSold": "140928000", "operatingIncome": "11206000", "sellingGeneralAndAdministrative": "0", "researchAndDevelopment": "0", "operatingExpenses": "13235000", "investmentIncomeNet": "None", "netInterestIncome": "None", "interestIncome": "None", "interestExpense": "1898000", "nonInterestIncome": "None", "otherNonOperatingIncome": "None", "depreciation": "None", "depreciationAndAmortization": "600000", "incomeBeforeTax": "11206000", "incomeTaxExpense": "184000", "interestAndDebtExpense": "None", "netIncomeFromContinuingOperations": "11022000", "comprehensiveIncomeNetOfTax": "None", "ebit": "13104000", "ebitda": "13704000", "netIncome": "11022000"}, {"fiscalDateEnding": "2012-12-31", "reportedCurrency": "USD", "grossProfit": "-14943000", "totalRevenue": "139828000", "costOfRevenue": "154771000", "costofGoodsAndServicesSold": "154771000", "operatingIncome": "5082000", "sellingGeneralAndAdministrative": "0", "researchAndDevelopment": "0", "operatingExpenses": "-20025000", "investmentIncomeNet": "None", "netInterestIncome": "None", "interestIncome": "None", "interestExpense": "2632000", "nonInterestIncome": "None", "otherNonOperatingIncome": "None", "depreciation": "None", "depreciationAndAmortization": "469000", "incomeBeforeTax": "5082000", "incomeTaxExpense": "646000", "interestAndDebtExpense": "None", "netIncomeFromContinuingOperations": "4436000", "comprehensiveIncomeNetOfTax": "None", "ebit": "7714000", "ebitda": "8183000", "netIncome": "4436000"}, {"fiscalDateEnding": "2011-12-31", "reportedCurrency": "USD", "grossProfit": "-14354000", "totalRevenue": "118332000", "costOfRevenue": "132686000", "costofGoodsAndServicesSold": "132686000", "operatingIncome": "3315000", "sellingGeneralAndAdministrative": "0", "researchAndDevelopment": "0", "operatingExpenses": "-17669000", "investmentIncomeNet": "None", "netInterestIncome": "None", "interestIncome": "None", "interestExpense": "2599000", "nonInterestIncome": "None", "otherNonOperatingIncome": "None", "depreciation": "None", "depreciationAndAmortization": "388000", "incomeBeforeTax": "3315000", "incomeTaxExpense": "25000", "interestAndDebtExpense": "None", "netIncomeFromContinuingOperations": "3290000", "comprehensiveIncomeNetOfTax": "None", "ebit": "5914000", "ebitda": "6302000", "netIncome": "3290000"}, {"fiscalDateEnding": "2010-12-31", "reportedCurrency": "USD", "grossProfit": "11936000", "totalRevenue": "106889000", "costOfRevenue": "94953000", "costofGoodsAndServicesSold": "94953000", "operatingIncome": "621000", "sellingGeneralAndAdministrative": "None", "researchAndDevelopment": "None", "operatingExpenses": "11315000", "investmentIncomeNet": "None", "netInterestIncome": "None", "interestIncome": "None", "interestExpense": "2612000", "nonInterestIncome": "None", "otherNonOperatingIncome": "None", "depreciation": "None", "depreciationAndAmortization": "10154000", "incomeBeforeTax": "621000", "incomeTaxExpense": "-369000", "interestAndDebtExpense": "None", "netIncomeFromContinuingOperations": "None", "comprehensiveIncomeNetOfTax": "None", "ebit": "3233000", "ebitda": "13387000", "netIncome": "990000"}, {"fiscalDateEnding": "2009-12-31", "reportedCurrency": "USD", "grossProfit": "13547000", "totalRevenue": "102710000", "costOfRevenue": "89163000", "costofGoodsAndServicesSold": "89163000", "operatingIncome": "1350000", "sellingGeneralAndAdministrative": "None", "researchAndDevelopment": "None", "operatingExpenses": "12197000", "investmentIncomeNet": "None", "netInterestIncome": "None", "interestIncome": "None", "interestExpense": "2756000", "nonInterestIncome": "None", "otherNonOperatingIncome": "None", "depreciation": "None", "depreciationAndAmortization": "323000", "incomeBeforeTax": "1350000", "incomeTaxExpense": "2557000", "interestAndDebtExpense": "None", "netIncomeFromContinuingOperations": "None", "comprehensiveIncomeNetOfTax": "None", "ebit": "4106000", "ebitda": "4429000", "netIncome": "-1207000"}, {"fiscalDateEnding": "2008-12-31", "reportedCurrency": "USD", "grossProfit": "12085000", "totalRevenue": "99731000", "costOfRevenue": "87646000", "costofGoodsAndServicesSold": "87646000", "operatingIncome": "-992000", "sellingGeneralAndAdministrative": "None", "researchAndDevelopment": "None", "operatingExpenses": "13077000", "investmentIncomeNet": "None", "netInterestIncome": "None", "interestIncome": "None", "interestExpense": "3298000", "nonInterestIncome": "None", "otherNonOperatingIncome": "None", "depreciation": "None", "depreciationAndAmortization": "10232000", "incomeBeforeTax": "-992000", "incomeTaxExpense": "-526000", "interestAndDebtExpense": "None", "netIncomeFromContinuingOperations": "None", "comprehensiveIncomeNetOfTax": "None", "ebit": "2306000", "ebitda": "12538000", "netIncome": "-3883000"}, {"fiscalDateEnding": "2007-12-31", "reportedCurrency": "USD", "grossProfit": "31608000", "totalRevenue": "122972000", "costOfRevenue": "91364000", "costofGoodsAndServicesSold": "91364000", "operatingIncome": "19098000", "sellingGeneralAndAdministrative": "None", "researchAndDevelopment": "None", "operatingExpenses": "12510000", "investmentIncomeNet": "None", "netInterestIncome": "None", "interestIncome": "None", "interestExpense": "4160000", "nonInterestIncome": "None", "otherNonOperatingIncome": "None", "depreciation": "None", "depreciationAndAmortization": "11227000", "incomeBeforeTax": "19098000", "incomeTaxExpense": "7513000", "interestAndDebtExpense": "None", "netIncomeFromContinuingOperations": "None", "comprehensiveIncomeNetOfTax": "None", "ebit": "23258000", "ebitda": "34485000", "netIncome": "7252000"}, {"fiscalDateEnding": "2006-12-31", "reportedCurrency": "USD", "grossProfit": "23494000", "totalRevenue": "125358000", "costOfRevenue": "101864000", "costofGoodsAndServicesSold": "101864000", "operatingIncome": "9624000", "sellingGeneralAndAdministrative": "None", "researchAndDevelopment": "None", "operatingExpenses": "13870000", "investmentIncomeNet": "None", "netInterestIncome": "None", "interestIncome": "None", "interestExpense": "4605000", "nonInterestIncome": "None", "otherNonOperatingIncome": "None", "depreciation": "None", "depreciationAndAmortization": "871000", "incomeBeforeTax": "9624000", "incomeTaxExpense": "2458000", "interestAndDebtExpense": "None", "netIncomeFromContinuingOperations": "None", "comprehensiveIncomeNetOfTax": "None", "ebit": "14229000", "ebitda": "15100000", "netIncome": "8936000"}, {"fiscalDateEnding": "2005-12-31", "reportedCurrency": "USD", "grossProfit": "12559000", "totalRevenue": "121981000", "costOfRevenue": "109422000", "costofGoodsAndServicesSold": "109422000", "operatingIncome": "-614000", "sellingGeneralAndAdministrative": "None", "researchAndDevelopment": "None", "operatingExpenses": "13173000", "investmentIncomeNet": "None", "netInterestIncome": "None", "interestIncome": "None", "interestExpense": "3611000", "nonInterestIncome": "None", "otherNonOperatingIncome": "None", "depreciation": "None", "depreciationAndAmortization": "949000", "incomeBeforeTax": "-614000", "incomeTaxExpense": "-1746000", "interestAndDebtExpense": "None", "netIncomeFromContinuingOperations": "None", "comprehensiveIncomeNetOfTax": "None", "ebit": "2997000", "ebitda": "3946000", "netIncome": "-3175000"}], "quarterlyReports": [{"fiscalDateEnding": "2025-09-30", "reportedCurrency": "USD", "grossProfit": "53760000", "totalRevenue": "53760000", "costOfRevenue": "None", "costofGoodsAndServicesSold": "None", "operatingIncome": "53760000", "sellingGeneralAndAdministrative": "None", "researchAndDevelopment": "None", "operatingExpenses": "53760000", "investmentIncomeNet": "None", "netInterestIncome": "-779000", "interestIncome": "None", "interestExpense": "779000", "nonInterestIncome": "None", "otherNonOperatingIncome": "None", "depreciation": "None", "depreciationAndAmortization": "97000", "incomeBeforeTax": "769000", "incomeTaxExpense": "192000", "interestAndDebtExpense": "None", "netIncomeFromContinuingOperations": "577000", "comprehensiveIncomeNetOfTax": "None", "ebit": "0", "ebitda": "97000", "netIncome": "577000"}, {"fiscalDateEnding": "2025-06-30", "reportedCurrency": "USD", "grossProfit": "8773000", "totalRevenue": "55290000", "costOfRevenue": "46517000", "costofGoodsAndServicesSold": "46517000", "operatingIncome": "4216000", "sellingGeneralAndAdministrative": "None", "researchAndDevelopment": "None", "operatingExpenses": "4557000", "investmentIncomeNet": "None", "netInterestIncome": "-773000", "interestIncome": "None", "interestExpense": "773000", "nonInterestIncome": "None", "otherNonOperatingIncome": "None", "depreciation": "None", "depreciationAndAmortization": "103000", "incomeBeforeTax": "4216000", "incomeTaxExpense": "900000", "interestAndDebtExpense": "None", "netIncomeFromContinuingOperations": "3316000", "comprehensiveIncomeNetOfTax": "None", "ebit": "4989000", "ebitda": "5092000", "netIncome": "3316000"}, {"fiscalDateEnding": "2025-03-31", "reportedCurrency": "USD", "grossProfit": "6532000", "totalRevenue": "50125000", "costOfRevenue": "43593000", "costofGoodsAndServicesSold": "43593000", "operatingIncome": "1035000", "sellingGeneralAndAdministrative": "None", "researchAndDevelopment": "None", "operatingExpenses": "5497000", "investmentIncomeNet": "None", "netInterestIncome": "-774000", "interestIncome": "None", "interestExpense": "774000", "nonInterestIncome": "None", "otherNonOperatingIncome": "None", "depreciation": "None", "depreciationAndAmortization": "77000", "incomeBeforeTax": "1035000", "incomeTaxExpense": "233000", "interestAndDebtExpense": "None", "netIncomeFromContinuingOperations": "802000", "comprehensiveIncomeNetOfTax": "None", "ebit": "1809000", "ebitda": "1886000", "netIncome": "802000"}, {"fiscalDateEnding": "2024-12-31", "reportedCurrency": "USD", "grossProfit": "5414000", "totalRevenue": "49043000", "costOfRevenue": "43629000", "costofGoodsAndServicesSold": "43629000", "operatingIncome": "545000", "sellingGeneralAndAdministrative": "None", "researchAndDevelopment": "None", "operatingExpenses": "4869000", "investmentIncomeNet": "None", "netInterestIncome": "-828000", "interestIncome": "None", "interestExpense": "828000", "nonInterestIncome": "None", "otherNonOperatingIncome": "None", "depreciation": "None", "depreciationAndAmortization": "69000", "incomeBeforeTax": "545000", "incomeTaxExpense": "133000", "interestAndDebtExpense": "None", "netIncomeFromContinuingOperations": "412000", "comprehensiveIncomeNetOfTax": "None", "ebit": "1373000", "ebitda": "1442000", "netIncome": "412000"}, {"fiscalDateEnding": "2024-09-30", "reportedCurrency": "USD", "grossProfit": "2269000", "totalRevenue": "44519000", "costOfRevenue": "42250000", "costofGoodsAndServicesSold": "42250000", "operatingIncome": "-2454000", "sellingGeneralAndAdministrative": "None", "researchAndDevelopment": "None", "operatingExpenses": "4723000", "investmentIncomeNet": "None", "netInterestIncome": "-869000", "interestIncome": "None", "interestExpense": "869000", "nonInterestIncome": "None", "otherNonOperatingIncome": "None", "depreciation": "None", "depreciationAndAmortization": "59000", "incomeBeforeTax": "-2454000", "incomeTaxExpense": "-456000", "interestAndDebtExpense": "None", "netIncomeFromContinuingOperations": "-1998000", "comprehensiveIncomeNetOfTax": "None", "ebit": "-1585000", "ebitda": "-1526000", "netIncome": "-1998000"}, {"fiscalDateEnding": "2024-06-30", "reportedCurrency": "USD", "grossProfit": "4277000", "totalRevenue": "47668000", "costOfRevenue": "43391000", "costofGoodsAndServicesSold": "43391000", "operatingIncome": "-849000", "sellingGeneralAndAdministrative": "None", "researchAndDevelopment": "None", "operatingExpenses": "5126000", "investmentIncomeNet": "None", "netInterestIncome": "-867000", "interestIncome": "None", "interestExpense": "867000", "nonInterestIncome": "None", "otherNonOperatingIncome": "None", "depreciation": "None", "depreciationAndAmortization": "125000", "incomeBeforeTax": "-849000", "incomeTaxExpense": "-165000", "interestAndDebtExpense": "None", "netIncomeFromContinuingOperations": "-684000", "comprehensiveIncomeNetOfTax": "None", "ebit": "18000", "ebitda": "143000", "netIncome": "-684000"}, {"fiscalDateEnding": "2024-03-31", "reportedCurrency": "USD", "grossProfit": "15072000", "totalRevenue": "46997000", "costOfRevenue": "31925000", "costofGoodsAndServicesSold": "31925000", "operatingIncome": "-1651000", "sellingGeneralAndAdministrative": "None", "researchAndDevelopment": "None", "operatingExpenses": "16723000", "investmentIncomeNet": "None", "netInterestIncome": "-855000", "interestIncome": "None", "interestExpense": "855000", "nonInterestIncome": "None", "otherNonOperatingIncome": "None", "depreciation": "None", "depreciationAndAmortization": "113000", "incomeBeforeTax": "-2506000", "incomeTaxExpense": "-508000", "interestAndDebtExpense": "None", "netIncomeFromContinuingOperations": "-1998000", "comprehensiveIncomeNetOfTax": "None", "ebit": "-1651000", "ebitda": "-1538000", "netIncome": "-1998000"}, {"fiscalDateEnding": "2023-09-30", "reportedCurrency": "USD", "grossProfit": "6709000", "totalRevenue": "44591000", "costOfRevenue": "37882000", "costofGoodsAndServicesSold": "37882000", "operatingIncome": "2138000", "sellingGeneralAndAdministrative": "None", "researchAndDevelopment": "None", "operatingExpenses": "4571000", "investmentIncomeNet": "None", "netInterestIncome": "-850000", "interestIncome": "None", "interestExpense": "850000", "nonInterestIncome": "None", "otherNonOperatingIncome": "None", "depreciation": "None", "depreciationAndAmortization": "164000", "incomeBeforeTax": "2138000", "incomeTaxExpense": "379000", "interestAndDebtExpense": "None", "netIncomeFromContinuingOperations": "1759000", "comprehensiveIncomeNetOfTax": "None", "ebit": "2988000", "ebitda": "3152000", "netIncome": "1759000"}, {"fiscalDateEnding": "2023-06-30", "reportedCurrency": "USD", "grossProfit": "6975000", "totalRevenue": "49188000", "costOfRevenue": "42213000", "costofGoodsAndServicesSold": "42213000", "operatingIncome": "2217000", "sellingGeneralAndAdministrative": "None", "researchAndDevelopment": "None", "operatingExpenses": "4758000", "investmentIncomeNet": "None", "netInterestIncome": "-807000", "interestIncome": "None", "interestExpense": "807000", "nonInterestIncome": "None", "otherNonOperatingIncome": "None", "depreciation": "None", "depreciationAndAmortization": "169000", "incomeBeforeTax": "2217000", "incomeTaxExpense": "473000", "interestAndDebtExpense": "None", "netIncomeFromContinuingOperations": "1744000", "comprehensiveIncomeNetOfTax": "None", "ebit": "3024000", "ebitda": "3193000", "netIncome": "1744000"}, {"fiscalDateEnding": "2023-03-31", "reportedCurrency": "USD", "grossProfit": "2891000", "totalRevenue": "46269000", "costOfRevenue": "43378000", "costofGoodsAndServicesSold": "43378000", "operatingIncome": "-1818000", "sellingGeneralAndAdministrative": "None", "researchAndDevelopment": "None", "operatingExpenses": "4709000", "investmentIncomeNet": "None", "netInterestIncome": "-750000", "interestIncome": "None", "interestExpense": "750000", "nonInterestIncome": "None", "otherNonOperatingIncome": "None", "depreciation": "None", "depreciationAndAmortization": "188000", "incomeBeforeTax": "-1818000", "incomeTaxExpense": "-372000", "interestAndDebtExpense": "None", "netIncomeFromContinuingOperations": "-1446000", "comprehensiveIncomeNetOfTax": "None", "ebit": "-1068000", "ebitda": "-880000", "netIncome": "-1446000"}, {"fiscalDateEnding": "2022-12-31", "reportedCurrency": "USD", "grossProfit": "None", "totalRevenue": "27300000", "costOfRevenue": "None", "costofGoodsAndServicesSold": "None", "operatingIncome": "None", "sellingGeneralAndAdministrative": "None", "researchAndDevelopment": "None", "operatingExpenses": "43867000", "investmentIncomeNet": "None", "netInterestIncome": "-661000", "interestIncome": "None", "interestExpense": "500000", "nonInterestIncome": "None", "otherNonOperatingIncome": "None", "depreciation": "None", "depreciationAndAmortization": "3300000", "incomeBeforeTax": "1364000", "incomeTaxExpense": "None", "interestAndDebtExpense": "None", "netIncomeFromContinuingOperations": "1046000", "comprehensiveIncomeNetOfTax": "None", "ebit": "2000000", "ebitda": "5300000", "netIncome": "1500000"}, {"fiscalDateEnding": "2022-09-30", "reportedCurrency": "USD", "grossProfit": "2870000", "totalRevenue": "46343000", "costOfRevenue": "43473000", "costofGoodsAndServicesSold": "43473000", "operatingIncome": "-949000", "sellingGeneralAndAdministrative": "None", "researchAndDevelopment": "None", "operatingExpenses": "3819000", "investmentIncomeNet": "None", "netInterestIncome": "-523000", "interestIncome": "None", "interestExpense": "523000", "nonInterestIncome": "None", "otherNonOperatingIncome": "None", "depreciation": "None", "depreciationAndAmortization": "218000", "incomeBeforeTax": "-949000", "incomeTaxExpense": "-265000", "interestAndDebtExpense": "None", "netIncomeFromContinuingOperations": "-684000", "comprehensiveIncomeNetOfTax": "None", "ebit": "-426000", "ebitda": "-208000", "netIncome": "-684000"}, {"fiscalDateEnding": "2022-06-30", "reportedCurrency": "USD", "grossProfit": "1701000", "totalRevenue": "44669000", "costOfRevenue": "42968000", "costofGoodsAndServicesSold": "42968000", "operatingIncome": "-2115000", "sellingGeneralAndAdministrative": "None", "researchAndDevelopment": "None", "operatingExpenses": "3816000", "investmentIncomeNet": "None", "netInterestIncome": "-414000", "interestIncome": "None", "interestExpense": "414000", "nonInterestIncome": "None", "otherNonOperatingIncome": "None", "depreciation": "None", "depreciationAndAmortization": "225000", "incomeBeforeTax": "-2115000", "incomeTaxExpense": "-436000", "interestAndDebtExpense": "None", "netIncomeFromContinuingOperations": "-1679000", "comprehensiveIncomeNetOfTax": "None", "ebit": "-1701000", "ebitda": "-1476000", "netIncome": "-1679000"}, {"fiscalDateEnding": "2022-03-31", "reportedCurrency": "USD", "grossProfit": "7603000", "totalRevenue": "51608000", "costOfRevenue": "44005000", "costofGoodsAndServicesSold": "44005000", "operatingIncome": "3796000", "sellingGeneralAndAdministrative": "None", "researchAndDevelopment": "None", "operatingExpenses": "3807000", "investmentIncomeNet": "None", "netInterestIncome": "-354000", "interestIncome": "None", "interestExpense": "354000", "nonInterestIncome": "None", "otherNonOperatingIncome": "None", "depreciation": "None", "depreciationAndAmortization": "240000", "incomeBeforeTax": "3796000", "incomeTaxExpense": "954000", "interestAndDebtExpense": "None", "netIncomeFromContinuingOperations": "2842000", "comprehensiveIncomeNetOfTax": "None", "ebit": "4150000", "ebitda": "4390000", "netIncome": "2842000"}, {"fiscalDateEnding": "2021-12-31", "reportedCurrency": "USD", "grossProfit": "7232000", "totalRevenue": "49732000", "costOfRevenue": "42500000", "costofGoodsAndServicesSold": "42500000", "operatingIncome": "3388000", "sellingGeneralAndAdministrative": "None", "researchAndDevelopment": "None", "operatingExpenses": "3844000", "investmentIncomeNet": "None", "netInterestIncome": "-347000", "interestIncome": "None", "interestExpense": "347000", "nonInterestIncome": "None", "otherNonOperatingIncome": "None", "depreciation": "None", "depreciationAndAmortization": "250000", "incomeBeforeTax": "3388000", "incomeTaxExpense": "723000", "interestAndDebtExpense": "None", "netIncomeFromContinuingOperations": "2665000", "comprehensiveIncomeNetOfTax": "None", "ebit": "3735000", "ebitda": "3985000", "netIncome": "2665000"}, {"fiscalDateEnding": "2021-09-30", "reportedCurrency": "USD", "grossProfit": "2318000", "totalRevenue": "49290000", "costOfRevenue": "46972000", "costofGoodsAndServicesSold": "46972000", "operatingIncome": "-1293000", "sellingGeneralAndAdministrative": "None", "researchAndDevelopment": "None", "operatingExpenses": "3611000", "investmentIncomeNet": "None", "netInterestIncome": "-347000", "interestIncome": "None", "interestExpense": "347000", "nonInterestIncome": "None", "otherNonOperatingIncome": "None", "depreciation": "None", "depreciationAndAmortization": "243000", "incomeBeforeTax": "-1293000", "incomeTaxExpense": "-378000", "interestAndDebtExpense": "None", "netIncomeFromContinuingOperations": "-915000", "comprehensiveIncomeNetOfTax": "None", "ebit": "-946000", "ebitda": "-703000", "netIncome": "-915000"}, {"fiscalDateEnding": "2021-06-30", "reportedCurrency": "USD", "grossProfit": "7575000", "totalRevenue": "51457000", "costOfRevenue": "43882000", "costofGoodsAndServicesSold": "43882000", "operatingIncome": "3754000", "sellingGeneralAndAdministrative": "None", "researchAndDevelopment": "None", "operatingExpenses": "3821000", "investmentIncomeNet": "None", "netInterestIncome": "-347000", "interestIncome": "None", "interestExpense": "347000", "nonInterestIncome": "None", "otherNonOperatingIncome": "None", "depreciation": "None", "depreciationAndAmortization": "246000", "incomeBeforeTax": "3754000", "incomeTaxExpense": "792000", "interestAndDebtExpense": "None", "netIncomeFromContinuingOperations": "2962000", "comprehensiveIncomeNetOfTax": "None", "ebit": "4101000", "ebitda": "4347000", "netIncome": "2962000"}, {"fiscalDateEnding": "2021-03-31", "reportedCurrency": "USD", "grossProfit": "3239000", "totalRevenue": "49075000", "costOfRevenue": "45836000", "costofGoodsAndServicesSold": "45836000", "operatingIncome": "-547000", "sellingGeneralAndAdministrative": "None", "researchAndDevelopment": "None", "operatingExpenses": "3786000", "investmentIncomeNet": "None", "netInterestIncome": "-346000", "interestIncome": "None", "interestExpense": "346000", "nonInterestIncome": "None", "otherNonOperatingIncome": "None", "depreciation": "None", "depreciationAndAmortization": "264000", "incomeBeforeTax": "-547000", "incomeTaxExpense": "-116000", "interestAndDebtExpense": "None", "netIncomeFromContinuingOperations": "-431000", "comprehensiveIncomeNetOfTax": "None", "ebit": "-201000", "ebitda": "63000", "netIncome": "-431000"}, {"fiscalDateEnding": "2020-12-31", "reportedCurrency": "USD", "grossProfit": "17805000", "totalRevenue": "59932000", "costOfRevenue": "42127000", "costofGoodsAndServicesSold": "42127000", "operatingIncome": "15016000", "sellingGeneralAndAdministrative": "None", "researchAndDevelopment": "None", "operatingExpenses": "2789000", "investmentIncomeNet": "None", "netInterestIncome": "-357000", "interestIncome": "None", "interestExpense": "357000", "nonInterestIncome": "None", "otherNonOperatingIncome": "None", "depreciation": "None", "depreciationAndAmortization": "208000", "incomeBeforeTax": "15016000", "incomeTaxExpense": "3168000", "interestAndDebtExpense": "None", "netIncomeFromContinuingOperations": "11848000", "comprehensiveIncomeNetOfTax": "None", "ebit": "15373000", "ebitda": "15581000", "netIncome": "11848000"}, {"fiscalDateEnding": "2020-09-30", "reportedCurrency": "USD", "grossProfit": "5848000", "totalRevenue": "46269000", "costOfRevenue": "40421000", "costofGoodsAndServicesSold": "40421000", "operatingIncome": "2433000", "sellingGeneralAndAdministrative": "None", "researchAndDevelopment": "None", "operatingExpenses": "3415000", "investmentIncomeNet": "None", "netInterestIncome": "-363000", "interestIncome": "None", "interestExpense": "363000", "nonInterestIncome": "None", "otherNonOperatingIncome": "None", "depreciation": "None", "depreciationAndAmortization": "269000", "incomeBeforeTax": "2433000", "incomeTaxExpense": "557000", "interestAndDebtExpense": "None", "netIncomeFromContinuingOperations": "1876000", "comprehensiveIncomeNetOfTax": "None", "ebit": "2796000", "ebitda": "3065000", "netIncome": "1876000"}, {"fiscalDateEnding": "2020-06-30", "reportedCurrency": "USD", "grossProfit": "11807000", "totalRevenue": "49737000", "costOfRevenue": "37930000", "costofGoodsAndServicesSold": "37930000", "operatingIncome": "8281000", "sellingGeneralAndAdministrative": "None", "researchAndDevelopment": "None", "operatingExpenses": "3526000", "investmentIncomeNet": "None", "netInterestIncome": "-414000", "interestIncome": "None", "interestExpense": "414000", "nonInterestIncome": "None", "otherNonOperatingIncome": "None", "depreciation": "None", "depreciationAndAmortization": "252000", "incomeBeforeTax": "8281000", "incomeTaxExpense": "1749000", "interestAndDebtExpense": "None", "netIncomeFromContinuingOperations": "6532000", "comprehensiveIncomeNetOfTax": "None", "ebit": "8695000", "ebitda": "8947000", "netIncome": "6532000"}, {"fiscalDateEnding": "2020-03-31", "reportedCurrency": "USD", "grossProfit": "-6799000", "totalRevenue": "39410000", "costOfRevenue": "46209000", "costofGoodsAndServicesSold": "46209000", "operatingIncome": "-10227000", "sellingGeneralAndAdministrative": "12626000", "researchAndDevelopment": "None", "operatingExpenses": "3428000", "investmentIncomeNet": "None", "netInterestIncome": "-476000", "interestIncome": "476000", "interestExpense": "476000", "nonInterestIncome": "None", "otherNonOperatingIncome": "None", "depreciation": "None", "depreciationAndAmortization": "251000", "incomeBeforeTax": "-10227000", "incomeTaxExpense": "-2140000", "interestAndDebtExpense": "None", "netIncomeFromContinuingOperations": "-8087000", "comprehensiveIncomeNetOfTax": "None", "ebit": "-9751000", "ebitda": "-9500000", "netIncome": "-8087000"}, {"fiscalDateEnding": "2019-12-31", "reportedCurrency": "USD", "grossProfit": "5759000", "totalRevenue": "52289000", "costOfRevenue": "46530000", "costofGoodsAndServicesSold": "46530000", "operatingIncome": "1641000", "sellingGeneralAndAdministrative": "11482000", "researchAndDevelopment": "None", "operatingExpenses": "4118000", "investmentIncomeNet": "None", "netInterestIncome": "-506000", "interestIncome": "506000", "interestExpense": "506000", "nonInterestIncome": "None", "otherNonOperatingIncome": "None", "depreciation": "None", "depreciationAndAmortization": "408000", "incomeBeforeTax": "1641000", "incomeTaxExpense": "371000", "interestAndDebtExpense": "None", "netIncomeFromContinuingOperations": "1270000", "comprehensiveIncomeNetOfTax": "None", "ebit": "2147000", "ebitda": "2555000", "netIncome": "1270000"}, {"fiscalDateEnding": "2019-09-30", "reportedCurrency": "USD", "grossProfit": "1555000", "totalRevenue": "47745000", "costOfRevenue": "46190000", "costofGoodsAndServicesSold": "46190000", "operatingIncome": "-1744000", "sellingGeneralAndAdministrative": "11471000", "researchAndDevelopment": "None", "operatingExpenses": "3299000", "investmentIncomeNet": "None", "netInterestIncome": "-533000", "interestIncome": "533000", "interestExpense": "533000", "nonInterestIncome": "None", "otherNonOperatingIncome": "None", "depreciation": "None", "depreciationAndAmortization": "251000", "incomeBeforeTax": "-1744000", "incomeTaxExpense": "-352000", "interestAndDebtExpense": "None", "netIncomeFromContinuingOperations": "-1392000", "comprehensiveIncomeNetOfTax": "None", "ebit": "-1211000", "ebitda": "-960000", "netIncome": "-1392000"}, {"fiscalDateEnding": "2019-06-30", "reportedCurrency": "USD", "grossProfit": "-2533000", "totalRevenue": "43127000", "costOfRevenue": "45660000", "costofGoodsAndServicesSold": "45660000", "operatingIncome": "-5589000", "sellingGeneralAndAdministrative": "11509000", "researchAndDevelopment": "None", "operatingExpenses": "3056000", "investmentIncomeNet": "None", "netInterestIncome": "-545000", "interestIncome": "545000", "interestExpense": "545000", "nonInterestIncome": "None", "otherNonOperatingIncome": "None", "depreciation": "None", "depreciationAndAmortization": "144000", "incomeBeforeTax": "-5589000", "incomeTaxExpense": "-1163000", "interestAndDebtExpense": "None", "netIncomeFromContinuingOperations": "-4426000", "comprehensiveIncomeNetOfTax": "None", "ebit": "-5044000", "ebitda": "-4900000", "netIncome": "-4426000"}, {"fiscalDateEnding": "2019-03-31", "reportedCurrency": "USD", "grossProfit": "8696000", "totalRevenue": "55018000", "costOfRevenue": "46322000", "costofGoodsAndServicesSold": "46322000", "operatingIncome": "5285000", "sellingGeneralAndAdministrative": "11015000", "researchAndDevelopment": "None", "operatingExpenses": "3411000", "investmentIncomeNet": "None", "netInterestIncome": "-546000", "interestIncome": "546000", "interestExpense": "546000", "nonInterestIncome": "None", "otherNonOperatingIncome": "None", "depreciation": "None", "depreciationAndAmortization": "193000", "incomeBeforeTax": "5285000", "incomeTaxExpense": "1123000", "interestAndDebtExpense": "None", "netIncomeFromContinuingOperations": "4162000", "comprehensiveIncomeNetOfTax": "None", "ebit": "5831000", "ebitda": "6024000", "netIncome": "4162000"}, {"fiscalDateEnding": "2018-12-31", "reportedCurrency": "USD", "grossProfit": "49200000", "totalRevenue": "49200000", "costOfRevenue": "39199000", "costofGoodsAndServicesSold": "39199000", "operatingIncome": "275000", "sellingGeneralAndAdministrative": "10586000", "researchAndDevelopment": "0", "operatingExpenses": "48000000", "investmentIncomeNet": "None", "netInterestIncome": "None", "interestIncome": "None", "interestExpense": "540000", "nonInterestIncome": "None", "otherNonOperatingIncome": "None", "depreciation": "None", "depreciationAndAmortization": "204000", "incomeBeforeTax": "275000", "incomeTaxExpense": "74000", "interestAndDebtExpense": "None", "netIncomeFromContinuingOperations": "201000", "comprehensiveIncomeNetOfTax": "None", "ebit": "275000", "ebitda": "None", "netIncome": "201000"}, {"fiscalDateEnding": "2018-09-30", "reportedCurrency": "USD", "grossProfit": "4561000", "totalRevenue": "46370000", "costOfRevenue": "41809000", "costofGoodsAndServicesSold": "41809000", "operatingIncome": "1072000", "sellingGeneralAndAdministrative": "0", "researchAndDevelopment": "0", "operatingExpenses": "3489000", "investmentIncomeNet": "None", "netInterestIncome": "None", "interestIncome": "None", "interestExpense": "529000", "nonInterestIncome": "None", "otherNonOperatingIncome": "None", "depreciation": "None", "depreciationAndAmortization": "251000", "incomeBeforeTax": "1072000", "incomeTaxExpense": "138000", "interestAndDebtExpense": "None", "netIncomeFromContinuingOperations": "934000", "comprehensiveIncomeNetOfTax": "None", "ebit": "1601000", "ebitda": "1852000", "netIncome": "934000"}, {"fiscalDateEnding": "2018-06-30", "reportedCurrency": "USD", "grossProfit": "7509000", "totalRevenue": "49443000", "costOfRevenue": "41934000", "costofGoodsAndServicesSold": "41934000", "operatingIncome": "4033000", "sellingGeneralAndAdministrative": "0", "researchAndDevelopment": "0", "operatingExpenses": "3476000", "investmentIncomeNet": "None", "netInterestIncome": "None", "interestIncome": "None", "interestExpense": "506000", "nonInterestIncome": "None", "otherNonOperatingIncome": "None", "depreciation": "None", "depreciationAndAmortization": "259000", "incomeBeforeTax": "4033000", "incomeTaxExpense": "848000", "interestAndDebtExpense": "None", "netIncomeFromContinuingOperations": "3185000", "comprehensiveIncomeNetOfTax": "None", "ebit": "4539000", "ebitda": "4798000", "netIncome": "3185000"}, {"fiscalDateEnding": "2018-03-31", "reportedCurrency": "USD", "grossProfit": "-2651000", "totalRevenue": "40540000", "costOfRevenue": "43191000", "costofGoodsAndServicesSold": "43191000", "operatingIncome": "-6351000", "sellingGeneralAndAdministrative": "0", "researchAndDevelopment": "0", "operatingExpenses": "3700000", "investmentIncomeNet": "None", "netInterestIncome": "None", "interestIncome": "None", "interestExpense": "462000", "nonInterestIncome": "None", "otherNonOperatingIncome": "None", "depreciation": "None", "depreciationAndAmortization": "273000", "incomeBeforeTax": "-6351000", "incomeTaxExpense": "-1327000", "interestAndDebtExpense": "None", "netIncomeFromContinuingOperations": "-5024000", "comprehensiveIncomeNetOfTax": "None", "ebit": "-5889000", "ebitda": "-5616000", "netIncome": "-5024000"}, {"fiscalDateEnding": "2017-12-31", "reportedCurrency": "USD", "grossProfit": "7110000", "totalRevenue": "48825000", "costOfRevenue": "41715000", "costofGoodsAndServicesSold": "41715000", "operatingIncome": "2887000", "sellingGeneralAndAdministrative": "0", "researchAndDevelopment": "0", "operatingExpenses": "4223000", "investmentIncomeNet": "None", "netInterestIncome": "None", "interestIncome": "None", "interestExpense": "450000", "nonInterestIncome": "None", "otherNonOperatingIncome": "None", "depreciation": "None", "depreciationAndAmortization": "289000", "incomeBeforeTax": "2887000", "incomeTaxExpense": "345000", "interestAndDebtExpense": "None", "netIncomeFromContinuingOperations": "2542000", "comprehensiveIncomeNetOfTax": "None", "ebit": "3337000", "ebitda": "3626000", "netIncome": "2542000"}, {"fiscalDateEnding": "2017-09-30", "reportedCurrency": "USD", "grossProfit": "4205000", "totalRevenue": "44798000", "costOfRevenue": "40593000", "costofGoodsAndServicesSold": "40593000", "operatingIncome": "631000", "sellingGeneralAndAdministrative": "0", "researchAndDevelopment": "0", "operatingExpenses": "3574000", "investmentIncomeNet": "None", "netInterestIncome": "None", "interestIncome": "None", "interestExpense": "440000", "nonInterestIncome": "None", "otherNonOperatingIncome": "None", "depreciation": "None", "depreciationAndAmortization": "356000", "incomeBeforeTax": "631000", "incomeTaxExpense": "-116000", "interestAndDebtExpense": "None", "netIncomeFromContinuingOperations": "747000", "comprehensiveIncomeNetOfTax": "None", "ebit": "1071000", "ebitda": "1427000", "netIncome": "747000"}, {"fiscalDateEnding": "2017-06-30", "reportedCurrency": "USD", "grossProfit": "5590000", "totalRevenue": "43632000", "costOfRevenue": "38042000", "costofGoodsAndServicesSold": "38042000", "operatingIncome": "2185000", "sellingGeneralAndAdministrative": "0", "researchAndDevelopment": "0", "operatingExpenses": "3405000", "investmentIncomeNet": "None", "netInterestIncome": "None", "interestIncome": "None", "interestExpense": "424000", "nonInterestIncome": "None", "otherNonOperatingIncome": "None", "depreciation": "None", "depreciationAndAmortization": "406000", "incomeBeforeTax": "2185000", "incomeTaxExpense": "725000", "interestAndDebtExpense": "None", "netIncomeFromContinuingOperations": "1460000", "comprehensiveIncomeNetOfTax": "None", "ebit": "2609000", "ebitda": "3015000", "netIncome": "1460000"}, {"fiscalDateEnding": "2017-03-31", "reportedCurrency": "USD", "grossProfit": "3248000", "totalRevenue": "43859000", "costOfRevenue": "40611000", "costofGoodsAndServicesSold": "40611000", "operatingIncome": "-347000", "sellingGeneralAndAdministrative": "0", "researchAndDevelopment": "0", "operatingExpenses": "3595000", "investmentIncomeNet": "None", "netInterestIncome": "None", "interestIncome": "None", "interestExpense": "409000", "nonInterestIncome": "None", "otherNonOperatingIncome": "None", "depreciation": "None", "depreciationAndAmortization": "387000", "incomeBeforeTax": "-347000", "incomeTaxExpense": "-126000", "interestAndDebtExpense": "None", "netIncomeFromContinuingOperations": "-221000", "comprehensiveIncomeNetOfTax": "None", "ebit": "62000", "ebitda": "449000", "netIncome": "-221000"}, {"fiscalDateEnding": "2016-12-31", "reportedCurrency": "USD", "grossProfit": "5076000", "totalRevenue": "40029000", "costOfRevenue": "34953000", "costofGoodsAndServicesSold": "34953000", "operatingIncome": "1474000", "sellingGeneralAndAdministrative": "0", "researchAndDevelopment": "0", "operatingExpenses": "3602000", "investmentIncomeNet": "None", "netInterestIncome": "None", "interestIncome": "None", "interestExpense": "408000", "nonInterestIncome": "None", "otherNonOperatingIncome": "None", "depreciation": "None", "depreciationAndAmortization": "345000", "incomeBeforeTax": "1474000", "incomeTaxExpense": "126000", "interestAndDebtExpense": "None", "netIncomeFromContinuingOperations": "1348000", "comprehensiveIncomeNetOfTax": "None", "ebit": "1882000", "ebitda": "2227000", "netIncome": "1348000"}, {"fiscalDateEnding": "2016-09-30", "reportedCurrency": "USD", "grossProfit": "3934000", "totalRevenue": "42447000", "costOfRevenue": "38513000", "costofGoodsAndServicesSold": "38513000", "operatingIncome": "317000", "sellingGeneralAndAdministrative": "0", "researchAndDevelopment": "0", "operatingExpenses": "3617000", "investmentIncomeNet": "None", "netInterestIncome": "None", "interestIncome": "None", "interestExpense": "396000", "nonInterestIncome": "None", "otherNonOperatingIncome": "None", "depreciation": "None", "depreciationAndAmortization": "283000", "incomeBeforeTax": "317000", "incomeTaxExpense": "168000", "interestAndDebtExpense": "None", "netIncomeFromContinuingOperations": "149000", "comprehensiveIncomeNetOfTax": "None", "ebit": "713000", "ebitda": "996000", "netIncome": "149000"}, {"fiscalDateEnding": "2016-06-30", "reportedCurrency": "USD", "grossProfit": "3978000", "totalRevenue": "41854000", "costOfRevenue": "37876000", "costofGoodsAndServicesSold": "37876000", "operatingIncome": "357000", "sellingGeneralAndAdministrative": "0", "researchAndDevelopment": "0", "operatingExpenses": "3621000", "investmentIncomeNet": "None", "netInterestIncome": "None", "interestIncome": "None", "interestExpense": "385000", "nonInterestIncome": "None", "otherNonOperatingIncome": "None", "depreciation": "None", "depreciationAndAmortization": "286000", "incomeBeforeTax": "357000", "incomeTaxExpense": "116000", "interestAndDebtExpense": "None", "netIncomeFromContinuingOperations": "241000", "comprehensiveIncomeNetOfTax": "None", "ebit": "742000", "ebitda": "1028000", "netIncome": "241000"}, {"fiscalDateEnding": "2016-03-31", "reportedCurrency": "USD", "grossProfit": "5095000", "totalRevenue": "41747000", "costOfRevenue": "36652000", "costofGoodsAndServicesSold": "36652000", "operatingIncome": "1376000", "sellingGeneralAndAdministrative": "0", "researchAndDevelopment": "0", "operatingExpenses": "3719000", "investmentIncomeNet": "None", "netInterestIncome": "None", "interestIncome": "None", "interestExpense": "373000", "nonInterestIncome": "None", "otherNonOperatingIncome": "None", "depreciation": "None", "depreciationAndAmortization": "291000", "incomeBeforeTax": "1376000", "incomeTaxExpense": "478000", "interestAndDebtExpense": "None", "netIncomeFromContinuingOperations": "898000", "comprehensiveIncomeNetOfTax": "None", "ebit": "1749000", "ebitda": "2040000", "netIncome": "898000"}, {"fiscalDateEnding": "2015-12-31", "reportedCurrency": "USD", "grossProfit": "4543000", "totalRevenue": "39857000", "costOfRevenue": "35314000", "costofGoodsAndServicesSold": "35314000", "operatingIncome": "144000", "sellingGeneralAndAdministrative": "0", "researchAndDevelopment": "0", "operatingExpenses": "4399000", "investmentIncomeNet": "None", "netInterestIncome": "None", "interestIncome": "None", "interestExpense": "365000", "nonInterestIncome": "None", "otherNonOperatingIncome": "None", "depreciation": "None", "depreciationAndAmortization": "283000", "incomeBeforeTax": "144000", "incomeTaxExpense": "30000", "interestAndDebtExpense": "None", "netIncomeFromContinuingOperations": "114000", "comprehensiveIncomeNetOfTax": "None", "ebit": "509000", "ebitda": "792000", "netIncome": "114000"}, {"fiscalDateEnding": "2015-09-30", "reportedCurrency": "USD", "grossProfit": "3906000", "totalRevenue": "40359000", "costOfRevenue": "36453000", "costofGoodsAndServicesSold": "36453000", "operatingIncome": "365000", "sellingGeneralAndAdministrative": "0", "researchAndDevelopment": "0", "operatingExpenses": "3541000", "investmentIncomeNet": "None", "netInterestIncome": "None", "interestIncome": "None", "interestExpense": "361000", "nonInterestIncome": "None", "otherNonOperatingIncome": "None", "depreciation": "None", "depreciationAndAmortization": "267000", "incomeBeforeTax": "365000", "incomeTaxExpense": "127000", "interestAndDebtExpense": "None", "netIncomeFromContinuingOperations": "238000", "comprehensiveIncomeNetOfTax": "None", "ebit": "726000", "ebitda": "993000", "netIncome": "238000"}, {"fiscalDateEnding": "2015-06-30", "reportedCurrency": "USD", "grossProfit": "7902000", "totalRevenue": "44772000", "costOfRevenue": "36870000", "costofGoodsAndServicesSold": "36870000", "operatingIncome": "4189000", "sellingGeneralAndAdministrative": "0", "researchAndDevelopment": "0", "operatingExpenses": "3713000", "investmentIncomeNet": "None", "netInterestIncome": "None", "interestIncome": "None", "interestExpense": "354000", "nonInterestIncome": "None", "otherNonOperatingIncome": "None", "depreciation": "None", "depreciationAndAmortization": "284000", "incomeBeforeTax": "4189000", "incomeTaxExpense": "844000", "interestAndDebtExpense": "None", "netIncomeFromContinuingOperations": "3345000", "comprehensiveIncomeNetOfTax": "None", "ebit": "4543000", "ebitda": "4827000", "netIncome": "3345000"}, {"fiscalDateEnding": "2015-03-31", "reportedCurrency": "USD", "grossProfit": "4987000", "totalRevenue": "40949000", "costOfRevenue": "35962000", "costofGoodsAndServicesSold": "35962000", "operatingIncome": "1010000", "sellingGeneralAndAdministrative": "0", "researchAndDevelopment": "0", "operatingExpenses": "3977000", "investmentIncomeNet": "None", "netInterestIncome": "None", "interestIncome": "None", "interestExpense": "349000", "nonInterestIncome": "None", "otherNonOperatingIncome": "None", "depreciation": "None", "depreciationAndAmortization": "283000", "incomeBeforeTax": "1010000", "incomeTaxExpense": "319000", "interestAndDebtExpense": "None", "netIncomeFromContinuingOperations": "691000", "comprehensiveIncomeNetOfTax": "None", "ebit": "1359000", "ebitda": "1642000", "netIncome": "691000"}, {"fiscalDateEnding": "2014-12-31", "reportedCurrency": "USD", "grossProfit": "5011000", "totalRevenue": "40919000", "costOfRevenue": "35908000", "costofGoodsAndServicesSold": "35908000", "operatingIncome": "1338000", "sellingGeneralAndAdministrative": "0", "researchAndDevelopment": "0", "operatingExpenses": "3673000", "investmentIncomeNet": "None", "netInterestIncome": "None", "interestIncome": "None", "interestExpense": "356000", "nonInterestIncome": "None", "otherNonOperatingIncome": "None", "depreciation": "None", "depreciationAndAmortization": "257000", "incomeBeforeTax": "1338000", "incomeTaxExpense": "56000", "interestAndDebtExpense": "None", "netIncomeFromContinuingOperations": "1282000", "comprehensiveIncomeNetOfTax": "None", "ebit": "1694000", "ebitda": "1951000", "netIncome": "1282000"}, {"fiscalDateEnding": "2014-09-30", "reportedCurrency": "USD", "grossProfit": "5324000", "totalRevenue": "42656000", "costOfRevenue": "37332000", "costofGoodsAndServicesSold": "37332000", "operatingIncome": "1587000", "sellingGeneralAndAdministrative": "0", "researchAndDevelopment": "0", "operatingExpenses": "3737000", "investmentIncomeNet": "None", "netInterestIncome": "None", "interestIncome": "None", "interestExpense": "388000", "nonInterestIncome": "None", "otherNonOperatingIncome": "None", "depreciation": "None", "depreciationAndAmortization": "251000", "incomeBeforeTax": "1587000", "incomeTaxExpense": "136000", "interestAndDebtExpense": "None", "netIncomeFromContinuingOperations": "1451000", "comprehensiveIncomeNetOfTax": "None", "ebit": "1975000", "ebitda": "2226000", "netIncome": "1451000"}, {"fiscalDateEnding": "2014-06-30", "reportedCurrency": "USD", "grossProfit": "4443000", "totalRevenue": "41586000", "costOfRevenue": "37143000", "costofGoodsAndServicesSold": "37143000", "operatingIncome": "986000", "sellingGeneralAndAdministrative": "0", "researchAndDevelopment": "0", "operatingExpenses": "3457000", "investmentIncomeNet": "None", "netInterestIncome": "None", "interestIncome": "None", "interestExpense": "434000", "nonInterestIncome": "None", "otherNonOperatingIncome": "None", "depreciation": "None", "depreciationAndAmortization": "211000", "incomeBeforeTax": "986000", "incomeTaxExpense": "109000", "interestAndDebtExpense": "None", "netIncomeFromContinuingOperations": "877000", "comprehensiveIncomeNetOfTax": "None", "ebit": "1420000", "ebitda": "1631000", "netIncome": "877000"}, {"fiscalDateEnding": "2014-03-31", "reportedCurrency": "USD", "grossProfit": "4425000", "totalRevenue": "41160000", "costOfRevenue": "36735000", "costofGoodsAndServicesSold": "36735000", "operatingIncome": "993000", "sellingGeneralAndAdministrative": "0", "researchAndDevelopment": "0", "operatingExpenses": "3432000", "investmentIncomeNet": "None", "netInterestIncome": "None", "interestIncome": "None", "interestExpense": "429000", "nonInterestIncome": "None", "otherNonOperatingIncome": "None", "depreciation": "None", "depreciationAndAmortization": "213000", "incomeBeforeTax": "993000", "incomeTaxExpense": "173000", "interestAndDebtExpense": "None", "netIncomeFromContinuingOperations": "820000", "comprehensiveIncomeNetOfTax": "None", "ebit": "1422000", "ebitda": "1635000", "netIncome": "820000"}, {"fiscalDateEnding": "2013-12-31", "reportedCurrency": "USD", "grossProfit": "5124000", "totalRevenue": "40824000", "costOfRevenue": "35700000", "costofGoodsAndServicesSold": "35700000", "operatingIncome": "1443000", "sellingGeneralAndAdministrative": "0", "researchAndDevelopment": "0", "operatingExpenses": "3681000", "investmentIncomeNet": "None", "netInterestIncome": "None", "interestIncome": "None", "interestExpense": "441000", "nonInterestIncome": "None", "otherNonOperatingIncome": "None", "depreciation": "None", "depreciationAndAmortization": "150000", "incomeBeforeTax": "1443000", "incomeTaxExpense": "-17000", "interestAndDebtExpense": "None", "netIncomeFromContinuingOperations": "1460000", "comprehensiveIncomeNetOfTax": "None", "ebit": "1884000", "ebitda": "2034000", "netIncome": "1460000"}, {"fiscalDateEnding": "2013-09-30", "reportedCurrency": "USD", "grossProfit": "6065000", "totalRevenue": "43247000", "costOfRevenue": "37182000", "costofGoodsAndServicesSold": "37182000", "operatingIncome": "2689000", "sellingGeneralAndAdministrative": "0", "researchAndDevelopment": "0", "operatingExpenses": "3376000", "investmentIncomeNet": "None", "netInterestIncome": "None", "interestIncome": "None", "interestExpense": "442000", "nonInterestIncome": "None", "otherNonOperatingIncome": "None", "depreciation": "None", "depreciationAndAmortization": "153000", "incomeBeforeTax": "2689000", "incomeTaxExpense": "9000", "interestAndDebtExpense": "None", "netIncomeFromContinuingOperations": "2680000", "comprehensiveIncomeNetOfTax": "None", "ebit": "3131000", "ebitda": "3284000", "netIncome": "2680000"}, {"fiscalDateEnding": "2013-06-30", "reportedCurrency": "USD", "grossProfit": "9247000", "totalRevenue": "44648000", "costOfRevenue": "35401000", "costofGoodsAndServicesSold": "35401000", "operatingIncome": "6063000", "sellingGeneralAndAdministrative": "0", "researchAndDevelopment": "0", "operatingExpenses": "3184000", "investmentIncomeNet": "None", "netInterestIncome": "None", "interestIncome": "None", "interestExpense": "438000", "nonInterestIncome": "None", "otherNonOperatingIncome": "None", "depreciation": "None", "depreciationAndAmortization": "155000", "incomeBeforeTax": "6063000", "incomeTaxExpense": "103000", "interestAndDebtExpense": "None", "netIncomeFromContinuingOperations": "5960000", "comprehensiveIncomeNetOfTax": "None", "ebit": "6501000", "ebitda": "6656000", "netIncome": "5960000"}, {"fiscalDateEnding": "2013-03-31", "reportedCurrency": "USD", "grossProfit": "4005000", "totalRevenue": "36650000", "costOfRevenue": "32645000", "costofGoodsAndServicesSold": "32645000", "operatingIncome": "1011000", "sellingGeneralAndAdministrative": "0", "researchAndDevelopment": "0", "operatingExpenses": "2994000", "investmentIncomeNet": "None", "netInterestIncome": "None", "interestIncome": "None", "interestExpense": "577000", "nonInterestIncome": "None", "otherNonOperatingIncome": "None", "depreciation": "None", "depreciationAndAmortization": "142000", "incomeBeforeTax": "1011000", "incomeTaxExpense": "89000", "interestAndDebtExpense": "None", "netIncomeFromContinuingOperations": "922000", "comprehensiveIncomeNetOfTax": "None", "ebit": "1588000", "ebitda": "1730000", "netIncome": "922000"}, {"fiscalDateEnding": "2012-12-31", "reportedCurrency": "USD", "grossProfit": "13261000", "totalRevenue": "35022000", "costOfRevenue": "21761000", "costofGoodsAndServicesSold": "21761000", "operatingIncome": "1552000", "sellingGeneralAndAdministrative": "0", "researchAndDevelopment": "0", "operatingExpenses": "11709000", "investmentIncomeNet": "None", "netInterestIncome": "None", "interestIncome": "None", "interestExpense": "655000", "nonInterestIncome": "None", "otherNonOperatingIncome": "None", "depreciation": "None", "depreciationAndAmortization": "-7804000", "incomeBeforeTax": "1552000", "incomeTaxExpense": "638000", "interestAndDebtExpense": "None", "netIncomeFromContinuingOperations": "914000", "comprehensiveIncomeNetOfTax": "None", "ebit": "2207000", "ebitda": "-5597000", "netIncome": "914000"}, {"fiscalDateEnding": "2012-09-30", "reportedCurrency": "USD", "grossProfit": "4051000", "totalRevenue": "35302000", "costOfRevenue": "31251000", "costofGoodsAndServicesSold": "31251000", "operatingIncome": "956000", "sellingGeneralAndAdministrative": "0", "researchAndDevelopment": "0", "operatingExpenses": "3095000", "investmentIncomeNet": "None", "netInterestIncome": "None", "interestIncome": "None", "interestExpense": "662000", "nonInterestIncome": "None", "otherNonOperatingIncome": "None", "depreciation": "None", "depreciationAndAmortization": "121000", "incomeBeforeTax": "956000", "incomeTaxExpense": "-128000", "interestAndDebtExpense": "None", "netIncomeFromContinuingOperations": "1084000", "comprehensiveIncomeNetOfTax": "None", "ebit": "1618000", "ebitda": "1739000", "netIncome": "1084000"}, {"fiscalDateEnding": "2012-06-30", "reportedCurrency": "USD", "grossProfit": "3888000", "totalRevenue": "34953000", "costOfRevenue": "31065000", "costofGoodsAndServicesSold": "31065000", "operatingIncome": "854000", "sellingGeneralAndAdministrative": "0", "researchAndDevelopment": "0", "operatingExpenses": "3034000", "investmentIncomeNet": "None", "netInterestIncome": "None", "interestIncome": "None", "interestExpense": "658000", "nonInterestIncome": "None", "otherNonOperatingIncome": "None", "depreciation": "None", "depreciationAndAmortization": "108000", "incomeBeforeTax": "854000", "incomeTaxExpense": "73000", "interestAndDebtExpense": "None", "netIncomeFromContinuingOperations": "781000", "comprehensiveIncomeNetOfTax": "None", "ebit": "1512000", "ebitda": "1620000", "netIncome": "781000"}, {"fiscalDateEnding": "2012-03-31", "reportedCurrency": "USD", "grossProfit": "-2187000", "totalRevenue": "34551000", "costOfRevenue": "36738000", "costofGoodsAndServicesSold": "36738000", "operatingIncome": "1720000", "sellingGeneralAndAdministrative": "0", "researchAndDevelopment": "0", "operatingExpenses": "-3907000", "investmentIncomeNet": "None", "netInterestIncome": "None", "interestIncome": "None", "interestExpense": "657000", "nonInterestIncome": "None", "otherNonOperatingIncome": "None", "depreciation": "None", "depreciationAndAmortization": "112000", "incomeBeforeTax": "1720000", "incomeTaxExpense": "63000", "interestAndDebtExpense": "None", "netIncomeFromContinuingOperations": "1657000", "comprehensiveIncomeNetOfTax": "None", "ebit": "2377000", "ebitda": "2489000", "netIncome": "1657000"}, {"fiscalDateEnding": "2011-12-31", "reportedCurrency": "USD", "grossProfit": "10943000", "totalRevenue": "30404000", "costOfRevenue": "19461000", "costofGoodsAndServicesSold": "19461000", "operatingIncome": "587000", "sellingGeneralAndAdministrative": "0", "researchAndDevelopment": "0", "operatingExpenses": "10356000", "investmentIncomeNet": "None", "netInterestIncome": "None", "interestIncome": "None", "interestExpense": "659000", "nonInterestIncome": "None", "otherNonOperatingIncome": "None", "depreciation": "None", "depreciationAndAmortization": "10580000", "incomeBeforeTax": "587000", "incomeTaxExpense": "-338000", "interestAndDebtExpense": "None", "netIncomeFromContinuingOperations": "0", "comprehensiveIncomeNetOfTax": "None", "ebit": "1246000", "ebitda": "11826000", "netIncome": "925000"}, {"fiscalDateEnding": "2011-09-30", "reportedCurrency": "USD", "grossProfit": "11499000", "totalRevenue": "30800000", "costOfRevenue": "19301000", "costofGoodsAndServicesSold": "19301000", "operatingIncome": "1768000", "sellingGeneralAndAdministrative": "0", "researchAndDevelopment": "0", "operatingExpenses": "9731000", "investmentIncomeNet": "None", "netInterestIncome": "None", "interestIncome": "None", "interestExpense": "653000", "nonInterestIncome": "None", "otherNonOperatingIncome": "None", "depreciation": "None", "depreciationAndAmortization": "7912000", "incomeBeforeTax": "1768000", "incomeTaxExpense": "64000", "interestAndDebtExpense": "None", "netIncomeFromContinuingOperations": "1704000", "comprehensiveIncomeNetOfTax": "None", "ebit": "2421000", "ebitda": "10333000", "netIncome": "1704000"}, {"fiscalDateEnding": "2011-06-30", "reportedCurrency": "USD", "grossProfit": "10852000", "totalRevenue": "29073000", "costOfRevenue": "18221000", "costofGoodsAndServicesSold": "18221000", "operatingIncome": "332000", "sellingGeneralAndAdministrative": "0", "researchAndDevelopment": "0", "operatingExpenses": "10520000", "investmentIncomeNet": "None", "netInterestIncome": "None", "interestIncome": "None", "interestExpense": "647000", "nonInterestIncome": "None", "otherNonOperatingIncome": "None", "depreciation": "None", "depreciationAndAmortization": "-2863000", "incomeBeforeTax": "332000", "incomeTaxExpense": "140000", "interestAndDebtExpense": "None", "netIncomeFromContinuingOperations": "192000", "comprehensiveIncomeNetOfTax": "None", "ebit": "979000", "ebitda": "-1884000", "netIncome": "192000"}, {"fiscalDateEnding": "2011-03-31", "reportedCurrency": "USD", "grossProfit": "3523000", "totalRevenue": "28055000", "costOfRevenue": "24532000", "costofGoodsAndServicesSold": "24532000", "operatingIncome": "628000", "sellingGeneralAndAdministrative": "0", "researchAndDevelopment": "0", "operatingExpenses": "2895000", "investmentIncomeNet": "None", "netInterestIncome": "None", "interestIncome": "None", "interestExpense": "640000", "nonInterestIncome": "None", "otherNonOperatingIncome": "None", "depreciation": "None", "depreciationAndAmortization": "3050000", "incomeBeforeTax": "628000", "incomeTaxExpense": "159000", "interestAndDebtExpense": "None", "netIncomeFromContinuingOperations": "0", "comprehensiveIncomeNetOfTax": "None", "ebit": "1268000", "ebitda": "4318000", "netIncome": "469000"}, {"fiscalDateEnding": "2010-12-31", "reportedCurrency": "USD", "grossProfit": "4694000", "totalRevenue": "29005000", "costOfRevenue": "24311000", "costofGoodsAndServicesSold": "24311000", "operatingIncome": "1715000", "sellingGeneralAndAdministrative": "0", "researchAndDevelopment": "0", "operatingExpenses": "2979000", "investmentIncomeNet": "None", "netInterestIncome": "None", "interestIncome": "None", "interestExpense": "657000", "nonInterestIncome": "None", "otherNonOperatingIncome": "None", "depreciation": "None", "depreciationAndAmortization": "-7163000", "incomeBeforeTax": "1715000", "incomeTaxExpense": "240000", "interestAndDebtExpense": "None", "netIncomeFromContinuingOperations": "0", "comprehensiveIncomeNetOfTax": "None", "ebit": "2372000", "ebitda": "-4791000", "netIncome": "1475000"}, {"fiscalDateEnding": "2010-09-30", "reportedCurrency": "USD", "grossProfit": "3286000", "totalRevenue": "27146000", "costOfRevenue": "23860000", "costofGoodsAndServicesSold": "23860000", "operatingIncome": "581000", "sellingGeneralAndAdministrative": "0", "researchAndDevelopment": "0", "operatingExpenses": "2705000", "investmentIncomeNet": "None", "netInterestIncome": "None", "interestIncome": "None", "interestExpense": "660000", "nonInterestIncome": "None", "otherNonOperatingIncome": "None", "depreciation": "None", "depreciationAndAmortization": "86000", "incomeBeforeTax": "581000", "incomeTaxExpense": "56000", "interestAndDebtExpense": "None", "netIncomeFromContinuingOperations": "0", "comprehensiveIncomeNetOfTax": "None", "ebit": "1241000", "ebitda": "1327000", "netIncome": "525000"}, {"fiscalDateEnding": "2010-06-30", "reportedCurrency": "USD", "grossProfit": "2835000", "totalRevenue": "27087000", "costOfRevenue": "24252000", "costofGoodsAndServicesSold": "24252000", "operatingIncome": "63000", "sellingGeneralAndAdministrative": "0", "researchAndDevelopment": "0", "operatingExpenses": "2772000", "investmentIncomeNet": "None", "netInterestIncome": "None", "interestIncome": "None", "interestExpense": "653000", "nonInterestIncome": "None", "otherNonOperatingIncome": "None", "depreciation": "None", "depreciationAndAmortization": "96000", "incomeBeforeTax": "63000", "incomeTaxExpense": "-13000", "interestAndDebtExpense": "None", "netIncomeFromContinuingOperations": "0", "comprehensiveIncomeNetOfTax": "None", "ebit": "716000", "ebitda": "812000", "netIncome": "76000"}, {"fiscalDateEnding": "2010-03-31", "reportedCurrency": "USD", "grossProfit": "3433000", "totalRevenue": "25963000", "costOfRevenue": "22530000", "costofGoodsAndServicesSold": "22530000", "operatingIncome": "574000", "sellingGeneralAndAdministrative": "0", "researchAndDevelopment": "0", "operatingExpenses": "2859000", "investmentIncomeNet": "None", "netInterestIncome": "None", "interestIncome": "None", "interestExpense": "642000", "nonInterestIncome": "None", "otherNonOperatingIncome": "None", "depreciation": "None", "depreciationAndAmortization": "110000", "incomeBeforeTax": "574000", "incomeTaxExpense": "157000", "interestAndDebtExpense": "None", "netIncomeFromContinuingOperations": "0", "comprehensiveIncomeNetOfTax": "None", "ebit": "1216000", "ebitda": "1326000", "netIncome": "417000"}, {"fiscalDateEnding": "2009-12-31", "reportedCurrency": "USD", "grossProfit": "4177000", "totalRevenue": "25853000", "costOfRevenue": "21676000", "costofGoodsAndServicesSold": "21676000", "operatingIncome": "922000", "sellingGeneralAndAdministrative": "0", "researchAndDevelopment": "0", "operatingExpenses": "3255000", "investmentIncomeNet": "None", "netInterestIncome": "None", "interestIncome": "None", "interestExpense": "662000", "nonInterestIncome": "None", "otherNonOperatingIncome": "None", "depreciation": "None", "depreciationAndAmortization": "9763000", "incomeBeforeTax": "922000", "incomeTaxExpense": "289000", "interestAndDebtExpense": "None", "netIncomeFromContinuingOperations": "0", "comprehensiveIncomeNetOfTax": "None", "ebit": "1584000", "ebitda": "11347000", "netIncome": "633000"}, {"fiscalDateEnding": "2009-09-30", "reportedCurrency": "USD", "grossProfit": "2894000", "totalRevenue": "25538000", "costOfRevenue": "22644000", "costofGoodsAndServicesSold": "22644000", "operatingIncome": "171000", "sellingGeneralAndAdministrative": "0", "researchAndDevelopment": "0", "operatingExpenses": "2723000", "investmentIncomeNet": "None", "netInterestIncome": "None", "interestIncome": "None", "interestExpense": "679000", "nonInterestIncome": "None", "otherNonOperatingIncome": "None", "depreciation": "None", "depreciationAndAmortization": "7551000", "incomeBeforeTax": "171000", "incomeTaxExpense": "2279000", "interestAndDebtExpense": "None", "netIncomeFromContinuingOperations": "0", "comprehensiveIncomeNetOfTax": "None", "ebit": "850000", "ebitda": "8401000", "netIncome": "-2108000"}, {"fiscalDateEnding": "2009-06-30", "reportedCurrency": "USD", "grossProfit": "3262000", "totalRevenue": "25707000", "costOfRevenue": "22445000", "costofGoodsAndServicesSold": "22445000", "operatingIncome": "-50000", "sellingGeneralAndAdministrative": "0", "researchAndDevelopment": "0", "operatingExpenses": "3312000", "investmentIncomeNet": "None", "netInterestIncome": "None", "interestIncome": "None", "interestExpense": "694000", "nonInterestIncome": "None", "otherNonOperatingIncome": "None", "depreciation": "None", "depreciationAndAmortization": "-2663000", "incomeBeforeTax": "-50000", "incomeTaxExpense": "-62000", "interestAndDebtExpense": "None", "netIncomeFromContinuingOperations": "0", "comprehensiveIncomeNetOfTax": "None", "ebit": "644000", "ebitda": "-2019000", "netIncome": "12000"}, {"fiscalDateEnding": "2009-03-31", "reportedCurrency": "USD", "grossProfit": "3214000", "totalRevenue": "25612000", "costOfRevenue": "22398000", "costofGoodsAndServicesSold": "22398000", "operatingIncome": "307000", "sellingGeneralAndAdministrative": "0", "researchAndDevelopment": "0", "operatingExpenses": "2907000", "investmentIncomeNet": "None", "netInterestIncome": "None", "interestIncome": "None", "interestExpense": "721000", "nonInterestIncome": "None", "otherNonOperatingIncome": "None", "depreciation": "None", "depreciationAndAmortization": "2799000", "incomeBeforeTax": "307000", "incomeTaxExpense": "51000", "interestAndDebtExpense": "None", "netIncomeFromContinuingOperations": "0", "comprehensiveIncomeNetOfTax": "None", "ebit": "1028000", "ebitda": "3827000", "netIncome": "256000"}, {"fiscalDateEnding": "2008-12-31", "reportedCurrency": "USD", "grossProfit": "574000", "totalRevenue": "22643000", "costOfRevenue": "22069000", "costofGoodsAndServicesSold": "22069000", "operatingIncome": "-2719000", "sellingGeneralAndAdministrative": "0", "researchAndDevelopment": "0", "operatingExpenses": "3293000", "investmentIncomeNet": "None", "netInterestIncome": "None", "interestIncome": "None", "interestExpense": "781000", "nonInterestIncome": "None", "otherNonOperatingIncome": "None", "depreciation": "None", "depreciationAndAmortization": "10002000", "incomeBeforeTax": "-2719000", "incomeTaxExpense": "-1210000", "interestAndDebtExpense": "None", "netIncomeFromContinuingOperations": "0", "comprehensiveIncomeNetOfTax": "None", "ebit": "-1938000", "ebitda": "8064000", "netIncome": "-2760000"}, {"fiscalDateEnding": "2008-09-30", "reportedCurrency": "USD", "grossProfit": "3357000", "totalRevenue": "25616000", "costOfRevenue": "22259000", "costofGoodsAndServicesSold": "22259000", "operatingIncome": "-64000", "sellingGeneralAndAdministrative": "0", "researchAndDevelopment": "0", "operatingExpenses": "3421000", "investmentIncomeNet": "None", "netInterestIncome": "None", "interestIncome": "None", "interestExpense": "795000", "nonInterestIncome": "None", "otherNonOperatingIncome": "None", "depreciation": "None", "depreciationAndAmortization": "89000", "incomeBeforeTax": "-64000", "incomeTaxExpense": "102000", "interestAndDebtExpense": "None", "netIncomeFromContinuingOperations": "0", "comprehensiveIncomeNetOfTax": "None", "ebit": "731000", "ebitda": "820000", "netIncome": "-166000"}, {"fiscalDateEnding": "2008-06-30", "reportedCurrency": "USD", "grossProfit": "4478000", "totalRevenue": "25569000", "costOfRevenue": "21091000", "costofGoodsAndServicesSold": "21091000", "operatingIncome": "1070000", "sellingGeneralAndAdministrative": "0", "researchAndDevelopment": "0", "operatingExpenses": "3408000", "investmentIncomeNet": "None", "netInterestIncome": "None", "interestIncome": "None", "interestExpense": "795000", "nonInterestIncome": "None", "otherNonOperatingIncome": "None", "depreciation": "None", "depreciationAndAmortization": "-2703000", "incomeBeforeTax": "1070000", "incomeTaxExpense": "285000", "interestAndDebtExpense": "None", "netIncomeFromContinuingOperations": "0", "comprehensiveIncomeNetOfTax": "None", "ebit": "1865000", "ebitda": "-838000", "netIncome": "785000"}, {"fiscalDateEnding": "2008-03-31", "reportedCurrency": "USD", "grossProfit": "3676000", "totalRevenue": "25903000", "costOfRevenue": "22227000", "costofGoodsAndServicesSold": "22227000", "operatingIncome": "721000", "sellingGeneralAndAdministrative": "0", "researchAndDevelopment": "0", "operatingExpenses": "2955000", "investmentIncomeNet": "None", "netInterestIncome": "None", "interestIncome": "None", "interestExpense": "927000", "nonInterestIncome": "None", "otherNonOperatingIncome": "None", "depreciation": "None", "depreciationAndAmortization": "2844000", "incomeBeforeTax": "721000", "incomeTaxExpense": "297000", "interestAndDebtExpense": "None", "netIncomeFromContinuingOperations": "0", "comprehensiveIncomeNetOfTax": "None", "ebit": "1648000", "ebitda": "4492000", "netIncome": "-1742000"}, {"fiscalDateEnding": "2007-12-31", "reportedCurrency": "USD", "grossProfit": "13798000", "totalRevenue": "3567000", "costOfRevenue": "-10231000", "costofGoodsAndServicesSold": "-10231000", "operatingIncome": "14738000", "sellingGeneralAndAdministrative": "0", "researchAndDevelopment": "0", "operatingExpenses": "-940000", "investmentIncomeNet": "None", "netInterestIncome": "None", "interestIncome": "None", "interestExpense": "1045000", "nonInterestIncome": "None", "otherNonOperatingIncome": "None", "depreciation": "None", "depreciationAndAmortization": "293000", "incomeBeforeTax": "14738000", "incomeTaxExpense": "6244000", "interestAndDebtExpense": "None", "netIncomeFromContinuingOperations": "0", "comprehensiveIncomeNetOfTax": "None", "ebit": "15783000", "ebitda": "16076000", "netIncome": "4161000"}, {"fiscalDateEnding": "2007-09-30", "reportedCurrency": "USD", "grossProfit": "5794000", "totalRevenue": "28516000", "costOfRevenue": "22722000", "costofGoodsAndServicesSold": "22722000", "operatingIncome": "2432000", "sellingGeneralAndAdministrative": "0", "researchAndDevelopment": "0", "operatingExpenses": "3362000", "investmentIncomeNet": "None", "netInterestIncome": "None", "interestIncome": "None", "interestExpense": "1049000", "nonInterestIncome": "None", "otherNonOperatingIncome": "None", "depreciation": "None", "depreciationAndAmortization": "-5975000", "incomeBeforeTax": "2432000", "incomeTaxExpense": "656000", "interestAndDebtExpense": "None", "netIncomeFromContinuingOperations": "0", "comprehensiveIncomeNetOfTax": "None", "ebit": "3481000", "ebitda": "-2494000", "netIncome": "1806000"}, {"fiscalDateEnding": "2007-06-30", "reportedCurrency": "USD", "grossProfit": "959000", "totalRevenue": "27753000", "costOfRevenue": "26794000", "costofGoodsAndServicesSold": "26794000", "operatingIncome": "1304000", "sellingGeneralAndAdministrative": "0", "researchAndDevelopment": "0", "operatingExpenses": "-345000", "investmentIncomeNet": "None", "netInterestIncome": "None", "interestIncome": "None", "interestExpense": "1036000", "nonInterestIncome": "None", "otherNonOperatingIncome": "None", "depreciation": "None", "depreciationAndAmortization": "2803000", "incomeBeforeTax": "1304000", "incomeTaxExpense": "685000", "interestAndDebtExpense": "None", "netIncomeFromContinuingOperations": "0", "comprehensiveIncomeNetOfTax": "None", "ebit": "2340000", "ebitda": "5143000", "netIncome": "434000"}, {"fiscalDateEnding": "2007-03-31", "reportedCurrency": "USD", "grossProfit": "1359000", "totalRevenue": "28287000", "costOfRevenue": "26928000", "costofGoodsAndServicesSold": "26928000", "operatingIncome": "891000", "sellingGeneralAndAdministrative": "0", "researchAndDevelopment": "0", "operatingExpenses": "468000", "investmentIncomeNet": "None", "netInterestIncome": "None", "interestIncome": "None", "interestExpense": "1030000", "nonInterestIncome": "None", "otherNonOperatingIncome": "None", "depreciation": "None", "depreciationAndAmortization": "3208000", "incomeBeforeTax": "891000", "incomeTaxExpense": "475000", "interestAndDebtExpense": "None", "netIncomeFromContinuingOperations": "0", "comprehensiveIncomeNetOfTax": "None", "ebit": "1921000", "ebitda": "5129000", "netIncome": "851000"}, {"fiscalDateEnding": "2006-12-31", "reportedCurrency": "USD", "grossProfit": "8871000", "totalRevenue": "43294000", "costOfRevenue": "34423000", "costofGoodsAndServicesSold": "34423000", "operatingIncome": "3540000", "sellingGeneralAndAdministrative": "0", "researchAndDevelopment": "0", "operatingExpenses": "5331000", "investmentIncomeNet": "None", "netInterestIncome": "None", "interestIncome": "None", "interestExpense": "1212000", "nonInterestIncome": "None", "otherNonOperatingIncome": "None", "depreciation": "None", "depreciationAndAmortization": "204000", "incomeBeforeTax": "3540000", "incomeTaxExpense": "576000", "interestAndDebtExpense": "None", "netIncomeFromContinuingOperations": "0", "comprehensiveIncomeNetOfTax": "None", "ebit": "4752000", "ebitda": "4956000", "netIncome": "2964000"}, {"fiscalDateEnding": "2006-09-30", "reportedCurrency": "USD", "grossProfit": "7907000", "totalRevenue": "43575000", "costOfRevenue": "35668000", "costofGoodsAndServicesSold": "35668000", "operatingIncome": "2949000", "sellingGeneralAndAdministrative": "0", "researchAndDevelopment": "0", "operatingExpenses": "4958000", "investmentIncomeNet": "None", "netInterestIncome": "None", "interestIncome": "None", "interestExpense": "1202000", "nonInterestIncome": "None", "otherNonOperatingIncome": "None", "depreciation": "None", "depreciationAndAmortization": "241000", "incomeBeforeTax": "2949000", "incomeTaxExpense": "212000", "interestAndDebtExpense": "None", "netIncomeFromContinuingOperations": "0", "comprehensiveIncomeNetOfTax": "None", "ebit": "4151000", "ebitda": "4392000", "netIncome": "2737000"}, {"fiscalDateEnding": "2006-06-30", "reportedCurrency": "USD", "grossProfit": "4715000", "totalRevenue": "43578000", "costOfRevenue": "38863000", "costofGoodsAndServicesSold": "38863000", "operatingIncome": "-252000", "sellingGeneralAndAdministrative": "0", "researchAndDevelopment": "0", "operatingExpenses": "4967000", "investmentIncomeNet": "None", "netInterestIncome": "None", "interestIncome": "None", "interestExpense": "1146000", "nonInterestIncome": "None", "otherNonOperatingIncome": "None", "depreciation": "None", "depreciationAndAmortization": "244000", "incomeBeforeTax": "-252000", "incomeTaxExpense": "7000", "interestAndDebtExpense": "None", "netIncomeFromContinuingOperations": "0", "comprehensiveIncomeNetOfTax": "None", "ebit": "894000", "ebitda": "1138000", "netIncome": "-259000"}, {"fiscalDateEnding": "2006-03-31", "reportedCurrency": "USD", "grossProfit": "10001000", "totalRevenue": "49085000", "costOfRevenue": "39084000", "costofGoodsAndServicesSold": "39084000", "operatingIncome": "5052000", "sellingGeneralAndAdministrative": "0", "researchAndDevelopment": "0", "operatingExpenses": "4949000", "investmentIncomeNet": "None", "netInterestIncome": "None", "interestIncome": "None", "interestExpense": "1045000", "nonInterestIncome": "None", "otherNonOperatingIncome": "None", "depreciation": "None", "depreciationAndAmortization": "266000", "incomeBeforeTax": "5052000", "incomeTaxExpense": "1558000", "interestAndDebtExpense": "None", "netIncomeFromContinuingOperations": "0", "comprehensiveIncomeNetOfTax": "None", "ebit": "6097000", "ebitda": "6363000", "netIncome": "3494000"}, {"fiscalDateEnding": "2005-12-31", "reportedCurrency": "USD", "grossProfit": "-2903000", "totalRevenue": "36837000", "costOfRevenue": "39740000", "costofGoodsAndServicesSold": "39740000", "operatingIncome": "-7362000", "sellingGeneralAndAdministrative": "0", "researchAndDevelopment": "0", "operatingExpenses": "4459000", "investmentIncomeNet": "None", "netInterestIncome": "None", "interestIncome": "None", "interestExpense": "1003000", "nonInterestIncome": "None", "otherNonOperatingIncome": "None", "depreciation": "None", "depreciationAndAmortization": "6882000", "incomeBeforeTax": "-7362000", "incomeTaxExpense": "-3215000", "interestAndDebtExpense": "None", "netIncomeFromContinuingOperations": "0", "comprehensiveIncomeNetOfTax": "None", "ebit": "-6359000", "ebitda": "523000", "netIncome": "-4147000"}, {"fiscalDateEnding": "2005-09-30", "reportedCurrency": "USD", "grossProfit": "5116000", "totalRevenue": "47787000", "costOfRevenue": "42671000", "costofGoodsAndServicesSold": "42671000", "operatingIncome": "111000", "sellingGeneralAndAdministrative": "0", "researchAndDevelopment": "0", "operatingExpenses": "5005000", "investmentIncomeNet": "None", "netInterestIncome": "None", "interestIncome": "None", "interestExpense": "935000", "nonInterestIncome": "None", "otherNonOperatingIncome": "None", "depreciation": "None", "depreciationAndAmortization": "271000", "incomeBeforeTax": "111000", "incomeTaxExpense": "-451000", "interestAndDebtExpense": "None", "netIncomeFromContinuingOperations": "0", "comprehensiveIncomeNetOfTax": "None", "ebit": "1046000", "ebitda": "1317000", "netIncome": "562000"}, {"fiscalDateEnding": "2005-06-30", "reportedCurrency": "USD", "grossProfit": "5968000", "totalRevenue": "50188000", "costOfRevenue": "44220000", "costofGoodsAndServicesSold": "44220000", "operatingIncome": "1418000", "sellingGeneralAndAdministrative": "0", "researchAndDevelopment": "0", "operatingExpenses": "4550000", "investmentIncomeNet": "None", "netInterestIncome": "None", "interestIncome": "None", "interestExpense": "881000", "nonInterestIncome": "None", "otherNonOperatingIncome": "None", "depreciation": "None", "depreciationAndAmortization": "248000", "incomeBeforeTax": "1418000", "incomeTaxExpense": "176000", "interestAndDebtExpense": "None", "netIncomeFromContinuingOperations": "0", "comprehensiveIncomeNetOfTax": "None", "ebit": "2299000", "ebitda": "2547000", "netIncome": "1242000"}]}