{"symbol": "MTB", "annualReports": [{"fiscalDateEnding": "2025-12-31", "reportedCurrency": "USD", "grossProfit": "9185000000", "totalRevenue": "12309000000", "costOfRevenue": "3124000000", "costofGoodsAndServicesSold": "3124000000", "operatingIncome": "3692000000", "sellingGeneralAndAdministrative": "3132000000", "researchAndDevelopment": "None", "operatingExpenses": "5493000000", "investmentIncomeNet": "None", "netInterestIncome": "None", "interestIncome": "None", "interestExpense": "3538000000", "nonInterestIncome": "None", "otherNonOperatingIncome": "None", "depreciation": "None", "depreciationAndAmortization": "264000000", "incomeBeforeTax": "3692000000", "incomeTaxExpense": "841000000", "interestAndDebtExpense": "None", "netIncomeFromContinuingOperations": "None", "comprehensiveIncomeNetOfTax": "None", "ebit": "3692000000", "ebitda": "3956000000", "netIncome": "2851000000"}, {"fiscalDateEnding": "2024-12-31", "reportedCurrency": "USD", "grossProfit": "8621000000", "totalRevenue": "13405000000", "costOfRevenue": "4784000000", "costofGoodsAndServicesSold": "4784000000", "operatingIncome": "3310000000", "sellingGeneralAndAdministrative": "3274000000", "researchAndDevelopment": "None", "operatingExpenses": "5311000000", "investmentIncomeNet": "None", "netInterestIncome": "6852000000", "interestIncome": "11026000000", "interestExpense": "4174000000", "nonInterestIncome": "None", "otherNonOperatingIncome": "None", "depreciation": "None", "depreciationAndAmortization": "508000000", "incomeBeforeTax": "3310000000", "incomeTaxExpense": "722000000", "interestAndDebtExpense": "None", "netIncomeFromContinuingOperations": "2588000000", "comprehensiveIncomeNetOfTax": "None", "ebit": "3310000000", "ebitda": "3818000000", "netIncome": "2588000000"}, {"fiscalDateEnding": "2023-12-31", "reportedCurrency": "USD", "grossProfit": "8753000000", "totalRevenue": "12507000000", "costOfRevenue": "3754000000", "costofGoodsAndServicesSold": "3754000000", "operatingIncome": "3619000000", "sellingGeneralAndAdministrative": "3115000000", "researchAndDevelopment": "None", "operatingExpenses": "5134000000", "investmentIncomeNet": "None", "netInterestIncome": "7220155000", "interestIncome": "9556218000", "interestExpense": "3109000000", "nonInterestIncome": "None", "otherNonOperatingIncome": "None", "depreciation": "None", "depreciationAndAmortization": "497000000", "incomeBeforeTax": "3619000000", "incomeTaxExpense": "878000000", "interestAndDebtExpense": "None", "netIncomeFromContinuingOperations": "3023970000", "comprehensiveIncomeNetOfTax": "None", "ebit": "3619000000", "ebitda": "4116000000", "netIncome": "2741000000"}, {"fiscalDateEnding": "2022-12-31", "reportedCurrency": "USD", "grossProfit": "7496000000", "totalRevenue": "8438000000", "costOfRevenue": "942000000", "costofGoodsAndServicesSold": "942000000", "operatingIncome": "2612000000", "sellingGeneralAndAdministrative": "2877000000", "researchAndDevelopment": "None", "operatingExpenses": "4884000000", "investmentIncomeNet": "None", "netInterestIncome": "5821956000", "interestIncome": "6247120000", "interestExpense": "425000000", "nonInterestIncome": "None", "otherNonOperatingIncome": "None", "depreciation": "None", "depreciationAndAmortization": "435000000", "incomeBeforeTax": "2612000000", "incomeTaxExpense": "620000000", "interestAndDebtExpense": "None", "netIncomeFromContinuingOperations": "1991663000", "comprehensiveIncomeNetOfTax": "None", "ebit": "2612000000", "ebitda": "3047000000", "netIncome": "1992000000"}, {"fiscalDateEnding": "2021-12-31", "reportedCurrency": "USD", "grossProfit": "6037000000", "totalRevenue": "6076000000", "costOfRevenue": "39000000", "costofGoodsAndServicesSold": "39000000", "operatingIncome": "2455000000", "sellingGeneralAndAdministrative": "2116000000", "researchAndDevelopment": "None", "operatingExpenses": "3582000000", "investmentIncomeNet": "None", "netInterestIncome": "3824778000", "interestIncome": "3938784000", "interestExpense": "114000000", "nonInterestIncome": "None", "otherNonOperatingIncome": "None", "depreciation": "None", "depreciationAndAmortization": "324000000", "incomeBeforeTax": "2455000000", "incomeTaxExpense": "596000000", "interestAndDebtExpense": "None", "netIncomeFromContinuingOperations": "1858746000", "comprehensiveIncomeNetOfTax": "None", "ebit": "2455000000", "ebitda": "2779000000", "netIncome": "1859000000"}, {"fiscalDateEnding": "2020-12-31", "reportedCurrency": "USD", "grossProfit": "5154761000", "totalRevenue": "6281156000", "costOfRevenue": "1126395000", "costofGoodsAndServicesSold": "1126395000", "operatingIncome": "1769521000", "sellingGeneralAndAdministrative": "2004495000", "researchAndDevelopment": "None", "operatingExpenses": "3385240000", "investmentIncomeNet": "None", "netInterestIncome": "3866317000", "interestIncome": "4192712000", "interestExpense": "326395000", "nonInterestIncome": "None", "otherNonOperatingIncome": "None", "depreciation": "None", "depreciationAndAmortization": "320288000", "incomeBeforeTax": "1769521000", "incomeTaxExpense": "416369000", "interestAndDebtExpense": "None", "netIncomeFromContinuingOperations": "1353152000", "comprehensiveIncomeNetOfTax": "None", "ebit": "1769521000", "ebitda": "2089809000", "netIncome": "1353152000"}, {"fiscalDateEnding": "2019-12-31", "reportedCurrency": "USD", "grossProfit": "6015943000", "totalRevenue": "6941272000", "costOfRevenue": "925329000", "costofGoodsAndServicesSold": "925329000", "operatingIncome": "2547261000", "sellingGeneralAndAdministrative": "1942332000", "researchAndDevelopment": "None", "operatingExpenses": "3468682000", "investmentIncomeNet": "None", "netInterestIncome": "4130264000", "interestIncome": "4879593000", "interestExpense": "749329000", "nonInterestIncome": "None", "otherNonOperatingIncome": "None", "depreciation": "None", "depreciationAndAmortization": "301315000", "incomeBeforeTax": "2547261000", "incomeTaxExpense": "618112000", "interestAndDebtExpense": "None", "netIncomeFromContinuingOperations": "1929149000", "comprehensiveIncomeNetOfTax": "None", "ebit": "2547261000", "ebitda": "2848576000", "netIncome": "1929149000"}, {"fiscalDateEnding": "2018-12-31", "reportedCurrency": "USD", "grossProfit": "5796302000", "totalRevenue": "6454711000", "costOfRevenue": "658409000", "costofGoodsAndServicesSold": "658409000", "operatingIncome": "2508240000", "sellingGeneralAndAdministrative": "1820790000", "researchAndDevelopment": "0", "operatingExpenses": "3288062000", "investmentIncomeNet": "None", "netInterestIncome": "4072302000", "interestIncome": "4598711000", "interestExpense": "526409000", "nonInterestIncome": "None", "otherNonOperatingIncome": "None", "depreciation": "None", "depreciationAndAmortization": "179005000", "incomeBeforeTax": "2508240000", "incomeTaxExpense": "590160000", "interestAndDebtExpense": "None", "netIncomeFromContinuingOperations": "1918080000", "comprehensiveIncomeNetOfTax": "None", "ebit": "2508240000", "ebitda": "2687245000", "netIncome": "1918080000"}, {"fiscalDateEnding": "2017-12-31", "reportedCurrency": "USD", "grossProfit": "5464187000", "totalRevenue": "6018938000", "costOfRevenue": "554751000", "costofGoodsAndServicesSold": "554751000", "operatingIncome": "2323862000", "sellingGeneralAndAdministrative": "1750665000", "researchAndDevelopment": "0", "operatingExpenses": "3140325000", "investmentIncomeNet": "None", "netInterestIncome": "3781044000", "interestIncome": "4167795000", "interestExpense": "386751000", "nonInterestIncome": "None", "otherNonOperatingIncome": "None", "depreciation": "None", "depreciationAndAmortization": "197125000", "incomeBeforeTax": "2323862000", "incomeTaxExpense": "915556000", "interestAndDebtExpense": "None", "netIncomeFromContinuingOperations": "1408306000", "comprehensiveIncomeNetOfTax": "None", "ebit": "2323862000", "ebitda": "2520987000", "netIncome": "1408306000"}, {"fiscalDateEnding": "2016-12-31", "reportedCurrency": "USD", "grossProfit": "5105883000", "totalRevenue": "5721867000", "costOfRevenue": "615984000", "costofGoodsAndServicesSold": "615984000", "operatingIncome": "2058398000", "sellingGeneralAndAdministrative": "1723119000", "researchAndDevelopment": "0", "operatingExpenses": "3047485000", "investmentIncomeNet": "None", "netInterestIncome": "3469887000", "interestIncome": "3895871000", "interestExpense": "425984000", "nonInterestIncome": "None", "otherNonOperatingIncome": "None", "depreciation": "None", "depreciationAndAmortization": "200591000", "incomeBeforeTax": "2058398000", "incomeTaxExpense": "743284000", "interestAndDebtExpense": "None", "netIncomeFromContinuingOperations": "1315114000", "comprehensiveIncomeNetOfTax": "None", "ebit": "2058398000", "ebitda": "2258989000", "netIncome": "1315114000"}, {"fiscalDateEnding": "2015-12-31", "reportedCurrency": "USD", "grossProfit": "4497624000", "totalRevenue": "4995881000", "costOfRevenue": "498257000", "costofGoodsAndServicesSold": "498257000", "operatingIncome": "1674692000", "sellingGeneralAndAdministrative": "1601643000", "researchAndDevelopment": "0", "operatingExpenses": "2822932000", "investmentIncomeNet": "None", "netInterestIncome": "2842587000", "interestIncome": "3170844000", "interestExpense": "328257000", "nonInterestIncome": "None", "otherNonOperatingIncome": "None", "depreciation": "None", "depreciationAndAmortization": "175349000", "incomeBeforeTax": "1674692000", "incomeTaxExpense": "595025000", "interestAndDebtExpense": "None", "netIncomeFromContinuingOperations": "1079667000", "comprehensiveIncomeNetOfTax": "None", "ebit": "1674692000", "ebitda": "1850041000", "netIncome": "1079667000"}, {"fiscalDateEnding": "2014-12-31", "reportedCurrency": "USD", "grossProfit": "4331719000", "totalRevenue": "4736150000", "costOfRevenue": "404431000", "costofGoodsAndServicesSold": "404431000", "operatingIncome": "1642245000", "sellingGeneralAndAdministrative": "1460481000", "researchAndDevelopment": "0", "operatingExpenses": "2689474000", "investmentIncomeNet": "None", "netInterestIncome": "None", "interestIncome": "None", "interestExpense": "280431000", "nonInterestIncome": "None", "otherNonOperatingIncome": "None", "depreciation": "None", "depreciationAndAmortization": "198730000", "incomeBeforeTax": "1642245000", "incomeTaxExpense": "575999000", "interestAndDebtExpense": "None", "netIncomeFromContinuingOperations": "1066246000", "comprehensiveIncomeNetOfTax": "None", "ebit": "1642245000", "ebitda": "1840975000", "netIncome": "1066246000"}, {"fiscalDateEnding": "2013-12-31", "reportedCurrency": "USD", "grossProfit": "4369560000", "totalRevenue": "4838665000", "costOfRevenue": "469105000", "costofGoodsAndServicesSold": "469105000", "operatingIncome": "1765568000", "sellingGeneralAndAdministrative": "1424762000", "researchAndDevelopment": "0", "operatingExpenses": "2603992000", "investmentIncomeNet": "None", "netInterestIncome": "None", "interestIncome": "None", "interestExpense": "284105000", "nonInterestIncome": "None", "otherNonOperatingIncome": "None", "depreciation": "None", "depreciationAndAmortization": "203735000", "incomeBeforeTax": "1765568000", "incomeTaxExpense": "627088000", "interestAndDebtExpense": "None", "netIncomeFromContinuingOperations": "1138480000", "comprehensiveIncomeNetOfTax": "None", "ebit": "1765568000", "ebitda": "1969303000", "netIncome": "1138480000"}, {"fiscalDateEnding": "2012-12-31", "reportedCurrency": "USD", "grossProfit": "4083297000", "totalRevenue": "4630466000", "costOfRevenue": "547169000", "costofGoodsAndServicesSold": "547169000", "operatingIncome": "1552526000", "sellingGeneralAndAdministrative": "1415650000", "researchAndDevelopment": "0", "operatingExpenses": "2530771000", "investmentIncomeNet": "None", "netInterestIncome": "None", "interestIncome": "None", "interestExpense": "343169000", "nonInterestIncome": "None", "otherNonOperatingIncome": "None", "depreciation": "None", "depreciationAndAmortization": "204561000", "incomeBeforeTax": "1552526000", "incomeTaxExpense": "523028000", "interestAndDebtExpense": "None", "netIncomeFromContinuingOperations": "1029498000", "comprehensiveIncomeNetOfTax": "None", "ebit": "1552526000", "ebitda": "1757087000", "netIncome": "1029498000"}, {"fiscalDateEnding": "2011-12-31", "reportedCurrency": "USD", "grossProfit": "3726899000", "totalRevenue": "4399230000", "costOfRevenue": "672331000", "costofGoodsAndServicesSold": "672331000", "operatingIncome": "1224600000", "sellingGeneralAndAdministrative": "1304223000", "researchAndDevelopment": "0", "operatingExpenses": "2502299000", "investmentIncomeNet": "None", "netInterestIncome": "None", "interestIncome": "None", "interestExpense": "402331000", "nonInterestIncome": "None", "otherNonOperatingIncome": "None", "depreciation": "None", "depreciationAndAmortization": "197780000", "incomeBeforeTax": "1224600000", "incomeTaxExpense": "365121000", "interestAndDebtExpense": "None", "netIncomeFromContinuingOperations": "None", "comprehensiveIncomeNetOfTax": "None", "ebit": "1224600000", "ebitda": "1422380000", "netIncome": "859479000"}, {"fiscalDateEnding": "2010-12-31", "reportedCurrency": "USD", "grossProfit": "3033394000", "totalRevenue": "3863663000", "costOfRevenue": "830269000", "costofGoodsAndServicesSold": "830269000", "operatingIncome": "1092789000", "sellingGeneralAndAdministrative": "1079033000", "researchAndDevelopment": "0", "operatingExpenses": "1940605000", "investmentIncomeNet": "None", "netInterestIncome": "None", "interestIncome": "None", "interestExpense": "462269000", "nonInterestIncome": "None", "otherNonOperatingIncome": "None", "depreciation": "None", "depreciationAndAmortization": "182362000", "incomeBeforeTax": "1092789000", "incomeTaxExpense": "356628000", "interestAndDebtExpense": "None", "netIncomeFromContinuingOperations": "736161000", "comprehensiveIncomeNetOfTax": "None", "ebit": "1092789000", "ebitda": "1275151000", "netIncome": "736161000"}, {"fiscalDateEnding": "2009-12-31", "reportedCurrency": "USD", "grossProfit": "2525752000", "totalRevenue": "3799201000", "costOfRevenue": "1273449000", "costofGoodsAndServicesSold": "1273449000", "operatingIncome": "519291000", "sellingGeneralAndAdministrative": "1098392000", "researchAndDevelopment": "0", "operatingExpenses": "2006461000", "investmentIncomeNet": "None", "netInterestIncome": "None", "interestIncome": "None", "interestExpense": "669449000", "nonInterestIncome": "None", "otherNonOperatingIncome": "None", "depreciation": "None", "depreciationAndAmortization": "190921000", "incomeBeforeTax": "519291000", "incomeTaxExpense": "139400000", "interestAndDebtExpense": "None", "netIncomeFromContinuingOperations": "None", "comprehensiveIncomeNetOfTax": "None", "ebit": "519291000", "ebitda": "710212000", "netIncome": "379891000"}, {"fiscalDateEnding": "2008-12-31", "reportedCurrency": "USD", "grossProfit": "2504228000", "totalRevenue": "4254023000", "costOfRevenue": "1749795000", "costofGoodsAndServicesSold": "1749795000", "operatingIncome": "739779000", "sellingGeneralAndAdministrative": "963775000", "researchAndDevelopment": "None", "operatingExpenses": "1764449000", "investmentIncomeNet": "None", "netInterestIncome": "None", "interestIncome": "None", "interestExpense": "1337795000", "nonInterestIncome": "None", "otherNonOperatingIncome": "None", "depreciation": "None", "depreciationAndAmortization": "185790000", "incomeBeforeTax": "739779000", "incomeTaxExpense": "183892000", "interestAndDebtExpense": "None", "netIncomeFromContinuingOperations": "None", "comprehensiveIncomeNetOfTax": "None", "ebit": "739779000", "ebitda": "925569000", "netIncome": "555887000"}, {"fiscalDateEnding": "2007-12-31", "reportedCurrency": "USD", "grossProfit": "2582291000", "totalRevenue": "4468867000", "costOfRevenue": "1886576000", "costofGoodsAndServicesSold": "1886576000", "operatingIncome": "963537000", "sellingGeneralAndAdministrative": "912518000", "researchAndDevelopment": "None", "operatingExpenses": "1618754000", "investmentIncomeNet": "None", "netInterestIncome": "None", "interestIncome": "None", "interestExpense": "1694576000", "nonInterestIncome": "None", "otherNonOperatingIncome": "None", "depreciation": "None", "depreciationAndAmortization": "178159000", "incomeBeforeTax": "963537000", "incomeTaxExpense": "309278000", "interestAndDebtExpense": "None", "netIncomeFromContinuingOperations": "None", "comprehensiveIncomeNetOfTax": "None", "ebit": "963537000", "ebitda": "1141696000", "netIncome": "654259000"}, {"fiscalDateEnding": "2006-12-31", "reportedCurrency": "USD", "grossProfit": "2783393000", "totalRevenue": "4359945000", "costOfRevenue": "1576552000", "costofGoodsAndServicesSold": "1576552000", "operatingIncome": "1231642000", "sellingGeneralAndAdministrative": "873353000", "researchAndDevelopment": "None", "operatingExpenses": "1551751000", "investmentIncomeNet": "None", "netInterestIncome": "None", "interestIncome": "None", "interestExpense": "1496552000", "nonInterestIncome": "None", "otherNonOperatingIncome": "None", "depreciation": "None", "depreciationAndAmortization": "175931000", "incomeBeforeTax": "1231642000", "incomeTaxExpense": "392453000", "interestAndDebtExpense": "None", "netIncomeFromContinuingOperations": "None", "comprehensiveIncomeNetOfTax": "None", "ebit": "1231642000", "ebitda": "1407573000", "netIncome": "839189000"}], "quarterlyReports": [{"fiscalDateEnding": "2025-12-31", "reportedCurrency": "USD", "grossProfit": "2350000000", "totalRevenue": "3333000000", "costOfRevenue": "983000000", "costofGoodsAndServicesSold": "983000000", "operatingIncome": "971000000", "sellingGeneralAndAdministrative": "809000000", "researchAndDevelopment": "None", "operatingExpenses": "1379000000", "investmentIncomeNet": "None", "netInterestIncome": "None", "interestIncome": "None", "interestExpense": "858000000", "nonInterestIncome": "None", "otherNonOperatingIncome": "None", "depreciation": "None", "depreciationAndAmortization": "None", "incomeBeforeTax": "971000000", "incomeTaxExpense": "212000000", "interestAndDebtExpense": "None", "netIncomeFromContinuingOperations": "None", "comprehensiveIncomeNetOfTax": "None", "ebit": "None", "ebitda": "971000000", "netIncome": "759000000"}, {"fiscalDateEnding": "2025-09-30", "reportedCurrency": "USD", "grossProfit": "2388000000", "totalRevenue": "2513000000", "costOfRevenue": "125000000", "costofGoodsAndServicesSold": "125000000", "operatingIncome": "1025000000", "sellingGeneralAndAdministrative": "600000000", "researchAndDevelopment": "None", "operatingExpenses": "1363000000", "investmentIncomeNet": "None", "netInterestIncome": "1761000000", "interestIncome": "2680000000", "interestExpense": "919000000", "nonInterestIncome": "None", "otherNonOperatingIncome": "None", "depreciation": "None", "depreciationAndAmortization": "10000000", "incomeBeforeTax": "1025000000", "incomeTaxExpense": "233000000", "interestAndDebtExpense": "None", "netIncomeFromContinuingOperations": "792000000", "comprehensiveIncomeNetOfTax": "None", "ebit": "1025000000", "ebitda": "1035000000", "netIncome": "792000000"}, {"fiscalDateEnding": "2025-06-30", "reportedCurrency": "USD", "grossProfit": "2271000000", "totalRevenue": "3292000000", "costOfRevenue": "1021000000", "costofGoodsAndServicesSold": "1021000000", "operatingIncome": "935000000", "sellingGeneralAndAdministrative": "813000000", "researchAndDevelopment": "None", "operatingExpenses": "1336000000", "investmentIncomeNet": "None", "netInterestIncome": "1713000000", "interestIncome": "2609000000", "interestExpense": "896000000", "nonInterestIncome": "None", "otherNonOperatingIncome": "None", "depreciation": "None", "depreciationAndAmortization": "124000000", "incomeBeforeTax": "935000000", "incomeTaxExpense": "219000000", "interestAndDebtExpense": "None", "netIncomeFromContinuingOperations": "716000000", "comprehensiveIncomeNetOfTax": "None", "ebit": "935000000", "ebitda": "1059000000", "netIncome": "716000000"}, {"fiscalDateEnding": "2025-03-31", "reportedCurrency": "USD", "grossProfit": "2176000000", "totalRevenue": "3171000000", "costOfRevenue": "995000000", "costofGoodsAndServicesSold": "995000000", "operatingIncome": "761000000", "sellingGeneralAndAdministrative": "910000000", "researchAndDevelopment": "None", "operatingExpenses": "1415000000", "investmentIncomeNet": "None", "netInterestIncome": "1695000000", "interestIncome": "2560000000", "interestExpense": "865000000", "nonInterestIncome": "None", "otherNonOperatingIncome": "None", "depreciation": "None", "depreciationAndAmortization": "130000000", "incomeBeforeTax": "761000000", "incomeTaxExpense": "177000000", "interestAndDebtExpense": "None", "netIncomeFromContinuingOperations": "584000000", "comprehensiveIncomeNetOfTax": "None", "ebit": "761000000", "ebitda": "891000000", "netIncome": "584000000"}, {"fiscalDateEnding": "2024-12-31", "reportedCurrency": "USD", "grossProfit": "2222000000", "totalRevenue": "3341000000", "costOfRevenue": "1119000000", "costofGoodsAndServicesSold": "1119000000", "operatingIncome": "882000000", "sellingGeneralAndAdministrative": "780000000", "researchAndDevelopment": "None", "operatingExpenses": "1340000000", "investmentIncomeNet": "None", "netInterestIncome": "1728000000", "interestIncome": "2707000000", "interestExpense": "979000000", "nonInterestIncome": "None", "otherNonOperatingIncome": "None", "depreciation": "None", "depreciationAndAmortization": "129000000", "incomeBeforeTax": "882000000", "incomeTaxExpense": "201000000", "interestAndDebtExpense": "None", "netIncomeFromContinuingOperations": "681000000", "comprehensiveIncomeNetOfTax": "None", "ebit": "882000000", "ebitda": "1011000000", "netIncome": "681000000"}, {"fiscalDateEnding": "2024-09-30", "reportedCurrency": "USD", "grossProfit": "2212000000", "totalRevenue": "3391000000", "costOfRevenue": "1179000000", "costofGoodsAndServicesSold": "1179000000", "operatingIncome": "909000000", "sellingGeneralAndAdministrative": "800000000", "researchAndDevelopment": "None", "operatingExpenses": "1303000000", "investmentIncomeNet": "None", "netInterestIncome": "1726000000", "interestIncome": "2785000000", "interestExpense": "1059000000", "nonInterestIncome": "None", "otherNonOperatingIncome": "None", "depreciation": "None", "depreciationAndAmortization": "122000000", "incomeBeforeTax": "909000000", "incomeTaxExpense": "188000000", "interestAndDebtExpense": "None", "netIncomeFromContinuingOperations": "721000000", "comprehensiveIncomeNetOfTax": "None", "ebit": "909000000", "ebitda": "1031000000", "netIncome": "721000000"}, {"fiscalDateEnding": "2024-06-30", "reportedCurrency": "USD", "grossProfit": "2152000000", "totalRevenue": "3373000000", "costOfRevenue": "1221000000", "costofGoodsAndServicesSold": "1221000000", "operatingIncome": "855000000", "sellingGeneralAndAdministrative": "801000000", "researchAndDevelopment": "None", "operatingExpenses": "1297000000", "investmentIncomeNet": "None", "netInterestIncome": "1718000000", "interestIncome": "2789000000", "interestExpense": "1071000000", "nonInterestIncome": "None", "otherNonOperatingIncome": "None", "depreciation": "None", "depreciationAndAmortization": "127000000", "incomeBeforeTax": "855000000", "incomeTaxExpense": "200000000", "interestAndDebtExpense": "None", "netIncomeFromContinuingOperations": "655000000", "comprehensiveIncomeNetOfTax": "None", "ebit": "855000000", "ebitda": "982000000", "netIncome": "655000000"}, {"fiscalDateEnding": "2024-03-31", "reportedCurrency": "USD", "grossProfit": "2035000000", "totalRevenue": "3300000000", "costOfRevenue": "1265000000", "costofGoodsAndServicesSold": "1265000000", "operatingIncome": "664000000", "sellingGeneralAndAdministrative": "864000000", "researchAndDevelopment": "None", "operatingExpenses": "1371000000", "investmentIncomeNet": "None", "netInterestIncome": "1680000000", "interestIncome": "2745000000", "interestExpense": "1065000000", "nonInterestIncome": "None", "otherNonOperatingIncome": "None", "depreciation": "None", "depreciationAndAmortization": "130000000", "incomeBeforeTax": "664000000", "incomeTaxExpense": "133000000", "interestAndDebtExpense": "None", "netIncomeFromContinuingOperations": "531000000", "comprehensiveIncomeNetOfTax": "None", "ebit": "664000000", "ebitda": "794000000", "netIncome": "531000000"}, {"fiscalDateEnding": "2023-12-31", "reportedCurrency": "USD", "grossProfit": "2055334000", "totalRevenue": "3298106000", "costOfRevenue": "1242772000", "costofGoodsAndServicesSold": "1242772000", "operatingIncome": "625661000", "sellingGeneralAndAdministrative": "755399000", "researchAndDevelopment": "None", "operatingExpenses": "1429673000", "investmentIncomeNet": "None", "netInterestIncome": "1722219000", "interestIncome": "2739991000", "interestExpense": "1017772000", "nonInterestIncome": "None", "otherNonOperatingIncome": "None", "depreciation": "None", "depreciationAndAmortization": "129316000", "incomeBeforeTax": "625661000", "incomeTaxExpense": "143260000", "interestAndDebtExpense": "None", "netIncomeFromContinuingOperations": "482401000", "comprehensiveIncomeNetOfTax": "None", "ebit": "625661000", "ebitda": "754977000", "netIncome": "482401000"}, {"fiscalDateEnding": "2023-09-30", "reportedCurrency": "USD", "grossProfit": "2185000000", "totalRevenue": "3201000000", "costOfRevenue": "1016000000", "costofGoodsAndServicesSold": "1016000000", "operatingIncome": "907000000", "sellingGeneralAndAdministrative": "756000000", "researchAndDevelopment": "None", "operatingExpenses": "1278000000", "investmentIncomeNet": "None", "netInterestIncome": "1775000000", "interestIncome": "2641000000", "interestExpense": "866000000", "nonInterestIncome": "None", "otherNonOperatingIncome": "None", "depreciation": "None", "depreciationAndAmortization": "130000000", "incomeBeforeTax": "907000000", "incomeTaxExpense": "217000000", "interestAndDebtExpense": "None", "netIncomeFromContinuingOperations": "690000000", "comprehensiveIncomeNetOfTax": "None", "ebit": "907000000", "ebitda": "1037000000", "netIncome": "690000000"}, {"fiscalDateEnding": "2023-06-30", "reportedCurrency": "USD", "grossProfit": "2452000000", "totalRevenue": "3319000000", "costOfRevenue": "867000000", "costofGoodsAndServicesSold": "867000000", "operatingIncome": "1159000000", "sellingGeneralAndAdministrative": "766000000", "researchAndDevelopment": "None", "operatingExpenses": "1293000000", "investmentIncomeNet": "None", "netInterestIncome": "1799129000", "interestIncome": "2515625000", "interestExpense": "717000000", "nonInterestIncome": "None", "otherNonOperatingIncome": "None", "depreciation": "None", "depreciationAndAmortization": "125000000", "incomeBeforeTax": "1159000000", "incomeTaxExpense": "292000000", "interestAndDebtExpense": "None", "netIncomeFromContinuingOperations": "867034000", "comprehensiveIncomeNetOfTax": "None", "ebit": "1159000000", "ebitda": "1284000000", "netIncome": "867000000"}, {"fiscalDateEnding": "2023-03-31", "reportedCurrency": "USD", "grossProfit": "2265000000", "totalRevenue": "2894000000", "costOfRevenue": "629000000", "costofGoodsAndServicesSold": "629000000", "operatingIncome": "926000000", "sellingGeneralAndAdministrative": "838000000", "researchAndDevelopment": "None", "operatingExpenses": "1339000000", "investmentIncomeNet": "None", "netInterestIncome": "1818264000", "interestIncome": "2326985000", "interestExpense": "509000000", "nonInterestIncome": "None", "otherNonOperatingIncome": "None", "depreciation": "None", "depreciationAndAmortization": "113000000", "incomeBeforeTax": "926000000", "incomeTaxExpense": "224000000", "interestAndDebtExpense": "None", "netIncomeFromContinuingOperations": "701624000", "comprehensiveIncomeNetOfTax": "None", "ebit": "926000000", "ebitda": "1039000000", "netIncome": "702000000"}, {"fiscalDateEnding": "2022-12-31", "reportedCurrency": "USD", "grossProfit": "2176911000", "totalRevenue": "2753746000", "costOfRevenue": "576835000", "costofGoodsAndServicesSold": "576835000", "operatingIncome": "1010623000", "sellingGeneralAndAdministrative": "721284000", "researchAndDevelopment": "None", "operatingExpenses": "1166288000", "investmentIncomeNet": "None", "netInterestIncome": "1827374000", "interestIncome": "2072209000", "interestExpense": "244835000", "nonInterestIncome": "None", "otherNonOperatingIncome": "None", "depreciation": "None", "depreciationAndAmortization": "101217000", "incomeBeforeTax": "1010623000", "incomeTaxExpense": "245252000", "interestAndDebtExpense": "None", "netIncomeFromContinuingOperations": "765371000", "comprehensiveIncomeNetOfTax": "None", "ebit": "1010623000", "ebitda": "1111840000", "netIncome": "765371000"}, {"fiscalDateEnding": "2022-09-30", "reportedCurrency": "USD", "grossProfit": "2126770000", "totalRevenue": "2344592000", "costOfRevenue": "217822000", "costofGoodsAndServicesSold": "217822000", "operatingIncome": "847517000", "sellingGeneralAndAdministrative": "764459000", "researchAndDevelopment": "None", "operatingExpenses": "1279253000", "investmentIncomeNet": "None", "netInterestIncome": "1678691000", "interestIncome": "1781513000", "interestExpense": "102822000", "nonInterestIncome": "None", "otherNonOperatingIncome": "None", "depreciation": "None", "depreciationAndAmortization": "127339000", "incomeBeforeTax": "847517000", "incomeTaxExpense": "200921000", "interestAndDebtExpense": "None", "netIncomeFromContinuingOperations": "646596000", "comprehensiveIncomeNetOfTax": "None", "ebit": "847517000", "ebitda": "974856000", "netIncome": "646596000"}, {"fiscalDateEnding": "2022-06-30", "reportedCurrency": "USD", "grossProfit": "1922817000", "totalRevenue": "2036242000", "costOfRevenue": "113425000", "costofGoodsAndServicesSold": "113425000", "operatingIncome": "277663000", "sellingGeneralAndAdministrative": "798786000", "researchAndDevelopment": "None", "operatingExpenses": "1645154000", "investmentIncomeNet": "None", "netInterestIncome": "1411717000", "interestIncome": "1465142000", "interestExpense": "53425000", "nonInterestIncome": "None", "otherNonOperatingIncome": "None", "depreciation": "None", "depreciationAndAmortization": "122276000", "incomeBeforeTax": "277663000", "incomeTaxExpense": "60141000", "interestAndDebtExpense": "None", "netIncomeFromContinuingOperations": "217522000", "comprehensiveIncomeNetOfTax": "None", "ebit": "277663000", "ebitda": "399939000", "netIncome": "217522000"}, {"fiscalDateEnding": "2022-03-31", "reportedCurrency": "USD", "grossProfit": "1435061000", "totalRevenue": "1469143000", "costOfRevenue": "34082000", "costofGoodsAndServicesSold": "34082000", "operatingIncome": "475320000", "sellingGeneralAndAdministrative": "593096000", "researchAndDevelopment": "None", "operatingExpenses": "959741000", "investmentIncomeNet": "None", "netInterestIncome": "904174000", "interestIncome": "928256000", "interestExpense": "24082000", "nonInterestIncome": "None", "otherNonOperatingIncome": "None", "depreciation": "None", "depreciationAndAmortization": "83311000", "incomeBeforeTax": "475320000", "incomeTaxExpense": "113146000", "interestAndDebtExpense": "None", "netIncomeFromContinuingOperations": "362174000", "comprehensiveIncomeNetOfTax": "None", "ebit": "475320000", "ebitda": "558631000", "netIncome": "362174000"}, {"fiscalDateEnding": "2021-12-31", "reportedCurrency": "USD", "grossProfit": "1527430000", "totalRevenue": "1537155000", "costOfRevenue": "9725000", "costofGoodsAndServicesSold": "9725000", "operatingIncome": "599930000", "sellingGeneralAndAdministrative": "533873000", "researchAndDevelopment": "None", "operatingExpenses": "927500000", "investmentIncomeNet": "None", "netInterestIncome": "933793000", "interestIncome": "958518000", "interestExpense": "24725000", "nonInterestIncome": "None", "otherNonOperatingIncome": "None", "depreciation": "None", "depreciationAndAmortization": "80763000", "incomeBeforeTax": "599930000", "incomeTaxExpense": "141962000", "interestAndDebtExpense": "None", "netIncomeFromContinuingOperations": "457968000", "comprehensiveIncomeNetOfTax": "None", "ebit": "599930000", "ebitda": "680693000", "netIncome": "457968000"}, {"fiscalDateEnding": "2021-09-30", "reportedCurrency": "USD", "grossProfit": "1556376000", "totalRevenue": "1562072000", "costOfRevenue": "5696000", "costofGoodsAndServicesSold": "5696000", "operatingIncome": "657042000", "sellingGeneralAndAdministrative": "529232000", "researchAndDevelopment": "None", "operatingExpenses": "899334000", "investmentIncomeNet": "None", "netInterestIncome": "967250000", "interestIncome": "992946000", "interestExpense": "25696000", "nonInterestIncome": "None", "otherNonOperatingIncome": "None", "depreciation": "None", "depreciationAndAmortization": "84364000", "incomeBeforeTax": "657042000", "incomeTaxExpense": "161582000", "interestAndDebtExpense": "None", "netIncomeFromContinuingOperations": "495460000", "comprehensiveIncomeNetOfTax": "None", "ebit": "657042000", "ebitda": "741406000", "netIncome": "495460000"}, {"fiscalDateEnding": "2021-06-30", "reportedCurrency": "USD", "grossProfit": "1470973000", "totalRevenue": "1483991000", "costOfRevenue": "13018000", "costofGoodsAndServicesSold": "13018000", "operatingIncome": "605628000", "sellingGeneralAndAdministrative": "497010000", "researchAndDevelopment": "None", "operatingExpenses": "865345000", "investmentIncomeNet": "None", "netInterestIncome": "942340000", "interestIncome": "970358000", "interestExpense": "28018000", "nonInterestIncome": "None", "otherNonOperatingIncome": "None", "depreciation": "None", "depreciationAndAmortization": "79276000", "incomeBeforeTax": "605628000", "incomeTaxExpense": "147559000", "interestAndDebtExpense": "None", "netIncomeFromContinuingOperations": "458069000", "comprehensiveIncomeNetOfTax": "None", "ebit": "605628000", "ebitda": "684904000", "netIncome": "458069000"}, {"fiscalDateEnding": "2021-03-31", "reportedCurrency": "USD", "grossProfit": "1511993000", "totalRevenue": "1522560000", "costOfRevenue": "10567000", "costofGoodsAndServicesSold": "10567000", "operatingIncome": "592549000", "sellingGeneralAndAdministrative": "555266000", "researchAndDevelopment": "None", "operatingExpenses": "919444000", "investmentIncomeNet": "None", "netInterestIncome": "981395000", "interestIncome": "1016962000", "interestExpense": "35567000", "nonInterestIncome": "None", "otherNonOperatingIncome": "None", "depreciation": "None", "depreciationAndAmortization": "79805000", "incomeBeforeTax": "592549000", "incomeTaxExpense": "145300000", "interestAndDebtExpense": "None", "netIncomeFromContinuingOperations": "447249000", "comprehensiveIncomeNetOfTax": "None", "ebit": "592549000", "ebitda": "672354000", "netIncome": "447249000"}, {"fiscalDateEnding": "2020-12-31", "reportedCurrency": "USD", "grossProfit": "1465530000", "totalRevenue": "1590140000", "costOfRevenue": "124610000", "costofGoodsAndServicesSold": "124610000", "operatingIncome": "620522000", "sellingGeneralAndAdministrative": "491314000", "researchAndDevelopment": "None", "operatingExpenses": "845008000", "investmentIncomeNet": "None", "netInterestIncome": "989280000", "interestIncome": "1038890000", "interestExpense": "49610000", "nonInterestIncome": "None", "otherNonOperatingIncome": "None", "depreciation": "None", "depreciationAndAmortization": "80233000", "incomeBeforeTax": "620522000", "incomeTaxExpense": "149382000", "interestAndDebtExpense": "None", "netIncomeFromContinuingOperations": "471140000", "comprehensiveIncomeNetOfTax": "None", "ebit": "620522000", "ebitda": "700755000", "netIncome": "471140000"}, {"fiscalDateEnding": "2020-09-30", "reportedCurrency": "USD", "grossProfit": "1313656000", "totalRevenue": "1521722000", "costOfRevenue": "208066000", "costofGoodsAndServicesSold": "208066000", "operatingIncome": "486882000", "sellingGeneralAndAdministrative": "491018000", "researchAndDevelopment": "None", "operatingExpenses": "826774000", "investmentIncomeNet": "None", "netInterestIncome": "943095000", "interestIncome": "1001161000", "interestExpense": "58066000", "nonInterestIncome": "None", "otherNonOperatingIncome": "None", "depreciation": "None", "depreciationAndAmortization": "85510000", "incomeBeforeTax": "486882000", "incomeTaxExpense": "114746000", "interestAndDebtExpense": "None", "netIncomeFromContinuingOperations": "372136000", "comprehensiveIncomeNetOfTax": "None", "ebit": "486882000", "ebitda": "572392000", "netIncome": "372136000"}, {"fiscalDateEnding": "2020-06-30", "reportedCurrency": "USD", "grossProfit": "1119410000", "totalRevenue": "1519515000", "costOfRevenue": "400105000", "costofGoodsAndServicesSold": "400105000", "operatingIncome": "312368000", "sellingGeneralAndAdministrative": "473049000", "researchAndDevelopment": "None", "operatingExpenses": "807042000", "investmentIncomeNet": "None", "netInterestIncome": "957137000", "interestIncome": "1032242000", "interestExpense": "75105000", "nonInterestIncome": "None", "otherNonOperatingIncome": "None", "depreciation": "None", "depreciationAndAmortization": "76885000", "incomeBeforeTax": "312368000", "incomeTaxExpense": "71314000", "interestAndDebtExpense": "None", "netIncomeFromContinuingOperations": "241054000", "comprehensiveIncomeNetOfTax": "None", "ebit": "312368000", "ebitda": "389253000", "netIncome": "241054000"}, {"fiscalDateEnding": "2020-03-31", "reportedCurrency": "USD", "grossProfit": "1256165000", "totalRevenue": "1649779000", "costOfRevenue": "393614000", "costofGoodsAndServicesSold": "393614000", "operatingIncome": "349749000", "sellingGeneralAndAdministrative": "549114000", "researchAndDevelopment": "None", "operatingExpenses": "906416000", "investmentIncomeNet": "None", "netInterestIncome": "976805000", "interestIncome": "1120419000", "interestExpense": "143614000", "nonInterestIncome": "None", "otherNonOperatingIncome": "None", "depreciation": "None", "depreciationAndAmortization": "77660000", "incomeBeforeTax": "349749000", "incomeTaxExpense": "80927000", "interestAndDebtExpense": "None", "netIncomeFromContinuingOperations": "268822000", "comprehensiveIncomeNetOfTax": "None", "ebit": "349749000", "ebitda": "427409000", "netIncome": "268822000"}, {"fiscalDateEnding": "2019-12-31", "reportedCurrency": "USD", "grossProfit": "1475873000", "totalRevenue": "1706942000", "costOfRevenue": "231069000", "costofGoodsAndServicesSold": "231069000", "operatingIncome": "652190000", "sellingGeneralAndAdministrative": "481511000", "researchAndDevelopment": "None", "operatingExpenses": "823683000", "investmentIncomeNet": "None", "netInterestIncome": "1008833000", "interestIncome": "1185902000", "interestExpense": "177069000", "nonInterestIncome": "None", "otherNonOperatingIncome": "None", "depreciation": "None", "depreciationAndAmortization": "77272000", "incomeBeforeTax": "652190000", "incomeTaxExpense": "159124000", "interestAndDebtExpense": "None", "netIncomeFromContinuingOperations": "493066000", "comprehensiveIncomeNetOfTax": "None", "ebit": "652190000", "ebitda": "729462000", "netIncome": "493066000"}, {"fiscalDateEnding": "2019-09-30", "reportedCurrency": "USD", "grossProfit": "1512669000", "totalRevenue": "1757248000", "costOfRevenue": "244579000", "costofGoodsAndServicesSold": "244579000", "operatingIncome": "635050000", "sellingGeneralAndAdministrative": "486686000", "researchAndDevelopment": "None", "operatingExpenses": "877619000", "investmentIncomeNet": "None", "netInterestIncome": "1029890000", "interestIncome": "1229469000", "interestExpense": "199579000", "nonInterestIncome": "None", "otherNonOperatingIncome": "None", "depreciation": "None", "depreciationAndAmortization": "77946000", "incomeBeforeTax": "635050000", "incomeTaxExpense": "154969000", "interestAndDebtExpense": "None", "netIncomeFromContinuingOperations": "480081000", "comprehensiveIncomeNetOfTax": "None", "ebit": "635050000", "ebitda": "712996000", "netIncome": "480081000"}, {"fiscalDateEnding": "2019-06-30", "reportedCurrency": "USD", "grossProfit": "1498576000", "totalRevenue": "1750008000", "costOfRevenue": "251432000", "costofGoodsAndServicesSold": "251432000", "operatingIncome": "625544000", "sellingGeneralAndAdministrative": "465509000", "researchAndDevelopment": "None", "operatingExpenses": "873032000", "investmentIncomeNet": "None", "netInterestIncome": "1041481000", "interestIncome": "1237913000", "interestExpense": "196432000", "nonInterestIncome": "None", "otherNonOperatingIncome": "None", "depreciation": "None", "depreciationAndAmortization": "73925000", "incomeBeforeTax": "625544000", "incomeTaxExpense": "152284000", "interestAndDebtExpense": "None", "netIncomeFromContinuingOperations": "473260000", "comprehensiveIncomeNetOfTax": "None", "ebit": "625544000", "ebitda": "699469000", "netIncome": "473260000"}, {"fiscalDateEnding": "2019-03-31", "reportedCurrency": "USD", "grossProfit": "1528825000", "totalRevenue": "1727074000", "costOfRevenue": "198249000", "costofGoodsAndServicesSold": "198249000", "operatingIncome": "634477000", "sellingGeneralAndAdministrative": "508626000", "researchAndDevelopment": "None", "operatingExpenses": "894348000", "investmentIncomeNet": "None", "netInterestIncome": "1050060000", "interestIncome": "1226309000", "interestExpense": "176249000", "nonInterestIncome": "None", "otherNonOperatingIncome": "None", "depreciation": "None", "depreciationAndAmortization": "72172000", "incomeBeforeTax": "634477000", "incomeTaxExpense": "151735000", "interestAndDebtExpense": "None", "netIncomeFromContinuingOperations": "482742000", "comprehensiveIncomeNetOfTax": "None", "ebit": "634477000", "ebitda": "706649000", "netIncome": "482742000"}, {"fiscalDateEnding": "2018-12-31", "reportedCurrency": "USD", "grossProfit": "1501556000", "totalRevenue": "1700877000", "costOfRevenue": "199321000", "costofGoodsAndServicesSold": "199321000", "operatingIncome": "699394000", "sellingGeneralAndAdministrative": "448765000", "researchAndDevelopment": "0", "operatingExpenses": "802162000", "investmentIncomeNet": "None", "netInterestIncome": "None", "interestIncome": "None", "interestExpense": "161321000", "nonInterestIncome": "None", "otherNonOperatingIncome": "None", "depreciation": "None", "depreciationAndAmortization": "43089000", "incomeBeforeTax": "699394000", "incomeTaxExpense": "153175000", "interestAndDebtExpense": "None", "netIncomeFromContinuingOperations": "546219000", "comprehensiveIncomeNetOfTax": "None", "ebit": "699394000", "ebitda": "742483000", "netIncome": "546219000"}, {"fiscalDateEnding": "2018-09-30", "reportedCurrency": "USD", "grossProfit": "1472332000", "totalRevenue": "1626669000", "costOfRevenue": "154337000", "costofGoodsAndServicesSold": "154337000", "operatingIncome": "696353000", "sellingGeneralAndAdministrative": "450220000", "researchAndDevelopment": "0", "operatingExpenses": "775979000", "investmentIncomeNet": "None", "netInterestIncome": "None", "interestIncome": "None", "interestExpense": "138337000", "nonInterestIncome": "None", "otherNonOperatingIncome": "None", "depreciation": "None", "depreciationAndAmortization": "44597000", "incomeBeforeTax": "696353000", "incomeTaxExpense": "170262000", "interestAndDebtExpense": "None", "netIncomeFromContinuingOperations": "526091000", "comprehensiveIncomeNetOfTax": "None", "ebit": "696353000", "ebitda": "740950000", "netIncome": "526091000"}, {"fiscalDateEnding": "2018-06-30", "reportedCurrency": "USD", "grossProfit": "1431201000", "totalRevenue": "1586319000", "costOfRevenue": "155118000", "costofGoodsAndServicesSold": "155118000", "operatingIncome": "654624000", "sellingGeneralAndAdministrative": "438097000", "researchAndDevelopment": "0", "operatingExpenses": "776577000", "investmentIncomeNet": "None", "netInterestIncome": "None", "interestIncome": "None", "interestExpense": "120118000", "nonInterestIncome": "None", "otherNonOperatingIncome": "None", "depreciation": "None", "depreciationAndAmortization": "45750000", "incomeBeforeTax": "654624000", "incomeTaxExpense": "161464000", "interestAndDebtExpense": "None", "netIncomeFromContinuingOperations": "493160000", "comprehensiveIncomeNetOfTax": "None", "ebit": "654624000", "ebitda": "700374000", "netIncome": "493160000"}, {"fiscalDateEnding": "2018-03-31", "reportedCurrency": "USD", "grossProfit": "1391213000", "totalRevenue": "1540846000", "costOfRevenue": "149633000", "costofGoodsAndServicesSold": "149633000", "operatingIncome": "457869000", "sellingGeneralAndAdministrative": "483708000", "researchAndDevelopment": "0", "operatingExpenses": "933344000", "investmentIncomeNet": "None", "netInterestIncome": "None", "interestIncome": "None", "interestExpense": "106633000", "nonInterestIncome": "None", "otherNonOperatingIncome": "None", "depreciation": "None", "depreciationAndAmortization": "45569000", "incomeBeforeTax": "457869000", "incomeTaxExpense": "105259000", "interestAndDebtExpense": "None", "netIncomeFromContinuingOperations": "352610000", "comprehensiveIncomeNetOfTax": "None", "ebit": "457869000", "ebitda": "503438000", "netIncome": "352610000"}, {"fiscalDateEnding": "2017-12-31", "reportedCurrency": "USD", "grossProfit": "1424503000", "totalRevenue": "1558192000", "costOfRevenue": "133689000", "costofGoodsAndServicesSold": "133689000", "operatingIncome": "628690000", "sellingGeneralAndAdministrative": "426600000", "researchAndDevelopment": "0", "operatingExpenses": "795813000", "investmentIncomeNet": "None", "netInterestIncome": "None", "interestIncome": "None", "interestExpense": "102689000", "nonInterestIncome": "None", "otherNonOperatingIncome": "None", "depreciation": "None", "depreciationAndAmortization": "46678000", "incomeBeforeTax": "628690000", "incomeTaxExpense": "306287000", "interestAndDebtExpense": "None", "netIncomeFromContinuingOperations": "322403000", "comprehensiveIncomeNetOfTax": "None", "ebit": "628690000", "ebitda": "675368000", "netIncome": "322403000"}, {"fiscalDateEnding": "2017-09-30", "reportedCurrency": "USD", "grossProfit": "1386563000", "totalRevenue": "1516639000", "costOfRevenue": "130076000", "costofGoodsAndServicesSold": "130076000", "operatingIncome": "580538000", "sellingGeneralAndAdministrative": "422574000", "researchAndDevelopment": "0", "operatingExpenses": "806025000", "investmentIncomeNet": "None", "netInterestIncome": "None", "interestIncome": "None", "interestExpense": "100076000", "nonInterestIncome": "None", "otherNonOperatingIncome": "None", "depreciation": "None", "depreciationAndAmortization": "51029000", "incomeBeforeTax": "580538000", "incomeTaxExpense": "224615000", "interestAndDebtExpense": "None", "netIncomeFromContinuingOperations": "355923000", "comprehensiveIncomeNetOfTax": "None", "ebit": "580538000", "ebitda": "631567000", "netIncome": "355923000"}, {"fiscalDateEnding": "2017-06-30", "reportedCurrency": "USD", "grossProfit": "1347016000", "totalRevenue": "1491229000", "costOfRevenue": "144213000", "costofGoodsAndServicesSold": "144213000", "operatingIncome": "596381000", "sellingGeneralAndAdministrative": "423407000", "researchAndDevelopment": "0", "operatingExpenses": "750635000", "investmentIncomeNet": "None", "netInterestIncome": "None", "interestIncome": "None", "interestExpense": "92213000", "nonInterestIncome": "None", "otherNonOperatingIncome": "None", "depreciation": "None", "depreciationAndAmortization": "50026000", "incomeBeforeTax": "596381000", "incomeTaxExpense": "215328000", "interestAndDebtExpense": "None", "netIncomeFromContinuingOperations": "381053000", "comprehensiveIncomeNetOfTax": "None", "ebit": "596381000", "ebitda": "646407000", "netIncome": "381053000"}, {"fiscalDateEnding": "2017-03-31", "reportedCurrency": "USD", "grossProfit": "1306105000", "totalRevenue": "1452878000", "costOfRevenue": "146773000", "costofGoodsAndServicesSold": "146773000", "operatingIncome": "518253000", "sellingGeneralAndAdministrative": "478568000", "researchAndDevelopment": "0", "operatingExpenses": "787852000", "investmentIncomeNet": "None", "netInterestIncome": "None", "interestIncome": "None", "interestExpense": "91773000", "nonInterestIncome": "None", "otherNonOperatingIncome": "None", "depreciation": "None", "depreciationAndAmortization": "49392000", "incomeBeforeTax": "518253000", "incomeTaxExpense": "169326000", "interestAndDebtExpense": "None", "netIncomeFromContinuingOperations": "348927000", "comprehensiveIncomeNetOfTax": "None", "ebit": "518253000", "ebitda": "567645000", "netIncome": "348927000"}, {"fiscalDateEnding": "2016-12-31", "reportedCurrency": "USD", "grossProfit": "1279223000", "totalRevenue": "1448360000", "costOfRevenue": "169137000", "costofGoodsAndServicesSold": "169137000", "operatingIncome": "510120000", "sellingGeneralAndAdministrative": "422345000", "researchAndDevelopment": "0", "operatingExpenses": "769103000", "investmentIncomeNet": "None", "netInterestIncome": "None", "interestIncome": "None", "interestExpense": "107137000", "nonInterestIncome": "None", "otherNonOperatingIncome": "None", "depreciation": "None", "depreciationAndAmortization": "49177000", "incomeBeforeTax": "510120000", "incomeTaxExpense": "179549000", "interestAndDebtExpense": "None", "netIncomeFromContinuingOperations": "330571000", "comprehensiveIncomeNetOfTax": "None", "ebit": "510120000", "ebitda": "559297000", "netIncome": "330571000"}, {"fiscalDateEnding": "2016-09-30", "reportedCurrency": "USD", "grossProfit": "1302690000", "totalRevenue": "1460865000", "costOfRevenue": "158175000", "costofGoodsAndServicesSold": "158175000", "operatingIncome": "550298000", "sellingGeneralAndAdministrative": "428245000", "researchAndDevelopment": "0", "operatingExpenses": "752392000", "investmentIncomeNet": "None", "netInterestIncome": "None", "interestIncome": "None", "interestExpense": "111175000", "nonInterestIncome": "None", "otherNonOperatingIncome": "None", "depreciation": "None", "depreciationAndAmortization": "49515000", "incomeBeforeTax": "550298000", "incomeTaxExpense": "200314000", "interestAndDebtExpense": "None", "netIncomeFromContinuingOperations": "349984000", "comprehensiveIncomeNetOfTax": "None", "ebit": "550298000", "ebitda": "599813000", "netIncome": "349984000"}, {"fiscalDateEnding": "2016-06-30", "reportedCurrency": "USD", "grossProfit": "1280073000", "totalRevenue": "1418875000", "costOfRevenue": "138802000", "costofGoodsAndServicesSold": "138802000", "operatingIncome": "530178000", "sellingGeneralAndAdministrative": "421045000", "researchAndDevelopment": "0", "operatingExpenses": "749895000", "investmentIncomeNet": "None", "netInterestIncome": "None", "interestIncome": "None", "interestExpense": "106802000", "nonInterestIncome": "None", "otherNonOperatingIncome": "None", "depreciation": "None", "depreciationAndAmortization": "50190000", "incomeBeforeTax": "530178000", "incomeTaxExpense": "194147000", "interestAndDebtExpense": "None", "netIncomeFromContinuingOperations": "336031000", "comprehensiveIncomeNetOfTax": "None", "ebit": "530178000", "ebitda": "580368000", "netIncome": "336031000"}, {"fiscalDateEnding": "2016-03-31", "reportedCurrency": "USD", "grossProfit": "1243897000", "totalRevenue": "1393767000", "costOfRevenue": "149870000", "costofGoodsAndServicesSold": "149870000", "operatingIncome": "467802000", "sellingGeneralAndAdministrative": "457010000", "researchAndDevelopment": "0", "operatingExpenses": "776095000", "investmentIncomeNet": "None", "netInterestIncome": "None", "interestIncome": "None", "interestExpense": "100870000", "nonInterestIncome": "None", "otherNonOperatingIncome": "None", "depreciation": "None", "depreciationAndAmortization": "51709000", "incomeBeforeTax": "467802000", "incomeTaxExpense": "169274000", "interestAndDebtExpense": "None", "netIncomeFromContinuingOperations": "298528000", "comprehensiveIncomeNetOfTax": "None", "ebit": "467802000", "ebitda": "519511000", "netIncome": "298528000"}, {"fiscalDateEnding": "2015-12-31", "reportedCurrency": "USD", "grossProfit": "1200376000", "totalRevenue": "1353709000", "costOfRevenue": "153333000", "costofGoodsAndServicesSold": "153333000", "operatingIncome": "411039000", "sellingGeneralAndAdministrative": "453975000", "researchAndDevelopment": "0", "operatingExpenses": "789337000", "investmentIncomeNet": "None", "netInterestIncome": "None", "interestIncome": "None", "interestExpense": "95333000", "nonInterestIncome": "None", "otherNonOperatingIncome": "None", "depreciation": "None", "depreciationAndAmortization": "47855000", "incomeBeforeTax": "411039000", "incomeTaxExpense": "140074000", "interestAndDebtExpense": "None", "netIncomeFromContinuingOperations": "270965000", "comprehensiveIncomeNetOfTax": "None", "ebit": "411039000", "ebitda": "458894000", "netIncome": "270965000"}, {"fiscalDateEnding": "2015-09-30", "reportedCurrency": "USD", "grossProfit": "1088526000", "totalRevenue": "1209725000", "costOfRevenue": "121199000", "costofGoodsAndServicesSold": "121199000", "operatingIncome": "434710000", "sellingGeneralAndAdministrative": "374657000", "researchAndDevelopment": "0", "operatingExpenses": "653816000", "investmentIncomeNet": "None", "netInterestIncome": "None", "interestIncome": "None", "interestExpense": "77199000", "nonInterestIncome": "None", "otherNonOperatingIncome": "None", "depreciation": "None", "depreciationAndAmortization": "41965000", "incomeBeforeTax": "434710000", "incomeTaxExpense": "154309000", "interestAndDebtExpense": "None", "netIncomeFromContinuingOperations": "280401000", "comprehensiveIncomeNetOfTax": "None", "ebit": "434710000", "ebitda": "476675000", "netIncome": "280401000"}, {"fiscalDateEnding": "2015-06-30", "reportedCurrency": "USD", "grossProfit": "1150155000", "totalRevenue": "1257381000", "costOfRevenue": "107226000", "costofGoodsAndServicesSold": "107226000", "operatingIncome": "453527000", "sellingGeneralAndAdministrative": "372458000", "researchAndDevelopment": "0", "operatingExpenses": "696628000", "investmentIncomeNet": "None", "netInterestIncome": "None", "interestIncome": "None", "interestExpense": "77226000", "nonInterestIncome": "None", "otherNonOperatingIncome": "None", "depreciation": "None", "depreciationAndAmortization": "42359000", "incomeBeforeTax": "453527000", "incomeTaxExpense": "166839000", "interestAndDebtExpense": "None", "netIncomeFromContinuingOperations": "286688000", "comprehensiveIncomeNetOfTax": "None", "ebit": "453527000", "ebitda": "495886000", "netIncome": "286688000"}, {"fiscalDateEnding": "2015-03-31", "reportedCurrency": "USD", "grossProfit": "1061791000", "totalRevenue": "1178290000", "costOfRevenue": "116499000", "costofGoodsAndServicesSold": "116499000", "operatingIncome": "375416000", "sellingGeneralAndAdministrative": "400553000", "researchAndDevelopment": "0", "operatingExpenses": "686375000", "investmentIncomeNet": "None", "netInterestIncome": "None", "interestIncome": "None", "interestExpense": "78499000", "nonInterestIncome": "None", "otherNonOperatingIncome": "None", "depreciation": "None", "depreciationAndAmortization": "43170000", "incomeBeforeTax": "375416000", "incomeTaxExpense": "133803000", "interestAndDebtExpense": "None", "netIncomeFromContinuingOperations": "241613000", "comprehensiveIncomeNetOfTax": "None", "ebit": "375416000", "ebitda": "418586000", "netIncome": "241613000"}, {"fiscalDateEnding": "2014-12-31", "reportedCurrency": "USD", "grossProfit": "1104532000", "totalRevenue": "1212304000", "costOfRevenue": "107772000", "costofGoodsAndServicesSold": "107772000", "operatingIncome": "420375000", "sellingGeneralAndAdministrative": "356830000", "researchAndDevelopment": "0", "operatingExpenses": "684157000", "investmentIncomeNet": "None", "netInterestIncome": "None", "interestIncome": "None", "interestExpense": "74772000", "nonInterestIncome": "None", "otherNonOperatingIncome": "None", "depreciation": "None", "depreciationAndAmortization": "45988000", "incomeBeforeTax": "420375000", "incomeTaxExpense": "142826000", "interestAndDebtExpense": "None", "netIncomeFromContinuingOperations": "277549000", "comprehensiveIncomeNetOfTax": "None", "ebit": "420375000", "ebitda": "466363000", "netIncome": "277549000"}, {"fiscalDateEnding": "2014-09-30", "reportedCurrency": "USD", "grossProfit": "1095284000", "totalRevenue": "1198248000", "costOfRevenue": "102964000", "costofGoodsAndServicesSold": "102964000", "operatingIncome": "425811000", "sellingGeneralAndAdministrative": "361969000", "researchAndDevelopment": "0", "operatingExpenses": "669473000", "investmentIncomeNet": "None", "netInterestIncome": "None", "interestIncome": "None", "interestExpense": "73964000", "nonInterestIncome": "None", "otherNonOperatingIncome": "None", "depreciation": "None", "depreciationAndAmortization": "49445000", "incomeBeforeTax": "425811000", "incomeTaxExpense": "150467000", "interestAndDebtExpense": "None", "netIncomeFromContinuingOperations": "275344000", "comprehensiveIncomeNetOfTax": "None", "ebit": "425811000", "ebitda": "475256000", "netIncome": "275344000"}, {"fiscalDateEnding": "2014-06-30", "reportedCurrency": "USD", "grossProfit": "1099581000", "totalRevenue": "1194757000", "costOfRevenue": "95176000", "costofGoodsAndServicesSold": "95176000", "operatingIncome": "427866000", "sellingGeneralAndAdministrative": "354868000", "researchAndDevelopment": "0", "operatingExpenses": "671715000", "investmentIncomeNet": "None", "netInterestIncome": "None", "interestIncome": "None", "interestExpense": "65176000", "nonInterestIncome": "None", "otherNonOperatingIncome": "None", "depreciation": "None", "depreciationAndAmortization": "50735000", "incomeBeforeTax": "427866000", "incomeTaxExpense": "143530000", "interestAndDebtExpense": "None", "netIncomeFromContinuingOperations": "284336000", "comprehensiveIncomeNetOfTax": "None", "ebit": "427866000", "ebitda": "478601000", "netIncome": "284336000"}, {"fiscalDateEnding": "2014-03-31", "reportedCurrency": "USD", "grossProfit": "1048994000", "totalRevenue": "1147513000", "costOfRevenue": "98519000", "costofGoodsAndServicesSold": "98519000", "operatingIncome": "354306000", "sellingGeneralAndAdministrative": "386814000", "researchAndDevelopment": "0", "operatingExpenses": "694688000", "investmentIncomeNet": "None", "netInterestIncome": "None", "interestIncome": "None", "interestExpense": "66519000", "nonInterestIncome": "None", "otherNonOperatingIncome": "None", "depreciation": "None", "depreciationAndAmortization": "52562000", "incomeBeforeTax": "354306000", "incomeTaxExpense": "125289000", "interestAndDebtExpense": "None", "netIncomeFromContinuingOperations": "229017000", "comprehensiveIncomeNetOfTax": "None", "ebit": "354306000", "ebitda": "406868000", "netIncome": "229017000"}, {"fiscalDateEnding": "2013-12-31", "reportedCurrency": "USD", "grossProfit": "1076866000", "totalRevenue": "1186848000", "costOfRevenue": "109982000", "costofGoodsAndServicesSold": "109982000", "operatingIncome": "327658000", "sellingGeneralAndAdministrative": "353733000", "researchAndDevelopment": "0", "operatingExpenses": "749208000", "investmentIncomeNet": "None", "netInterestIncome": "None", "interestIncome": "None", "interestExpense": "67982000", "nonInterestIncome": "None", "otherNonOperatingIncome": "None", "depreciation": "None", "depreciationAndAmortization": "53749000", "incomeBeforeTax": "327658000", "incomeTaxExpense": "106236000", "interestAndDebtExpense": "None", "netIncomeFromContinuingOperations": "221422000", "comprehensiveIncomeNetOfTax": "None", "ebit": "327658000", "ebitda": "381407000", "netIncome": "221422000"}, {"fiscalDateEnding": "2013-09-30", "reportedCurrency": "USD", "grossProfit": "1106377000", "totalRevenue": "1223955000", "costOfRevenue": "117578000", "costofGoodsAndServicesSold": "117578000", "operatingIncome": "443870000", "sellingGeneralAndAdministrative": "354209000", "researchAndDevelopment": "0", "operatingExpenses": "662507000", "investmentIncomeNet": "None", "netInterestIncome": "None", "interestIncome": "None", "interestExpense": "69578000", "nonInterestIncome": "None", "otherNonOperatingIncome": "None", "depreciation": "None", "depreciationAndAmortization": "50134000", "incomeBeforeTax": "443870000", "incomeTaxExpense": "149391000", "interestAndDebtExpense": "None", "netIncomeFromContinuingOperations": "294479000", "comprehensiveIncomeNetOfTax": "None", "ebit": "443870000", "ebitda": "494004000", "netIncome": "294479000"}, {"fiscalDateEnding": "2013-06-30", "reportedCurrency": "USD", "grossProfit": "1131729000", "totalRevenue": "1261349000", "costOfRevenue": "129620000", "costofGoodsAndServicesSold": "129620000", "operatingIncome": "530685000", "sellingGeneralAndAdministrative": "340831000", "researchAndDevelopment": "0", "operatingExpenses": "601044000", "investmentIncomeNet": "None", "netInterestIncome": "None", "interestIncome": "None", "interestExpense": "72620000", "nonInterestIncome": "None", "otherNonOperatingIncome": "None", "depreciation": "None", "depreciationAndAmortization": "49274000", "incomeBeforeTax": "530685000", "incomeTaxExpense": "182219000", "interestAndDebtExpense": "None", "netIncomeFromContinuingOperations": "348466000", "comprehensiveIncomeNetOfTax": "None", "ebit": "530685000", "ebitda": "579959000", "netIncome": "348466000"}, {"fiscalDateEnding": "2013-03-31", "reportedCurrency": "USD", "grossProfit": "1054588000", "totalRevenue": "1166513000", "costOfRevenue": "111925000", "costofGoodsAndServicesSold": "111925000", "operatingIncome": "415336000", "sellingGeneralAndAdministrative": "375989000", "researchAndDevelopment": "0", "operatingExpenses": "639252000", "investmentIncomeNet": "None", "netInterestIncome": "None", "interestIncome": "None", "interestExpense": "73925000", "nonInterestIncome": "None", "otherNonOperatingIncome": "None", "depreciation": "None", "depreciationAndAmortization": "50578000", "incomeBeforeTax": "415336000", "incomeTaxExpense": "141223000", "interestAndDebtExpense": "None", "netIncomeFromContinuingOperations": "274113000", "comprehensiveIncomeNetOfTax": "None", "ebit": "415336000", "ebitda": "465914000", "netIncome": "274113000"}, {"fiscalDateEnding": "2012-12-31", "reportedCurrency": "USD", "grossProfit": "1043196000", "totalRevenue": "1170127000", "costOfRevenue": "126931000", "costofGoodsAndServicesSold": "126931000", "operatingIncome": "445440000", "sellingGeneralAndAdministrative": "314896000", "researchAndDevelopment": "0", "operatingExpenses": "597756000", "investmentIncomeNet": "None", "netInterestIncome": "None", "interestIncome": "None", "interestExpense": "77931000", "nonInterestIncome": "None", "otherNonOperatingIncome": "None", "depreciation": "None", "depreciationAndAmortization": "49773000", "incomeBeforeTax": "445440000", "incomeTaxExpense": "149247000", "interestAndDebtExpense": "None", "netIncomeFromContinuingOperations": "0", "comprehensiveIncomeNetOfTax": "None", "ebit": "445440000", "ebitda": "495213000", "netIncome": "296193000"}, {"fiscalDateEnding": "2012-09-30", "reportedCurrency": "USD", "grossProfit": "1067638000", "totalRevenue": "1195767000", "costOfRevenue": "128129000", "costofGoodsAndServicesSold": "128129000", "operatingIncome": "446428000", "sellingGeneralAndAdministrative": "345547000", "researchAndDevelopment": "0", "operatingExpenses": "621210000", "investmentIncomeNet": "None", "netInterestIncome": "None", "interestIncome": "None", "interestExpense": "82129000", "nonInterestIncome": "None", "otherNonOperatingIncome": "None", "depreciation": "None", "depreciationAndAmortization": "51572000", "incomeBeforeTax": "446428000", "incomeTaxExpense": "152966000", "interestAndDebtExpense": "None", "netIncomeFromContinuingOperations": "0", "comprehensiveIncomeNetOfTax": "None", "ebit": "446428000", "ebitda": "498000000", "netIncome": "293462000"}, {"fiscalDateEnding": "2012-06-30", "reportedCurrency": "USD", "grossProfit": "986268000", "totalRevenue": "1135671000", "costOfRevenue": "149403000", "costofGoodsAndServicesSold": "149403000", "operatingIncome": "352241000", "sellingGeneralAndAdministrative": "348648000", "researchAndDevelopment": "0", "operatingExpenses": "634027000", "investmentIncomeNet": "None", "netInterestIncome": "None", "interestIncome": "None", "interestExpense": "89403000", "nonInterestIncome": "None", "otherNonOperatingIncome": "None", "depreciation": "None", "depreciationAndAmortization": "50944000", "incomeBeforeTax": "352241000", "incomeTaxExpense": "118861000", "interestAndDebtExpense": "None", "netIncomeFromContinuingOperations": "0", "comprehensiveIncomeNetOfTax": "None", "ebit": "352241000", "ebitda": "403185000", "netIncome": "233380000"}, {"fiscalDateEnding": "2012-03-31", "reportedCurrency": "USD", "grossProfit": "952864000", "totalRevenue": "1095570000", "costOfRevenue": "142706000", "costofGoodsAndServicesSold": "142706000", "operatingIncome": "308417000", "sellingGeneralAndAdministrative": "375047000", "researchAndDevelopment": "0", "operatingExpenses": "644447000", "investmentIncomeNet": "None", "netInterestIncome": "None", "interestIncome": "None", "interestExpense": "93706000", "nonInterestIncome": "None", "otherNonOperatingIncome": "None", "depreciation": "None", "depreciationAndAmortization": "52272000", "incomeBeforeTax": "308417000", "incomeTaxExpense": "101954000", "interestAndDebtExpense": "None", "netIncomeFromContinuingOperations": "0", "comprehensiveIncomeNetOfTax": "None", "ebit": "308417000", "ebitda": "360689000", "netIncome": "206463000"}, {"fiscalDateEnding": "2011-12-31", "reportedCurrency": "USD", "grossProfit": "895691000", "totalRevenue": "1067660000", "costOfRevenue": "171969000", "costofGoodsAndServicesSold": "171969000", "operatingIncome": "202902000", "sellingGeneralAndAdministrative": "310836000", "researchAndDevelopment": "0", "operatingExpenses": "692789000", "investmentIncomeNet": "None", "netInterestIncome": "None", "interestIncome": "None", "interestExpense": "97969000", "nonInterestIncome": "None", "otherNonOperatingIncome": "None", "depreciation": "None", "depreciationAndAmortization": "53210000", "incomeBeforeTax": "202902000", "incomeTaxExpense": "55162000", "interestAndDebtExpense": "None", "netIncomeFromContinuingOperations": "0", "comprehensiveIncomeNetOfTax": "None", "ebit": "202902000", "ebitda": "256112000", "netIncome": "147740000"}, {"fiscalDateEnding": "2011-09-30", "reportedCurrency": "USD", "grossProfit": "943654000", "totalRevenue": "1105286000", "costOfRevenue": "161632000", "costofGoodsAndServicesSold": "161632000", "operatingIncome": "265082000", "sellingGeneralAndAdministrative": "362491000", "researchAndDevelopment": "0", "operatingExpenses": "678572000", "investmentIncomeNet": "None", "netInterestIncome": "None", "interestIncome": "None", "interestExpense": "103632000", "nonInterestIncome": "None", "otherNonOperatingIncome": "None", "depreciation": "None", "depreciationAndAmortization": "52404000", "incomeBeforeTax": "265082000", "incomeTaxExpense": "81974000", "interestAndDebtExpense": "None", "netIncomeFromContinuingOperations": "183108000", "comprehensiveIncomeNetOfTax": "None", "ebit": "265082000", "ebitda": "317486000", "netIncome": "183108000"}, {"fiscalDateEnding": "2011-06-30", "reportedCurrency": "USD", "grossProfit": "1030081000", "totalRevenue": "1195132000", "costOfRevenue": "165051000", "costofGoodsAndServicesSold": "165051000", "operatingIncome": "447963000", "sellingGeneralAndAdministrative": "336510000", "researchAndDevelopment": "0", "operatingExpenses": "582118000", "investmentIncomeNet": "None", "netInterestIncome": "None", "interestIncome": "None", "interestExpense": "102051000", "nonInterestIncome": "None", "otherNonOperatingIncome": "None", "depreciation": "None", "depreciationAndAmortization": "48396000", "incomeBeforeTax": "447963000", "incomeTaxExpense": "125605000", "interestAndDebtExpense": "None", "netIncomeFromContinuingOperations": "322358000", "comprehensiveIncomeNetOfTax": "None", "ebit": "447963000", "ebitda": "496359000", "netIncome": "322358000"}, {"fiscalDateEnding": "2011-03-31", "reportedCurrency": "USD", "grossProfit": "814902000", "totalRevenue": "988581000", "costOfRevenue": "173679000", "costofGoodsAndServicesSold": "173679000", "operatingIncome": "308653000", "sellingGeneralAndAdministrative": "294386000", "researchAndDevelopment": "0", "operatingExpenses": "506249000", "investmentIncomeNet": "None", "netInterestIncome": "None", "interestIncome": "None", "interestExpense": "98679000", "nonInterestIncome": "None", "otherNonOperatingIncome": "None", "depreciation": "None", "depreciationAndAmortization": "43770000", "incomeBeforeTax": "308653000", "incomeTaxExpense": "102380000", "interestAndDebtExpense": "None", "netIncomeFromContinuingOperations": "206273000", "comprehensiveIncomeNetOfTax": "None", "ebit": "308653000", "ebitda": "352423000", "netIncome": "206273000"}, {"fiscalDateEnding": "2010-12-31", "reportedCurrency": "USD", "grossProfit": "716398000", "totalRevenue": "910026000", "costOfRevenue": "193628000", "costofGoodsAndServicesSold": "193628000", "operatingIncome": "306761000", "sellingGeneralAndAdministrative": "236330000", "researchAndDevelopment": "0", "operatingExpenses": "409637000", "investmentIncomeNet": "None", "netInterestIncome": "None", "interestIncome": "None", "interestExpense": "108628000", "nonInterestIncome": "None", "otherNonOperatingIncome": "None", "depreciation": "None", "depreciationAndAmortization": "43395000", "incomeBeforeTax": "306761000", "incomeTaxExpense": "102319000", "interestAndDebtExpense": "None", "netIncomeFromContinuingOperations": "0", "comprehensiveIncomeNetOfTax": "None", "ebit": "306761000", "ebitda": "350156000", "netIncome": "204442000"}, {"fiscalDateEnding": "2010-09-30", "reportedCurrency": "USD", "grossProfit": "782759000", "totalRevenue": "991791000", "costOfRevenue": "209032000", "costofGoodsAndServicesSold": "209032000", "operatingIncome": "286634000", "sellingGeneralAndAdministrative": "272248000", "researchAndDevelopment": "0", "operatingExpenses": "496125000", "investmentIncomeNet": "None", "netInterestIncome": "None", "interestIncome": "None", "interestExpense": "116032000", "nonInterestIncome": "None", "otherNonOperatingIncome": "None", "depreciation": "None", "depreciationAndAmortization": "44706000", "incomeBeforeTax": "286634000", "incomeTaxExpense": "94619000", "interestAndDebtExpense": "None", "netIncomeFromContinuingOperations": "0", "comprehensiveIncomeNetOfTax": "None", "ebit": "286634000", "ebitda": "331340000", "netIncome": "192015000"}, {"fiscalDateEnding": "2010-06-30", "reportedCurrency": "USD", "grossProfit": "784343000", "totalRevenue": "986900000", "costOfRevenue": "202557000", "costofGoodsAndServicesSold": "202557000", "operatingIncome": "279716000", "sellingGeneralAndAdministrative": "276018000", "researchAndDevelopment": "0", "operatingExpenses": "504627000", "investmentIncomeNet": "None", "netInterestIncome": "None", "interestIncome": "None", "interestExpense": "117557000", "nonInterestIncome": "None", "otherNonOperatingIncome": "None", "depreciation": "None", "depreciationAndAmortization": "45934000", "incomeBeforeTax": "279716000", "incomeTaxExpense": "90967000", "interestAndDebtExpense": "None", "netIncomeFromContinuingOperations": "0", "comprehensiveIncomeNetOfTax": "None", "ebit": "279716000", "ebitda": "325650000", "netIncome": "188749000"}, {"fiscalDateEnding": "2010-03-31", "reportedCurrency": "USD", "grossProfit": "714754000", "totalRevenue": "939806000", "costOfRevenue": "225052000", "costofGoodsAndServicesSold": "225052000", "operatingIncome": "219678000", "sellingGeneralAndAdministrative": "294437000", "researchAndDevelopment": "0", "operatingExpenses": "495076000", "investmentIncomeNet": "None", "netInterestIncome": "None", "interestIncome": "None", "interestExpense": "120052000", "nonInterestIncome": "None", "otherNonOperatingIncome": "None", "depreciation": "None", "depreciationAndAmortization": "48327000", "incomeBeforeTax": "219678000", "incomeTaxExpense": "68723000", "interestAndDebtExpense": "None", "netIncomeFromContinuingOperations": "0", "comprehensiveIncomeNetOfTax": "None", "ebit": "219678000", "ebitda": "268005000", "netIncome": "150955000"}, {"fiscalDateEnding": "2009-12-31", "reportedCurrency": "USD", "grossProfit": "487507000", "totalRevenue": "766457000", "costOfRevenue": "278950000", "costofGoodsAndServicesSold": "278950000", "operatingIncome": "201158000", "sellingGeneralAndAdministrative": "238104000", "researchAndDevelopment": "0", "operatingExpenses": "286349000", "investmentIncomeNet": "None", "netInterestIncome": "None", "interestIncome": "None", "interestExpense": "133950000", "nonInterestIncome": "None", "otherNonOperatingIncome": "None", "depreciation": "None", "depreciationAndAmortization": "53349000", "incomeBeforeTax": "201158000", "incomeTaxExpense": "64340000", "interestAndDebtExpense": "None", "netIncomeFromContinuingOperations": "0", "comprehensiveIncomeNetOfTax": "None", "ebit": "201158000", "ebitda": "254507000", "netIncome": "170829000"}, {"fiscalDateEnding": "2009-09-30", "reportedCurrency": "USD", "grossProfit": "747025000", "totalRevenue": "1053963000", "costOfRevenue": "306938000", "costofGoodsAndServicesSold": "306938000", "operatingIncome": "171825000", "sellingGeneralAndAdministrative": "284802000", "researchAndDevelopment": "0", "operatingExpenses": "575200000", "investmentIncomeNet": "None", "netInterestIncome": "None", "interestIncome": "None", "interestExpense": "152938000", "nonInterestIncome": "None", "otherNonOperatingIncome": "None", "depreciation": "None", "depreciationAndAmortization": "48618000", "incomeBeforeTax": "171825000", "incomeTaxExpense": "44161000", "interestAndDebtExpense": "None", "netIncomeFromContinuingOperations": "0", "comprehensiveIncomeNetOfTax": "None", "ebit": "171825000", "ebitda": "220443000", "netIncome": "127664000"}, {"fiscalDateEnding": "2009-06-30", "reportedCurrency": "USD", "grossProfit": "626423000", "totalRevenue": "949279000", "costOfRevenue": "322856000", "costofGoodsAndServicesSold": "322856000", "operatingIncome": "62506000", "sellingGeneralAndAdministrative": "11554000", "researchAndDevelopment": "0", "operatingExpenses": "563917000", "investmentIncomeNet": "None", "netInterestIncome": "None", "interestIncome": "None", "interestExpense": "175856000", "nonInterestIncome": "None", "otherNonOperatingIncome": "None", "depreciation": "None", "depreciationAndAmortization": "44592000", "incomeBeforeTax": "62506000", "incomeTaxExpense": "11318000", "interestAndDebtExpense": "None", "netIncomeFromContinuingOperations": "0", "comprehensiveIncomeNetOfTax": "None", "ebit": "62506000", "ebitda": "107098000", "netIncome": "51188000"}, {"fiscalDateEnding": "2009-03-31", "reportedCurrency": "USD", "grossProfit": "589100000", "totalRevenue": "953805000", "costOfRevenue": "364705000", "costofGoodsAndServicesSold": "364705000", "operatingIncome": "83802000", "sellingGeneralAndAdministrative": "258487000", "researchAndDevelopment": "0", "operatingExpenses": "505298000", "investmentIncomeNet": "None", "netInterestIncome": "None", "interestIncome": "None", "interestExpense": "206705000", "nonInterestIncome": "None", "otherNonOperatingIncome": "None", "depreciation": "None", "depreciationAndAmortization": "44362000", "incomeBeforeTax": "83802000", "incomeTaxExpense": "19581000", "interestAndDebtExpense": "None", "netIncomeFromContinuingOperations": "0", "comprehensiveIncomeNetOfTax": "None", "ebit": "83802000", "ebitda": "128164000", "netIncome": "64221000"}, {"fiscalDateEnding": "2008-12-31", "reportedCurrency": "USD", "grossProfit": "613945000", "totalRevenue": "1053371000", "costOfRevenue": "439426000", "costofGoodsAndServicesSold": "439426000", "operatingIncome": "129673000", "sellingGeneralAndAdministrative": "232410000", "researchAndDevelopment": "0", "operatingExpenses": "484272000", "investmentIncomeNet": "None", "netInterestIncome": "None", "interestIncome": "None", "interestExpense": "288426000", "nonInterestIncome": "None", "otherNonOperatingIncome": "None", "depreciation": "None", "depreciationAndAmortization": "45612000", "incomeBeforeTax": "129673000", "incomeTaxExpense": "27432000", "interestAndDebtExpense": "None", "netIncomeFromContinuingOperations": "0", "comprehensiveIncomeNetOfTax": "None", "ebit": "129673000", "ebitda": "175285000", "netIncome": "102241000"}, {"fiscalDateEnding": "2008-09-30", "reportedCurrency": "USD", "grossProfit": "500956000", "totalRevenue": "915071000", "costOfRevenue": "414115000", "costofGoodsAndServicesSold": "414115000", "operatingIncome": "66193000", "sellingGeneralAndAdministrative": "236678000", "researchAndDevelopment": "0", "operatingExpenses": "434763000", "investmentIncomeNet": "None", "netInterestIncome": "None", "interestIncome": "None", "interestExpense": "313115000", "nonInterestIncome": "None", "otherNonOperatingIncome": "None", "depreciation": "None", "depreciationAndAmortization": "46141000", "incomeBeforeTax": "66193000", "incomeTaxExpense": "-24992000", "interestAndDebtExpense": "None", "netIncomeFromContinuingOperations": "0", "comprehensiveIncomeNetOfTax": "None", "ebit": "66193000", "ebitda": "112334000", "netIncome": "91185000"}, {"fiscalDateEnding": "2008-06-30", "reportedCurrency": "USD", "grossProfit": "657814000", "totalRevenue": "1088756000", "costOfRevenue": "430942000", "costofGoodsAndServicesSold": "430942000", "operatingIncome": "238104000", "sellingGeneralAndAdministrative": "236127000", "researchAndDevelopment": "0", "operatingExpenses": "419710000", "investmentIncomeNet": "None", "netInterestIncome": "None", "interestIncome": "None", "interestExpense": "330942000", "nonInterestIncome": "None", "otherNonOperatingIncome": "None", "depreciation": "None", "depreciationAndAmortization": "45935000", "incomeBeforeTax": "238104000", "incomeTaxExpense": "77839000", "interestAndDebtExpense": "None", "netIncomeFromContinuingOperations": "0", "comprehensiveIncomeNetOfTax": "None", "ebit": "238104000", "ebitda": "284039000", "netIncome": "160265000"}, {"fiscalDateEnding": "2008-03-31", "reportedCurrency": "USD", "grossProfit": "732773000", "totalRevenue": "1198085000", "costOfRevenue": "465312000", "costofGoodsAndServicesSold": "465312000", "operatingIncome": "305809000", "sellingGeneralAndAdministrative": "263306000", "researchAndDevelopment": "0", "operatingExpenses": "426964000", "investmentIncomeNet": "None", "netInterestIncome": "None", "interestIncome": "None", "interestExpense": "405312000", "nonInterestIncome": "None", "otherNonOperatingIncome": "None", "depreciation": "None", "depreciationAndAmortization": "48102000", "incomeBeforeTax": "305809000", "incomeTaxExpense": "103613000", "interestAndDebtExpense": "None", "netIncomeFromContinuingOperations": "0", "comprehensiveIncomeNetOfTax": "None", "ebit": "305809000", "ebitda": "353911000", "netIncome": "202196000"}, {"fiscalDateEnding": "2007-12-31", "reportedCurrency": "USD", "grossProfit": "520765000", "totalRevenue": "1064129000", "costOfRevenue": "543364000", "costofGoodsAndServicesSold": "543364000", "operatingIncome": "84227000", "sellingGeneralAndAdministrative": "226111000", "researchAndDevelopment": "0", "operatingExpenses": "436538000", "investmentIncomeNet": "None", "netInterestIncome": "None", "interestIncome": "None", "interestExpense": "442364000", "nonInterestIncome": "None", "otherNonOperatingIncome": "None", "depreciation": "None", "depreciationAndAmortization": "43860000", "incomeBeforeTax": "84227000", "incomeTaxExpense": "19297000", "interestAndDebtExpense": "None", "netIncomeFromContinuingOperations": "0", "comprehensiveIncomeNetOfTax": "None", "ebit": "84227000", "ebitda": "128087000", "netIncome": "64930000"}, {"fiscalDateEnding": "2007-09-30", "reportedCurrency": "USD", "grossProfit": "686587000", "totalRevenue": "1145913000", "costOfRevenue": "459326000", "costofGoodsAndServicesSold": "459326000", "operatingIncome": "296059000", "sellingGeneralAndAdministrative": "220750000", "researchAndDevelopment": "0", "operatingExpenses": "390528000", "investmentIncomeNet": "None", "netInterestIncome": "None", "interestIncome": "None", "interestExpense": "425326000", "nonInterestIncome": "None", "otherNonOperatingIncome": "None", "depreciation": "None", "depreciationAndAmortization": "43710000", "incomeBeforeTax": "296059000", "incomeTaxExpense": "96872000", "interestAndDebtExpense": "None", "netIncomeFromContinuingOperations": "0", "comprehensiveIncomeNetOfTax": "None", "ebit": "296059000", "ebitda": "339769000", "netIncome": "199187000"}, {"fiscalDateEnding": "2007-06-30", "reportedCurrency": "USD", "grossProfit": "715029000", "totalRevenue": "1161293000", "costOfRevenue": "446264000", "costofGoodsAndServicesSold": "446264000", "operatingIncome": "322378000", "sellingGeneralAndAdministrative": "224700000", "researchAndDevelopment": "0", "operatingExpenses": "392651000", "investmentIncomeNet": "None", "netInterestIncome": "None", "interestIncome": "None", "interestExpense": "416264000", "nonInterestIncome": "None", "otherNonOperatingIncome": "None", "depreciation": "None", "depreciationAndAmortization": "44063000", "incomeBeforeTax": "322378000", "incomeTaxExpense": "108209000", "interestAndDebtExpense": "None", "netIncomeFromContinuingOperations": "0", "comprehensiveIncomeNetOfTax": "None", "ebit": "322378000", "ebitda": "366441000", "netIncome": "214169000"}, {"fiscalDateEnding": "2007-03-31", "reportedCurrency": "USD", "grossProfit": "659910000", "totalRevenue": "1097532000", "costOfRevenue": "437622000", "costofGoodsAndServicesSold": "437622000", "operatingIncome": "260873000", "sellingGeneralAndAdministrative": "236754000", "researchAndDevelopment": "0", "operatingExpenses": "399037000", "investmentIncomeNet": "None", "netInterestIncome": "None", "interestIncome": "None", "interestExpense": "410622000", "nonInterestIncome": "None", "otherNonOperatingIncome": "None", "depreciation": "None", "depreciationAndAmortization": "46526000", "incomeBeforeTax": "260873000", "incomeTaxExpense": "84900000", "interestAndDebtExpense": "None", "netIncomeFromContinuingOperations": "0", "comprehensiveIncomeNetOfTax": "None", "ebit": "260873000", "ebitda": "307399000", "netIncome": "175973000"}, {"fiscalDateEnding": "2006-12-31", "reportedCurrency": "USD", "grossProfit": "695135000", "totalRevenue": "1127491000", "costOfRevenue": "432356000", "costofGoodsAndServicesSold": "432356000", "operatingIncome": "311325000", "sellingGeneralAndAdministrative": "213129000", "researchAndDevelopment": "0", "operatingExpenses": "383810000", "investmentIncomeNet": "None", "netInterestIncome": "None", "interestIncome": "None", "interestExpense": "404356000", "nonInterestIncome": "None", "otherNonOperatingIncome": "None", "depreciation": "None", "depreciationAndAmortization": "46748000", "incomeBeforeTax": "311325000", "incomeTaxExpense": "97996000", "interestAndDebtExpense": "None", "netIncomeFromContinuingOperations": "0", "comprehensiveIncomeNetOfTax": "None", "ebit": "311325000", "ebitda": "358073000", "netIncome": "213329000"}, {"fiscalDateEnding": "2006-09-30", "reportedCurrency": "USD", "grossProfit": "714086000", "totalRevenue": "1126738000", "costOfRevenue": "412652000", "costofGoodsAndServicesSold": "412652000", "operatingIncome": "305145000", "sellingGeneralAndAdministrative": "218980000", "researchAndDevelopment": "0", "operatingExpenses": "408941000", "investmentIncomeNet": "None", "netInterestIncome": "None", "interestIncome": "None", "interestExpense": "395652000", "nonInterestIncome": "None", "otherNonOperatingIncome": "None", "depreciation": "None", "depreciationAndAmortization": "47599000", "incomeBeforeTax": "305145000", "incomeTaxExpense": "94775000", "interestAndDebtExpense": "None", "netIncomeFromContinuingOperations": "0", "comprehensiveIncomeNetOfTax": "None", "ebit": "305145000", "ebitda": "352744000", "netIncome": "210370000"}, {"fiscalDateEnding": "2006-06-30", "reportedCurrency": "USD", "grossProfit": "692215000", "totalRevenue": "1075513000", "costOfRevenue": "383298000", "costofGoodsAndServicesSold": "383298000", "operatingIncome": "315218000", "sellingGeneralAndAdministrative": "217162000", "researchAndDevelopment": "0", "operatingExpenses": "376997000", "investmentIncomeNet": "None", "netInterestIncome": "None", "interestIncome": "None", "interestExpense": "366298000", "nonInterestIncome": "None", "otherNonOperatingIncome": "None", "depreciation": "None", "depreciationAndAmortization": "39330000", "incomeBeforeTax": "315218000", "incomeTaxExpense": "102645000", "interestAndDebtExpense": "None", "netIncomeFromContinuingOperations": "0", "comprehensiveIncomeNetOfTax": "None", "ebit": "315218000", "ebitda": "354548000", "netIncome": "212573000"}, {"fiscalDateEnding": "2006-03-31", "reportedCurrency": "USD", "grossProfit": "681957000", "totalRevenue": "1030203000", "costOfRevenue": "348246000", "costofGoodsAndServicesSold": "348246000", "operatingIncome": "299954000", "sellingGeneralAndAdministrative": "224082000", "researchAndDevelopment": "0", "operatingExpenses": "382003000", "investmentIncomeNet": "None", "netInterestIncome": "None", "interestIncome": "None", "interestExpense": "330246000", "nonInterestIncome": "None", "otherNonOperatingIncome": "None", "depreciation": "None", "depreciationAndAmortization": "42254000", "incomeBeforeTax": "299954000", "incomeTaxExpense": "97037000", "interestAndDebtExpense": "None", "netIncomeFromContinuingOperations": "0", "comprehensiveIncomeNetOfTax": "None", "ebit": "299954000", "ebitda": "342208000", "netIncome": "202917000"}, {"fiscalDateEnding": "2005-12-31", "reportedCurrency": "USD", "grossProfit": "675212000", "totalRevenue": "1001705000", "costOfRevenue": "326493000", "costofGoodsAndServicesSold": "326493000", "operatingIncome": "306098000", "sellingGeneralAndAdministrative": "203317000", "researchAndDevelopment": "0", "operatingExpenses": "369114000", "investmentIncomeNet": "None", "netInterestIncome": "None", "interestIncome": "None", "interestExpense": "303493000", "nonInterestIncome": "None", "otherNonOperatingIncome": "None", "depreciation": "None", "depreciationAndAmortization": "41729000", "incomeBeforeTax": "306098000", "incomeTaxExpense": "101113000", "interestAndDebtExpense": "None", "netIncomeFromContinuingOperations": "0", "comprehensiveIncomeNetOfTax": "None", "ebit": "306098000", "ebitda": "347827000", "netIncome": "204985000"}]}