{"symbol": "PLD", "annualReports": [{"fiscalDateEnding": "2025-12-31", "reportedCurrency": "USD", "grossProfit": "5238724000", "totalRevenue": "8790127000", "costOfRevenue": "3551403000", "costofGoodsAndServicesSold": "3551403000", "operatingIncome": "3536073000", "sellingGeneralAndAdministrative": "477838000", "researchAndDevelopment": "None", "operatingExpenses": "1702651000", "investmentIncomeNet": "None", "netInterestIncome": "None", "interestIncome": "585050000", "interestExpense": "1002593000", "nonInterestIncome": "None", "otherNonOperatingIncome": "None", "depreciation": "None", "depreciationAndAmortization": "2626028000", "incomeBeforeTax": "3769316000", "incomeTaxExpense": "204017000", "interestAndDebtExpense": "None", "netIncomeFromContinuingOperations": "None", "comprehensiveIncomeNetOfTax": "None", "ebit": "4573025000", "ebitda": "7199053000", "netIncome": "3410663000"}, {"fiscalDateEnding": "2024-12-31", "reportedCurrency": "USD", "grossProfit": "6144369000", "totalRevenue": "8201610000", "costOfRevenue": "2057241000", "costofGoodsAndServicesSold": "2057241000", "operatingIncome": "4415920000", "sellingGeneralAndAdministrative": "418765000", "researchAndDevelopment": "None", "operatingExpenses": "1728449000", "investmentIncomeNet": "None", "netInterestIncome": "-863932000", "interestIncome": "301578000", "interestExpense": "837296000", "nonInterestIncome": "None", "otherNonOperatingIncome": "None", "depreciation": "None", "depreciationAndAmortization": "2580519000", "incomeBeforeTax": "4114878000", "incomeTaxExpense": "166943000", "interestAndDebtExpense": "None", "netIncomeFromContinuingOperations": "3947935000", "comprehensiveIncomeNetOfTax": "None", "ebit": "4952174000", "ebitda": "7532693000", "netIncome": "3731635000"}, {"fiscalDateEnding": "2023-12-31", "reportedCurrency": "USD", "grossProfit": "6013134000", "totalRevenue": "8023469000", "costOfRevenue": "2010335000", "costofGoodsAndServicesSold": "2010335000", "operatingIncome": "3707792000", "sellingGeneralAndAdministrative": "390406000", "researchAndDevelopment": "0.43", "operatingExpenses": "2305342000", "investmentIncomeNet": "None", "netInterestIncome": "-641332000", "interestIncome": "246884000", "interestExpense": "618723000", "nonInterestIncome": "None", "otherNonOperatingIncome": "None", "depreciation": "None", "depreciationAndAmortization": "2484891000", "incomeBeforeTax": "3464183000", "incomeTaxExpense": "211038000", "interestAndDebtExpense": "None", "netIncomeFromContinuingOperations": "3253145000", "comprehensiveIncomeNetOfTax": "None", "ebit": "4082906000", "ebitda": "6567797000", "netIncome": "3059214000"}, {"fiscalDateEnding": "2022-12-31", "reportedCurrency": "USD", "grossProfit": "4464598000", "totalRevenue": "5973692000", "costOfRevenue": "1509094000", "costofGoodsAndServicesSold": "1509094000", "operatingIncome": "3467538000", "sellingGeneralAndAdministrative": "331083000", "researchAndDevelopment": "0.62", "operatingExpenses": "997060000", "investmentIncomeNet": "None", "netInterestIncome": "-309037000", "interestIncome": "243456000", "interestExpense": "309037000", "nonInterestIncome": "None", "otherNonOperatingIncome": "532309000", "depreciation": "None", "depreciationAndAmortization": "1812777000", "incomeBeforeTax": "3690810000", "incomeTaxExpense": "135412000", "interestAndDebtExpense": "None", "netIncomeFromContinuingOperations": "3555398000", "comprehensiveIncomeNetOfTax": "None", "ebit": "3982713000", "ebitda": "5795490000", "netIncome": "3364856000"}, {"fiscalDateEnding": "2021-12-31", "reportedCurrency": "USD", "grossProfit": "3510953000", "totalRevenue": "4759440000", "costOfRevenue": "1248487000", "costofGoodsAndServicesSold": "1248487000", "operatingIncome": "3206996000", "sellingGeneralAndAdministrative": "293167000", "researchAndDevelopment": "0.70", "operatingExpenses": "303957000", "investmentIncomeNet": "None", "netInterestIncome": "-265357000", "interestIncome": "303305000", "interestExpense": "266228000", "nonInterestIncome": "None", "otherNonOperatingIncome": "382080000", "depreciation": "None", "depreciationAndAmortization": "1577942000", "incomeBeforeTax": "3322848000", "incomeTaxExpense": "174258000", "interestAndDebtExpense": "None", "netIncomeFromContinuingOperations": "3148590000", "comprehensiveIncomeNetOfTax": "None", "ebit": "3572942000", "ebitda": "5150884000", "netIncome": "2939723000"}, {"fiscalDateEnding": "2020-12-31", "reportedCurrency": "USD", "grossProfit": "3268631000", "totalRevenue": "4438735000", "costOfRevenue": "1170104000", "costofGoodsAndServicesSold": "1170104000", "operatingIncome": "2118944000", "sellingGeneralAndAdministrative": "274845000", "researchAndDevelopment": "0.39", "operatingExpenses": "1149687000", "investmentIncomeNet": "None", "netInterestIncome": "-313463000", "interestIncome": "183566000", "interestExpense": "313463000", "nonInterestIncome": "None", "otherNonOperatingIncome": "-57349000", "depreciation": "None", "depreciationAndAmortization": "1561969000", "incomeBeforeTax": "1747088000", "incomeTaxExpense": "130458000", "interestAndDebtExpense": "None", "netIncomeFromContinuingOperations": "1616630000", "comprehensiveIncomeNetOfTax": "None", "ebit": "2046995000", "ebitda": "3608964000", "netIncome": "1481814000"}, {"fiscalDateEnding": "2019-12-31", "reportedCurrency": "USD", "grossProfit": "2411694000", "totalRevenue": "3330621000", "costOfRevenue": "918927000", "costofGoodsAndServicesSold": "918927000", "operatingIncome": "1849766000", "sellingGeneralAndAdministrative": "266718000", "researchAndDevelopment": "0.53", "operatingExpenses": "561928000", "investmentIncomeNet": "None", "netInterestIncome": "-215740000", "interestIncome": "24213000", "interestExpense": "226660000", "nonInterestIncome": "None", "otherNonOperatingIncome": "166550000", "depreciation": "None", "depreciationAndAmortization": "1139879000", "incomeBeforeTax": "1776363000", "incomeTaxExpense": "74517000", "interestAndDebtExpense": "None", "netIncomeFromContinuingOperations": "1701846000", "comprehensiveIncomeNetOfTax": "None", "ebit": "2003023000", "ebitda": "3142902000", "netIncome": "1572959000"}, {"fiscalDateEnding": "2018-12-31", "reportedCurrency": "USD", "grossProfit": "2046761000", "totalRevenue": "2804449000", "costOfRevenue": "757688000", "costofGoodsAndServicesSold": "757688000", "operatingIncome": "1687998000", "sellingGeneralAndAdministrative": "238985000", "researchAndDevelopment": "0.67", "operatingExpenses": "358763000", "investmentIncomeNet": "None", "netInterestIncome": "-214478000", "interestIncome": "14663000", "interestExpense": "215898000", "nonInterestIncome": "None", "otherNonOperatingIncome": "1268429000", "depreciation": "None", "depreciationAndAmortization": "947214000", "incomeBeforeTax": "1886290000", "incomeTaxExpense": "63330000", "interestAndDebtExpense": "None", "netIncomeFromContinuingOperations": "1822960000", "comprehensiveIncomeNetOfTax": "None", "ebit": "2102188000", "ebitda": "3049402000", "netIncome": "1649361000"}, {"fiscalDateEnding": "2017-12-31", "reportedCurrency": "USD", "grossProfit": "1893470000", "totalRevenue": "2618134000", "costOfRevenue": "724664000", "costofGoodsAndServicesSold": "724664000", "operatingIncome": "1954031000", "sellingGeneralAndAdministrative": "231059000", "researchAndDevelopment": "0.69", "operatingExpenses": "-60561000", "investmentIncomeNet": "None", "netInterestIncome": "-260755000", "interestIncome": "13731000", "interestExpense": "260007000", "nonInterestIncome": "None", "otherNonOperatingIncome": "1318988000", "depreciation": "None", "depreciationAndAmortization": "879140000", "incomeBeforeTax": "1815568000", "incomeTaxExpense": "54609000", "interestAndDebtExpense": "None", "netIncomeFromContinuingOperations": "1760959000", "comprehensiveIncomeNetOfTax": "None", "ebit": "2075575000", "ebitda": "2954715000", "netIncome": "1652325000"}, {"fiscalDateEnding": "2016-12-31", "reportedCurrency": "USD", "grossProfit": "1835759000", "totalRevenue": "2533135000", "costOfRevenue": "697376000", "costofGoodsAndServicesSold": "697376000", "operatingIncome": "668378000", "sellingGeneralAndAdministrative": "222067000", "researchAndDevelopment": "0.53", "operatingExpenses": "1167381000", "investmentIncomeNet": "None", "netInterestIncome": "-295045000", "interestIncome": "8101000", "interestExpense": "287687000", "nonInterestIncome": "None", "otherNonOperatingIncome": "981872000", "depreciation": "None", "depreciationAndAmortization": "930985000", "incomeBeforeTax": "1347104000", "incomeTaxExpense": "54564000", "interestAndDebtExpense": "None", "netIncomeFromContinuingOperations": "1292540000", "comprehensiveIncomeNetOfTax": "None", "ebit": "1634791000", "ebitda": "2565776000", "netIncome": "1209932000"}, {"fiscalDateEnding": "2015-12-31", "reportedCurrency": "USD", "grossProfit": "1544470000", "totalRevenue": "2197074000", "costOfRevenue": "652604000", "costofGoodsAndServicesSold": "652604000", "operatingIncome": "380172000", "sellingGeneralAndAdministrative": "217227000", "researchAndDevelopment": "0", "operatingExpenses": "1164298000", "investmentIncomeNet": "None", "netInterestIncome": "None", "interestIncome": "104151000", "interestExpense": "287951000", "nonInterestIncome": "None", "otherNonOperatingIncome": "869796000", "depreciation": "None", "depreciationAndAmortization": "880373000", "incomeBeforeTax": "948605000", "incomeTaxExpense": "23090000", "interestAndDebtExpense": "None", "netIncomeFromContinuingOperations": "925515000", "comprehensiveIncomeNetOfTax": "None", "ebit": "1236556000", "ebitda": "2116929000", "netIncome": "869439000"}, {"fiscalDateEnding": "2014-12-31", "reportedCurrency": "USD", "grossProfit": "1215068000", "totalRevenue": "1760787000", "costOfRevenue": "545719000", "costofGoodsAndServicesSold": "545719000", "operatingIncome": "319808000", "sellingGeneralAndAdministrative": "229332000", "researchAndDevelopment": "0", "operatingExpenses": "895260000", "investmentIncomeNet": "None", "netInterestIncome": "None", "interestIncome": "None", "interestExpense": "294769000", "nonInterestIncome": "None", "otherNonOperatingIncome": "702705000", "depreciation": "None", "depreciationAndAmortization": "642461000", "incomeBeforeTax": "713628000", "incomeTaxExpense": "-25656000", "interestAndDebtExpense": "None", "netIncomeFromContinuingOperations": "739284000", "comprehensiveIncomeNetOfTax": "None", "ebit": "1008397000", "ebitda": "1650858000", "netIncome": "636183000"}, {"fiscalDateEnding": "2013-12-31", "reportedCurrency": "USD", "grossProfit": "1209269000", "totalRevenue": "1750486000", "costOfRevenue": "541217000", "costofGoodsAndServicesSold": "541217000", "operatingIncome": "304412000", "sellingGeneralAndAdministrative": "229207000", "researchAndDevelopment": "0", "operatingExpenses": "904857000", "investmentIncomeNet": "None", "netInterestIncome": "None", "interestIncome": "None", "interestExpense": "364953000", "nonInterestIncome": "None", "otherNonOperatingIncome": "411177000", "depreciation": "None", "depreciationAndAmortization": "664007000", "incomeBeforeTax": "336262000", "incomeTaxExpense": "106733000", "interestAndDebtExpense": "None", "netIncomeFromContinuingOperations": "229529000", "comprehensiveIncomeNetOfTax": "None", "ebit": "701215000", "ebitda": "1365222000", "netIncome": "342921000"}, {"fiscalDateEnding": "2012-12-31", "reportedCurrency": "USD", "grossProfit": "1405459000", "totalRevenue": "2005961000", "costOfRevenue": "555059000", "costofGoodsAndServicesSold": "555059000", "operatingIncome": "92983000", "sellingGeneralAndAdministrative": "228068000", "researchAndDevelopment": "0", "operatingExpenses": "1312476000", "investmentIncomeNet": "None", "netInterestIncome": "None", "interestIncome": "None", "interestExpense": "488434000", "nonInterestIncome": "None", "otherNonOperatingIncome": "309415000", "depreciation": "None", "depreciationAndAmortization": "767459000", "incomeBeforeTax": "-89622000", "incomeTaxExpense": "3580000", "interestAndDebtExpense": "None", "netIncomeFromContinuingOperations": "-93202000", "comprehensiveIncomeNetOfTax": "None", "ebit": "385617000", "ebitda": "1153076000", "netIncome": "-39720000"}, {"fiscalDateEnding": "2011-12-31", "reportedCurrency": "USD", "grossProfit": "1018121000", "totalRevenue": "1533291000", "costOfRevenue": "403650000", "costofGoodsAndServicesSold": "403650000", "operatingIncome": "94778000", "sellingGeneralAndAdministrative": "195161000", "researchAndDevelopment": "0", "operatingExpenses": "923343000", "investmentIncomeNet": "None", "netInterestIncome": "None", "interestIncome": "None", "interestExpense": "446095000", "nonInterestIncome": "None", "otherNonOperatingIncome": "98625000", "depreciation": "None", "depreciationAndAmortization": "603884000", "incomeBeforeTax": "-242683000", "incomeTaxExpense": "1776000", "interestAndDebtExpense": "None", "netIncomeFromContinuingOperations": "-244459000", "comprehensiveIncomeNetOfTax": "None", "ebit": "172927000", "ebitda": "776811000", "netIncome": "-153414000"}, {"fiscalDateEnding": "2010-12-31", "reportedCurrency": "USD", "grossProfit": "600294000", "totalRevenue": "633500000", "costOfRevenue": "239858000", "costofGoodsAndServicesSold": "239858000", "operatingIncome": "-613521000", "sellingGeneralAndAdministrative": "165981000", "researchAndDevelopment": "0", "operatingExpenses": "1213815000", "investmentIncomeNet": "None", "netInterestIncome": "None", "interestIncome": "None", "interestExpense": "428764000", "nonInterestIncome": "None", "otherNonOperatingIncome": "None", "depreciation": "None", "depreciationAndAmortization": "356694000", "incomeBeforeTax": "27119000", "incomeTaxExpense": "-30499000", "interestAndDebtExpense": "None", "netIncomeFromContinuingOperations": "None", "comprehensiveIncomeNetOfTax": "None", "ebit": "-1203222000", "ebitda": "-846528000", "netIncome": "27119000"}, {"fiscalDateEnding": "2009-12-31", "reportedCurrency": "USD", "grossProfit": "435153000", "totalRevenue": "633842000", "costOfRevenue": "183271000", "costofGoodsAndServicesSold": "183271000", "operatingIncome": "134734000", "sellingGeneralAndAdministrative": "116315000", "researchAndDevelopment": "None", "operatingExpenses": "300419000", "investmentIncomeNet": "None", "netInterestIncome": "None", "interestIncome": "None", "interestExpense": "118867000", "nonInterestIncome": "None", "otherNonOperatingIncome": "None", "depreciation": "None", "depreciationAndAmortization": "164803000", "incomeBeforeTax": "-43001000", "incomeTaxExpense": "43001000", "interestAndDebtExpense": "None", "netIncomeFromContinuingOperations": "None", "comprehensiveIncomeNetOfTax": "None", "ebit": "145265000", "ebitda": "310068000", "netIncome": "-34271000"}, {"fiscalDateEnding": "2008-12-31", "reportedCurrency": "USD", "grossProfit": "514193000", "totalRevenue": "715045000", "costOfRevenue": "179370000", "costofGoodsAndServicesSold": "179370000", "operatingIncome": "204445000", "sellingGeneralAndAdministrative": "145060000", "researchAndDevelopment": "None", "operatingExpenses": "309748000", "investmentIncomeNet": "None", "netInterestIncome": "None", "interestIncome": "None", "interestExpense": "133955000", "nonInterestIncome": "None", "otherNonOperatingIncome": "None", "depreciation": "None", "depreciationAndAmortization": "153639000", "incomeBeforeTax": "-49310000", "incomeTaxExpense": "49310000", "interestAndDebtExpense": "None", "netIncomeFromContinuingOperations": "None", "comprehensiveIncomeNetOfTax": "None", "ebit": "214994000", "ebitda": "368633000", "netIncome": "-49862000"}, {"fiscalDateEnding": "2007-12-31", "reportedCurrency": "USD", "grossProfit": "496884000", "totalRevenue": "669671000", "costOfRevenue": "174406000", "costofGoodsAndServicesSold": "174406000", "operatingIncome": "196826000", "sellingGeneralAndAdministrative": "129510000", "researchAndDevelopment": "None", "operatingExpenses": "300058000", "investmentIncomeNet": "None", "netInterestIncome": "None", "interestIncome": "None", "interestExpense": "126968000", "nonInterestIncome": "None", "otherNonOperatingIncome": "None", "depreciation": "None", "depreciationAndAmortization": "149065000", "incomeBeforeTax": "314260000", "incomeTaxExpense": "-314260000", "interestAndDebtExpense": "None", "netIncomeFromContinuingOperations": "None", "comprehensiveIncomeNetOfTax": "None", "ebit": "212121000", "ebitda": "361186000", "netIncome": "314260000"}, {"fiscalDateEnding": "2006-12-31", "reportedCurrency": "USD", "grossProfit": "615175000", "totalRevenue": "729896000", "costOfRevenue": "96146000", "costofGoodsAndServicesSold": "96146000", "operatingIncome": "248268000", "sellingGeneralAndAdministrative": "104262000", "researchAndDevelopment": "106389000", "operatingExpenses": "366907000", "investmentIncomeNet": "None", "netInterestIncome": "None", "interestIncome": "None", "interestExpense": "0", "nonInterestIncome": "None", "otherNonOperatingIncome": "None", "depreciation": "None", "depreciationAndAmortization": "186289000", "incomeBeforeTax": "224072000", "incomeTaxExpense": "-224072000", "interestAndDebtExpense": "None", "netIncomeFromContinuingOperations": "None", "comprehensiveIncomeNetOfTax": "None", "ebit": "248268000", "ebitda": "434557000", "netIncome": "224072000"}], "quarterlyReports": [{"fiscalDateEnding": "2025-12-31", "reportedCurrency": "USD", "grossProfit": "1005187000", "totalRevenue": "2252712000", "costOfRevenue": "1247525000", "costofGoodsAndServicesSold": "1247525000", "operatingIncome": "852357000", "sellingGeneralAndAdministrative": "136880000", "researchAndDevelopment": "None", "operatingExpenses": "152830000", "investmentIncomeNet": "None", "netInterestIncome": "None", "interestIncome": "58071000", "interestExpense": "260453000", "nonInterestIncome": "None", "otherNonOperatingIncome": "None", "depreciation": "None", "depreciationAndAmortization": "668750000", "incomeBeforeTax": "1564909000", "incomeTaxExpense": "82694000", "interestAndDebtExpense": "None", "netIncomeFromContinuingOperations": "None", "comprehensiveIncomeNetOfTax": "None", "ebit": "1626478000", "ebitda": "2295228000", "netIncome": "1399783000"}, {"fiscalDateEnding": "2025-09-30", "reportedCurrency": "USD", "grossProfit": "1011977000", "totalRevenue": "2213881000", "costOfRevenue": "1201904000", "costofGoodsAndServicesSold": "1201904000", "operatingIncome": "892591000", "sellingGeneralAndAdministrative": "119386000", "researchAndDevelopment": "None", "operatingExpenses": "119386000", "investmentIncomeNet": "None", "netInterestIncome": "-258274000", "interestIncome": "64466000", "interestExpense": "258274000", "nonInterestIncome": "None", "otherNonOperatingIncome": "None", "depreciation": "None", "depreciationAndAmortization": "647999000", "incomeBeforeTax": "875795000", "incomeTaxExpense": "54535000", "interestAndDebtExpense": "None", "netIncomeFromContinuingOperations": "821260000", "comprehensiveIncomeNetOfTax": "None", "ebit": "1134069000", "ebitda": "1782068000", "netIncome": "764266000"}, {"fiscalDateEnding": "2025-06-30", "reportedCurrency": "USD", "grossProfit": "1630989000", "totalRevenue": "2183869000", "costOfRevenue": "552880000", "costofGoodsAndServicesSold": "552880000", "operatingIncome": "912712000", "sellingGeneralAndAdministrative": "106871000", "researchAndDevelopment": "None", "operatingExpenses": "718277000", "investmentIncomeNet": "None", "netInterestIncome": "-251866000", "interestIncome": "267003000", "interestExpense": "251866000", "nonInterestIncome": "None", "otherNonOperatingIncome": "None", "depreciation": "None", "depreciationAndAmortization": "657221000", "incomeBeforeTax": "645709000", "incomeTaxExpense": "23405000", "interestAndDebtExpense": "None", "netIncomeFromContinuingOperations": "622304000", "comprehensiveIncomeNetOfTax": "None", "ebit": "897575000", "ebitda": "1554796000", "netIncome": "571229000"}, {"fiscalDateEnding": "2025-03-31", "reportedCurrency": "USD", "grossProfit": "1590571000", "totalRevenue": "2139665000", "costOfRevenue": "549094000", "costofGoodsAndServicesSold": "549094000", "operatingIncome": "878413000", "sellingGeneralAndAdministrative": "114701000", "researchAndDevelopment": "None", "operatingExpenses": "712158000", "investmentIncomeNet": "None", "netInterestIncome": "-232000000", "interestIncome": "195510000", "interestExpense": "232000000", "nonInterestIncome": "None", "otherNonOperatingIncome": "None", "depreciation": "None", "depreciationAndAmortization": "652058000", "incomeBeforeTax": "682903000", "incomeTaxExpense": "43383000", "interestAndDebtExpense": "None", "netIncomeFromContinuingOperations": "639520000", "comprehensiveIncomeNetOfTax": "None", "ebit": "914903000", "ebitda": "1566961000", "netIncome": "592953000"}, {"fiscalDateEnding": "2024-12-31", "reportedCurrency": "USD", "grossProfit": "1681011000", "totalRevenue": "2200646000", "costOfRevenue": "519635000", "costofGoodsAndServicesSold": "519635000", "operatingIncome": "1421256000", "sellingGeneralAndAdministrative": "102724000", "researchAndDevelopment": "None", "operatingExpenses": "259755000", "investmentIncomeNet": "None", "netInterestIncome": "-231932000", "interestIncome": "7790000", "interestExpense": "205296000", "nonInterestIncome": "None", "otherNonOperatingIncome": "None", "depreciation": "None", "depreciationAndAmortization": "656444000", "incomeBeforeTax": "1429046000", "incomeTaxExpense": "86870000", "interestAndDebtExpense": "None", "netIncomeFromContinuingOperations": "1342176000", "comprehensiveIncomeNetOfTax": "None", "ebit": "1634342000", "ebitda": "2290786000", "netIncome": "1278853000"}, {"fiscalDateEnding": "2024-09-30", "reportedCurrency": "USD", "grossProfit": "1547622000", "totalRevenue": "2036389000", "costOfRevenue": "488767000", "costofGoodsAndServicesSold": "488767000", "operatingIncome": "1250971000", "sellingGeneralAndAdministrative": "98154000", "researchAndDevelopment": "None", "operatingExpenses": "296651000", "investmentIncomeNet": "None", "netInterestIncome": "-230113000", "interestIncome": "None", "interestExpense": "230113000", "nonInterestIncome": "None", "otherNonOperatingIncome": "None", "depreciation": "None", "depreciationAndAmortization": "649265000", "incomeBeforeTax": "1067665000", "incomeTaxExpense": "4214000", "interestAndDebtExpense": "None", "netIncomeFromContinuingOperations": "1063451000", "comprehensiveIncomeNetOfTax": "None", "ebit": "1297778000", "ebitda": "1947043000", "netIncome": "1005719000"}, {"fiscalDateEnding": "2024-06-30", "reportedCurrency": "USD", "grossProfit": "1492183000", "totalRevenue": "2007954000", "costOfRevenue": "515771000", "costofGoodsAndServicesSold": "515771000", "operatingIncome": "1023338000", "sellingGeneralAndAdministrative": "106596000", "researchAndDevelopment": "None", "operatingExpenses": "468845000", "investmentIncomeNet": "None", "netInterestIncome": "-208267000", "interestIncome": "None", "interestExpense": "208267000", "nonInterestIncome": "None", "otherNonOperatingIncome": "None", "depreciation": "None", "depreciationAndAmortization": "637305000", "incomeBeforeTax": "954560000", "incomeTaxExpense": "43059000", "interestAndDebtExpense": "None", "netIncomeFromContinuingOperations": "911501000", "comprehensiveIncomeNetOfTax": "None", "ebit": "1162827000", "ebitda": "1800132000", "netIncome": "861348000"}, {"fiscalDateEnding": "2024-03-31", "reportedCurrency": "USD", "grossProfit": "1423553000", "totalRevenue": "1956621000", "costOfRevenue": "533068000", "costofGoodsAndServicesSold": "533068000", "operatingIncome": "720355000", "sellingGeneralAndAdministrative": "111291000", "researchAndDevelopment": "None", "operatingExpenses": "703198000", "investmentIncomeNet": "None", "netInterestIncome": "-193000000", "interestIncome": "None", "interestExpense": "193000000", "nonInterestIncome": "None", "otherNonOperatingIncome": "None", "depreciation": "None", "depreciationAndAmortization": "637505000", "incomeBeforeTax": "663607000", "incomeTaxExpense": "32800000", "interestAndDebtExpense": "None", "netIncomeFromContinuingOperations": "630807000", "comprehensiveIncomeNetOfTax": "None", "ebit": "856607000", "ebitda": "1494112000", "netIncome": "585715000"}, {"fiscalDateEnding": "2023-12-31", "reportedCurrency": "USD", "grossProfit": "1402164000", "totalRevenue": "1889247000", "costOfRevenue": "487083000", "costofGoodsAndServicesSold": "487083000", "operatingIncome": "834851000", "sellingGeneralAndAdministrative": "98309000", "researchAndDevelopment": "None", "operatingExpenses": "567313000", "investmentIncomeNet": "None", "netInterestIncome": "-174332000", "interestIncome": "None", "interestExpense": "174332000", "nonInterestIncome": "None", "otherNonOperatingIncome": "None", "depreciation": "None", "depreciationAndAmortization": "638346000", "incomeBeforeTax": "734381000", "incomeTaxExpense": "58497000", "interestAndDebtExpense": "None", "netIncomeFromContinuingOperations": "675884000", "comprehensiveIncomeNetOfTax": "None", "ebit": "886104000", "ebitda": "1524450000", "netIncome": "630936000"}, {"fiscalDateEnding": "2023-09-30", "reportedCurrency": "USD", "grossProfit": "1414519000", "totalRevenue": "1914664000", "costOfRevenue": "500145000", "costofGoodsAndServicesSold": "500145000", "operatingIncome": "882108000", "sellingGeneralAndAdministrative": "96673000", "researchAndDevelopment": "None", "operatingExpenses": "532411000", "investmentIncomeNet": "None", "netInterestIncome": "-181053000", "interestIncome": "41724000", "interestExpense": "181053000", "nonInterestIncome": "None", "otherNonOperatingIncome": "None", "depreciation": "None", "depreciationAndAmortization": "642010000", "incomeBeforeTax": "840384000", "incomeTaxExpense": "41243000", "interestAndDebtExpense": "None", "netIncomeFromContinuingOperations": "799141000", "comprehensiveIncomeNetOfTax": "None", "ebit": "1021437000", "ebitda": "1663447000", "netIncome": "747627000"}, {"fiscalDateEnding": "2023-06-30", "reportedCurrency": "USD", "grossProfit": "1912127000", "totalRevenue": "2450971000", "costOfRevenue": "538844000", "costofGoodsAndServicesSold": "538844000", "operatingIncome": "1411790000", "sellingGeneralAndAdministrative": "95647000", "researchAndDevelopment": "None", "operatingExpenses": "500337000", "investmentIncomeNet": "None", "netInterestIncome": "-149818000", "interestIncome": "53072000", "interestExpense": "149818000", "nonInterestIncome": "None", "otherNonOperatingIncome": "96746000", "depreciation": "None", "depreciationAndAmortization": "602168000", "incomeBeforeTax": "1358718000", "incomeTaxExpense": "79227000", "interestAndDebtExpense": "None", "netIncomeFromContinuingOperations": "1279491000", "comprehensiveIncomeNetOfTax": "None", "ebit": "1508536000", "ebitda": "2110704000", "netIncome": "1216028000"}, {"fiscalDateEnding": "2023-03-31", "reportedCurrency": "USD", "grossProfit": "1284324000", "totalRevenue": "1768587000", "costOfRevenue": "484263000", "costofGoodsAndServicesSold": "484263000", "operatingIncome": "579043000", "sellingGeneralAndAdministrative": "99777000", "researchAndDevelopment": "None", "operatingExpenses": "705281000", "investmentIncomeNet": "None", "netInterestIncome": "-136000000", "interestIncome": "51618000", "interestExpense": "136000000", "nonInterestIncome": "None", "otherNonOperatingIncome": "87668000", "depreciation": "None", "depreciationAndAmortization": "602367000", "incomeBeforeTax": "530700000", "incomeTaxExpense": "32071000", "interestAndDebtExpense": "None", "netIncomeFromContinuingOperations": "498629000", "comprehensiveIncomeNetOfTax": "None", "ebit": "666700000", "ebitda": "1269067000", "netIncome": "464623000"}, {"fiscalDateEnding": "2022-12-31", "reportedCurrency": "USD", "grossProfit": "1312762000", "totalRevenue": "1751592000", "costOfRevenue": "438830000", "costofGoodsAndServicesSold": "438830000", "operatingIncome": "813449000", "sellingGeneralAndAdministrative": "85420000", "researchAndDevelopment": "None", "operatingExpenses": "499313000", "investmentIncomeNet": "None", "netInterestIncome": "-120796000", "interestIncome": "174407000", "interestExpense": "103662000", "nonInterestIncome": "None", "otherNonOperatingIncome": "-54900000", "depreciation": "None", "depreciationAndAmortization": "612367000", "incomeBeforeTax": "637753000", "incomeTaxExpense": "17687000", "interestAndDebtExpense": "None", "netIncomeFromContinuingOperations": "620066000", "comprehensiveIncomeNetOfTax": "None", "ebit": "741415000", "ebitda": "1353782000", "netIncome": "587214000"}, {"fiscalDateEnding": "2022-09-30", "reportedCurrency": "USD", "grossProfit": "1335630000", "totalRevenue": "1750892000", "costOfRevenue": "415262000", "costofGoodsAndServicesSold": "415262000", "operatingIncome": "914970000", "sellingGeneralAndAdministrative": "87903000", "researchAndDevelopment": "None", "operatingExpenses": "420660000", "investmentIncomeNet": "None", "netInterestIncome": "-63884000", "interestIncome": "192873000", "interestExpense": "63884000", "nonInterestIncome": "None", "otherNonOperatingIncome": "256757000", "depreciation": "None", "depreciationAndAmortization": "401450000", "incomeBeforeTax": "1107843000", "incomeTaxExpense": "38669000", "interestAndDebtExpense": "None", "netIncomeFromContinuingOperations": "1069174000", "comprehensiveIncomeNetOfTax": "None", "ebit": "1171727000", "ebitda": "1573177000", "netIncome": "1015464000"}, {"fiscalDateEnding": "2022-06-30", "reportedCurrency": "USD", "grossProfit": "924563000", "totalRevenue": "1252080000", "costOfRevenue": "327517000", "costofGoodsAndServicesSold": "327517000", "operatingIncome": "533317000", "sellingGeneralAndAdministrative": "83114000", "researchAndDevelopment": "None", "operatingExpenses": "391246000", "investmentIncomeNet": "None", "netInterestIncome": "-54066000", "interestIncome": "6227000", "interestExpense": "60293000", "nonInterestIncome": "None", "otherNonOperatingIncome": "223246000", "depreciation": "None", "depreciationAndAmortization": "402313000", "incomeBeforeTax": "696270000", "incomeTaxExpense": "49834000", "interestAndDebtExpense": "None", "netIncomeFromContinuingOperations": "646436000", "comprehensiveIncomeNetOfTax": "None", "ebit": "756563000", "ebitda": "1158876000", "netIncome": "611393000"}, {"fiscalDateEnding": "2022-03-31", "reportedCurrency": "USD", "grossProfit": "891643000", "totalRevenue": "1219128000", "costOfRevenue": "327485000", "costofGoodsAndServicesSold": "327485000", "operatingIncome": "1205802000", "sellingGeneralAndAdministrative": "74646000", "researchAndDevelopment": "None", "operatingExpenses": "-314159000", "investmentIncomeNet": "None", "netInterestIncome": "-62947000", "interestIncome": "1053000", "interestExpense": "64000000", "nonInterestIncome": "None", "otherNonOperatingIncome": "107206000", "depreciation": "None", "depreciationAndAmortization": "396647000", "incomeBeforeTax": "1248944000", "incomeTaxExpense": "29222000", "interestAndDebtExpense": "None", "netIncomeFromContinuingOperations": "1219722000", "comprehensiveIncomeNetOfTax": "None", "ebit": "1312944000", "ebitda": "1709591000", "netIncome": "1150785000"}, {"fiscalDateEnding": "2021-12-31", "reportedCurrency": "USD", "grossProfit": "955308000", "totalRevenue": "1277233000", "costOfRevenue": "321925000", "costofGoodsAndServicesSold": "321925000", "operatingIncome": "1208273000", "sellingGeneralAndAdministrative": "73823000", "researchAndDevelopment": "None", "operatingExpenses": "-252965000", "investmentIncomeNet": "None", "netInterestIncome": "-66641000", "interestIncome": "132491000", "interestExpense": "62897000", "nonInterestIncome": "None", "otherNonOperatingIncome": "195388000", "depreciation": "None", "depreciationAndAmortization": "396825000", "incomeBeforeTax": "1340764000", "incomeTaxExpense": "39911000", "interestAndDebtExpense": "None", "netIncomeFromContinuingOperations": "1300853000", "comprehensiveIncomeNetOfTax": "None", "ebit": "1387527000", "ebitda": "1784352000", "netIncome": "1248662000"}, {"fiscalDateEnding": "2021-09-30", "reportedCurrency": "USD", "grossProfit": "874053000", "totalRevenue": "1183049000", "costOfRevenue": "308996000", "costofGoodsAndServicesSold": "308996000", "operatingIncome": "765660000", "sellingGeneralAndAdministrative": "66970000", "researchAndDevelopment": "None", "operatingExpenses": "108393000", "investmentIncomeNet": "None", "netInterestIncome": "-64484000", "interestIncome": "91506000", "interestExpense": "63638000", "nonInterestIncome": "None", "otherNonOperatingIncome": "155144000", "depreciation": "None", "depreciationAndAmortization": "390806000", "incomeBeforeTax": "857166000", "incomeTaxExpense": "59435000", "interestAndDebtExpense": "None", "netIncomeFromContinuingOperations": "797731000", "comprehensiveIncomeNetOfTax": "None", "ebit": "920804000", "ebitda": "1311610000", "netIncome": "723538000"}, {"fiscalDateEnding": "2021-06-30", "reportedCurrency": "USD", "grossProfit": "860610000", "totalRevenue": "1150842000", "costOfRevenue": "290232000", "costofGoodsAndServicesSold": "290232000", "operatingIncome": "700866000", "sellingGeneralAndAdministrative": "74342000", "researchAndDevelopment": "None", "operatingExpenses": "159744000", "investmentIncomeNet": "None", "netInterestIncome": "-67697000", "interestIncome": "1358000", "interestExpense": "68412000", "nonInterestIncome": "None", "otherNonOperatingIncome": "67054000", "depreciation": "None", "depreciationAndAmortization": "392736000", "incomeBeforeTax": "699508000", "incomeTaxExpense": "49195000", "interestAndDebtExpense": "None", "netIncomeFromContinuingOperations": "650313000", "comprehensiveIncomeNetOfTax": "None", "ebit": "767920000", "ebitda": "1160656000", "netIncome": "600176000"}, {"fiscalDateEnding": "2021-03-31", "reportedCurrency": "USD", "grossProfit": "820982000", "totalRevenue": "1148316000", "costOfRevenue": "327334000", "costofGoodsAndServicesSold": "327334000", "operatingIncome": "532197000", "sellingGeneralAndAdministrative": "78032000", "researchAndDevelopment": "None", "operatingExpenses": "288785000", "investmentIncomeNet": "None", "netInterestIncome": "-66254000", "interestIncome": "80666000", "interestExpense": "71000000", "nonInterestIncome": "None", "otherNonOperatingIncome": "-35506000", "depreciation": "None", "depreciationAndAmortization": "397575000", "incomeBeforeTax": "425410000", "incomeTaxExpense": "25717000", "interestAndDebtExpense": "None", "netIncomeFromContinuingOperations": "399693000", "comprehensiveIncomeNetOfTax": "None", "ebit": "496410000", "ebitda": "893985000", "netIncome": "367347000"}, {"fiscalDateEnding": "2020-12-31", "reportedCurrency": "USD", "grossProfit": "820620000", "totalRevenue": "1111597000", "costOfRevenue": "290977000", "costofGoodsAndServicesSold": "290977000", "operatingIncome": "482380000", "sellingGeneralAndAdministrative": "66144000", "researchAndDevelopment": "None", "operatingExpenses": "338240000", "investmentIncomeNet": "None", "netInterestIncome": "-70994000", "interestIncome": "109809000", "interestExpense": "70985000", "nonInterestIncome": "None", "otherNonOperatingIncome": "-56637000", "depreciation": "None", "depreciationAndAmortization": "417066000", "incomeBeforeTax": "348887000", "incomeTaxExpense": "40880000", "interestAndDebtExpense": "None", "netIncomeFromContinuingOperations": "308007000", "comprehensiveIncomeNetOfTax": "None", "ebit": "406325000", "ebitda": "823391000", "netIncome": "281894000"}, {"fiscalDateEnding": "2020-09-30", "reportedCurrency": "USD", "grossProfit": "791492000", "totalRevenue": "1082773000", "costOfRevenue": "291281000", "costofGoodsAndServicesSold": "291281000", "operatingIncome": "556520000", "sellingGeneralAndAdministrative": "74348000", "researchAndDevelopment": "None", "operatingExpenses": "234972000", "investmentIncomeNet": "None", "netInterestIncome": "-86577000", "interestIncome": "113579000", "interestExpense": "86577000", "nonInterestIncome": "None", "otherNonOperatingIncome": "-131134000", "depreciation": "None", "depreciationAndAmortization": "400738000", "incomeBeforeTax": "344675000", "incomeTaxExpense": "12154000", "interestAndDebtExpense": "None", "netIncomeFromContinuingOperations": "332521000", "comprehensiveIncomeNetOfTax": "None", "ebit": "431252000", "ebitda": "831990000", "netIncome": "302694000"}, {"fiscalDateEnding": "2020-06-30", "reportedCurrency": "USD", "grossProfit": "952470000", "totalRevenue": "1266124000", "costOfRevenue": "313654000", "costofGoodsAndServicesSold": "313654000", "operatingIncome": "611987000", "sellingGeneralAndAdministrative": "64664000", "researchAndDevelopment": "None", "operatingExpenses": "340483000", "investmentIncomeNet": "None", "netInterestIncome": "-80271000", "interestIncome": "1027000", "interestExpense": "81298000", "nonInterestIncome": "None", "otherNonOperatingIncome": "-29240000", "depreciation": "None", "depreciationAndAmortization": "398195000", "incomeBeforeTax": "501449000", "incomeTaxExpense": "46511000", "interestAndDebtExpense": "None", "netIncomeFromContinuingOperations": "454938000", "comprehensiveIncomeNetOfTax": "None", "ebit": "582747000", "ebitda": "980942000", "netIncome": "406173000"}, {"fiscalDateEnding": "2020-03-31", "reportedCurrency": "USD", "grossProfit": "704049000", "totalRevenue": "978241000", "costOfRevenue": "274192000", "costofGoodsAndServicesSold": "274192000", "operatingIncome": "468057000", "sellingGeneralAndAdministrative": "69689000", "researchAndDevelopment": "None", "operatingExpenses": "235992000", "investmentIncomeNet": "None", "netInterestIncome": "-75630000", "interestIncome": "370000", "interestExpense": "76000000", "nonInterestIncome": "None", "otherNonOperatingIncome": "159662000", "depreciation": "None", "depreciationAndAmortization": "345970000", "incomeBeforeTax": "552077000", "incomeTaxExpense": "30913000", "interestAndDebtExpense": "None", "netIncomeFromContinuingOperations": "521164000", "comprehensiveIncomeNetOfTax": "None", "ebit": "628077000", "ebitda": "974047000", "netIncome": "491053000"}, {"fiscalDateEnding": "2019-12-31", "reportedCurrency": "USD", "grossProfit": "595827000", "totalRevenue": "826016000", "costOfRevenue": "230189000", "costofGoodsAndServicesSold": "230189000", "operatingIncome": "559640000", "sellingGeneralAndAdministrative": "65542000", "researchAndDevelopment": "None", "operatingExpenses": "36187000", "investmentIncomeNet": "None", "netInterestIncome": "-48616000", "interestIncome": "11337000", "interestExpense": "46660000", "nonInterestIncome": "None", "otherNonOperatingIncome": "67598000", "depreciation": "None", "depreciationAndAmortization": "289240000", "incomeBeforeTax": "447529000", "incomeTaxExpense": "21287000", "interestAndDebtExpense": "None", "netIncomeFromContinuingOperations": "426242000", "comprehensiveIncomeNetOfTax": "None", "ebit": "494189000", "ebitda": "783429000", "netIncome": "386991000"}, {"fiscalDateEnding": "2019-09-30", "reportedCurrency": "USD", "grossProfit": "697913000", "totalRevenue": "942181000", "costOfRevenue": "244268000", "costofGoodsAndServicesSold": "244268000", "operatingIncome": "471480000", "sellingGeneralAndAdministrative": "65199000", "researchAndDevelopment": "None", "operatingExpenses": "226433000", "investmentIncomeNet": "None", "netInterestIncome": "-59590000", "interestIncome": "654000", "interestExpense": "60244000", "nonInterestIncome": "None", "otherNonOperatingIncome": "92863000", "depreciation": "None", "depreciationAndAmortization": "282254000", "incomeBeforeTax": "504099000", "incomeTaxExpense": "13086000", "interestAndDebtExpense": "None", "netIncomeFromContinuingOperations": "491013000", "comprehensiveIncomeNetOfTax": "None", "ebit": "564343000", "ebitda": "846597000", "netIncome": "452146000"}, {"fiscalDateEnding": "2019-06-30", "reportedCurrency": "USD", "grossProfit": "572028000", "totalRevenue": "790372000", "costOfRevenue": "218344000", "costofGoodsAndServicesSold": "218344000", "operatingIncome": "442056000", "sellingGeneralAndAdministrative": "66276000", "researchAndDevelopment": "None", "operatingExpenses": "129972000", "investmentIncomeNet": "None", "netInterestIncome": "-54810000", "interestIncome": "4312000", "interestExpense": "59122000", "nonInterestIncome": "None", "otherNonOperatingIncome": "-4598000", "depreciation": "None", "depreciationAndAmortization": "284376000", "incomeBeforeTax": "437458000", "incomeTaxExpense": "26632000", "interestAndDebtExpense": "None", "netIncomeFromContinuingOperations": "410826000", "comprehensiveIncomeNetOfTax": "None", "ebit": "496580000", "ebitda": "780956000", "netIncome": "385276000"}, {"fiscalDateEnding": "2019-03-31", "reportedCurrency": "USD", "grossProfit": "545926000", "totalRevenue": "772052000", "costOfRevenue": "226126000", "costofGoodsAndServicesSold": "226126000", "operatingIncome": "376590000", "sellingGeneralAndAdministrative": "69701000", "researchAndDevelopment": "None", "operatingExpenses": "169336000", "investmentIncomeNet": "None", "netInterestIncome": "-53090000", "interestIncome": "7910000", "interestExpense": "61000000", "nonInterestIncome": "None", "otherNonOperatingIncome": "10687000", "depreciation": "None", "depreciationAndAmortization": "284009000", "incomeBeforeTax": "387277000", "incomeTaxExpense": "13512000", "interestAndDebtExpense": "None", "netIncomeFromContinuingOperations": "373765000", "comprehensiveIncomeNetOfTax": "None", "ebit": "448277000", "ebitda": "732286000", "netIncome": "348546000"}, {"fiscalDateEnding": "2018-12-31", "reportedCurrency": "USD", "grossProfit": "586951000", "totalRevenue": "807085000", "costOfRevenue": "220134000", "costofGoodsAndServicesSold": "220134000", "operatingIncome": "241080000", "sellingGeneralAndAdministrative": "56698000", "researchAndDevelopment": "0", "operatingExpenses": "345871000", "investmentIncomeNet": "None", "netInterestIncome": "None", "interestIncome": "None", "interestExpense": "48898000", "nonInterestIncome": "None", "otherNonOperatingIncome": "529524000", "depreciation": "None", "depreciationAndAmortization": "286758000", "incomeBeforeTax": "709208000", "incomeTaxExpense": "18718000", "interestAndDebtExpense": "None", "netIncomeFromContinuingOperations": "690490000", "comprehensiveIncomeNetOfTax": "None", "ebit": "758106000", "ebitda": "1044864000", "netIncome": "598060000"}, {"fiscalDateEnding": "2018-09-30", "reportedCurrency": "USD", "grossProfit": "499858000", "totalRevenue": "682432000", "costOfRevenue": "182574000", "costofGoodsAndServicesSold": "182574000", "operatingIncome": "375579000", "sellingGeneralAndAdministrative": "62244000", "researchAndDevelopment": "0", "operatingExpenses": "124279000", "investmentIncomeNet": "None", "netInterestIncome": "None", "interestIncome": "None", "interestExpense": "64186000", "nonInterestIncome": "None", "otherNonOperatingIncome": "272141000", "depreciation": "None", "depreciationAndAmortization": "252702000", "incomeBeforeTax": "389476000", "incomeTaxExpense": "13956000", "interestAndDebtExpense": "None", "netIncomeFromContinuingOperations": "375520000", "comprehensiveIncomeNetOfTax": "None", "ebit": "453662000", "ebitda": "706364000", "netIncome": "347836000"}, {"fiscalDateEnding": "2018-06-30", "reportedCurrency": "USD", "grossProfit": "453097000", "totalRevenue": "621276000", "costOfRevenue": "168179000", "costofGoodsAndServicesSold": "168179000", "operatingIncome": "281555000", "sellingGeneralAndAdministrative": "57615000", "researchAndDevelopment": "0", "operatingExpenses": "171542000", "investmentIncomeNet": "None", "netInterestIncome": "None", "interestIncome": "None", "interestExpense": "56314000", "nonInterestIncome": "None", "otherNonOperatingIncome": "248115000", "depreciation": "None", "depreciationAndAmortization": "203673000", "incomeBeforeTax": "379095000", "incomeTaxExpense": "14104000", "interestAndDebtExpense": "None", "netIncomeFromContinuingOperations": "364991000", "comprehensiveIncomeNetOfTax": "None", "ebit": "435409000", "ebitda": "639082000", "netIncome": "336087000"}, {"fiscalDateEnding": "2018-03-31", "reportedCurrency": "USD", "grossProfit": "506855000", "totalRevenue": "693656000", "costOfRevenue": "186801000", "costofGoodsAndServicesSold": "186801000", "operatingIncome": "432218000", "sellingGeneralAndAdministrative": "62428000", "researchAndDevelopment": "0", "operatingExpenses": "74637000", "investmentIncomeNet": "None", "netInterestIncome": "None", "interestIncome": "None", "interestExpense": "47000000", "nonInterestIncome": "None", "otherNonOperatingIncome": "218649000", "depreciation": "None", "depreciationAndAmortization": "204081000", "incomeBeforeTax": "408511000", "incomeTaxExpense": "16552000", "interestAndDebtExpense": "None", "netIncomeFromContinuingOperations": "391959000", "comprehensiveIncomeNetOfTax": "None", "ebit": "455511000", "ebitda": "659592000", "netIncome": "367378000"}, {"fiscalDateEnding": "2017-12-31", "reportedCurrency": "USD", "grossProfit": "444224000", "totalRevenue": "619922000", "costOfRevenue": "175698000", "costofGoodsAndServicesSold": "175698000", "operatingIncome": "158417000", "sellingGeneralAndAdministrative": "59709000", "researchAndDevelopment": "0", "operatingExpenses": "285807000", "investmentIncomeNet": "None", "netInterestIncome": "None", "interestIncome": "None", "interestExpense": "48007000", "nonInterestIncome": "None", "otherNonOperatingIncome": "254767000", "depreciation": "None", "depreciationAndAmortization": "222501000", "incomeBeforeTax": "351154000", "incomeTaxExpense": "12281000", "interestAndDebtExpense": "None", "netIncomeFromContinuingOperations": "338873000", "comprehensiveIncomeNetOfTax": "None", "ebit": "399161000", "ebitda": "621662000", "netIncome": "300886000"}, {"fiscalDateEnding": "2017-09-30", "reportedCurrency": "USD", "grossProfit": "438143000", "totalRevenue": "602874000", "costOfRevenue": "164731000", "costofGoodsAndServicesSold": "164731000", "operatingIncome": "175491000", "sellingGeneralAndAdministrative": "57656000", "researchAndDevelopment": "0", "operatingExpenses": "262652000", "investmentIncomeNet": "None", "netInterestIncome": "None", "interestIncome": "None", "interestExpense": "64190000", "nonInterestIncome": "None", "otherNonOperatingIncome": "820063000", "depreciation": "None", "depreciationAndAmortization": "201903000", "incomeBeforeTax": "931364000", "incomeTaxExpense": "17947000", "interestAndDebtExpense": "None", "netIncomeFromContinuingOperations": "913417000", "comprehensiveIncomeNetOfTax": "None", "ebit": "995554000", "ebitda": "1197457000", "netIncome": "877893000"}, {"fiscalDateEnding": "2017-06-30", "reportedCurrency": "USD", "grossProfit": "566403000", "totalRevenue": "766183000", "costOfRevenue": "199780000", "costofGoodsAndServicesSold": "199780000", "operatingIncome": "275272000", "sellingGeneralAndAdministrative": "60077000", "researchAndDevelopment": "0", "operatingExpenses": "291131000", "investmentIncomeNet": "None", "netInterestIncome": "None", "interestIncome": "None", "interestExpense": "75354000", "nonInterestIncome": "None", "otherNonOperatingIncome": "102843000", "depreciation": "None", "depreciationAndAmortization": "228145000", "incomeBeforeTax": "302761000", "incomeTaxExpense": "14781000", "interestAndDebtExpense": "None", "netIncomeFromContinuingOperations": "287980000", "comprehensiveIncomeNetOfTax": "None", "ebit": "378115000", "ebitda": "606260000", "netIncome": "268617000"}, {"fiscalDateEnding": "2017-03-31", "reportedCurrency": "USD", "grossProfit": "444700000", "totalRevenue": "629155000", "costOfRevenue": "184455000", "costofGoodsAndServicesSold": "184455000", "operatingIncome": "161886000", "sellingGeneralAndAdministrative": "53617000", "researchAndDevelopment": "0", "operatingExpenses": "282814000", "investmentIncomeNet": "None", "netInterestIncome": "None", "interestIncome": "None", "interestExpense": "73000000", "nonInterestIncome": "None", "otherNonOperatingIncome": "141315000", "depreciation": "None", "depreciationAndAmortization": "226591000", "incomeBeforeTax": "230289000", "incomeTaxExpense": "9600000", "interestAndDebtExpense": "None", "netIncomeFromContinuingOperations": "220689000", "comprehensiveIncomeNetOfTax": "None", "ebit": "303289000", "ebitda": "529880000", "netIncome": "204929000"}, {"fiscalDateEnding": "2016-12-31", "reportedCurrency": "USD", "grossProfit": "448342000", "totalRevenue": "620115000", "costOfRevenue": "171773000", "costofGoodsAndServicesSold": "171773000", "operatingIncome": "164208000", "sellingGeneralAndAdministrative": "56433000", "researchAndDevelopment": "0", "operatingExpenses": "284134000", "investmentIncomeNet": "None", "netInterestIncome": "None", "interestIncome": "None", "interestExpense": "65687000", "nonInterestIncome": "None", "otherNonOperatingIncome": "391029000", "depreciation": "None", "depreciationAndAmortization": "225736000", "incomeBeforeTax": "484668000", "incomeTaxExpense": "17966000", "interestAndDebtExpense": "None", "netIncomeFromContinuingOperations": "466702000", "comprehensiveIncomeNetOfTax": "None", "ebit": "550355000", "ebitda": "776091000", "netIncome": "442197000"}, {"fiscalDateEnding": "2016-09-30", "reportedCurrency": "USD", "grossProfit": "519427000", "totalRevenue": "704565000", "costOfRevenue": "185138000", "costofGoodsAndServicesSold": "185138000", "operatingIncome": "232624000", "sellingGeneralAndAdministrative": "58157000", "researchAndDevelopment": "0", "operatingExpenses": "286803000", "investmentIncomeNet": "None", "netInterestIncome": "None", "interestIncome": "None", "interestExpense": "75310000", "nonInterestIncome": "None", "otherNonOperatingIncome": "165847000", "depreciation": "None", "depreciationAndAmortization": "224867000", "incomeBeforeTax": "323161000", "incomeTaxExpense": "15919000", "interestAndDebtExpense": "None", "netIncomeFromContinuingOperations": "307242000", "comprehensiveIncomeNetOfTax": "None", "ebit": "398471000", "ebitda": "623338000", "netIncome": "280926000"}, {"fiscalDateEnding": "2016-06-30", "reportedCurrency": "USD", "grossProfit": "433564000", "totalRevenue": "602155000", "costOfRevenue": "168591000", "costofGoodsAndServicesSold": "168591000", "operatingIncome": "142348000", "sellingGeneralAndAdministrative": "56934000", "researchAndDevelopment": "0", "operatingExpenses": "291216000", "investmentIncomeNet": "None", "netInterestIncome": "None", "interestIncome": "None", "interestExpense": "76455000", "nonInterestIncome": "None", "otherNonOperatingIncome": "235040000", "depreciation": "None", "depreciationAndAmortization": "230382000", "incomeBeforeTax": "300933000", "incomeTaxExpense": "5142000", "interestAndDebtExpense": "None", "netIncomeFromContinuingOperations": "295791000", "comprehensiveIncomeNetOfTax": "None", "ebit": "377388000", "ebitda": "607770000", "netIncome": "277079000"}, {"fiscalDateEnding": "2016-03-31", "reportedCurrency": "USD", "grossProfit": "434426000", "totalRevenue": "606300000", "costOfRevenue": "171874000", "costofGoodsAndServicesSold": "171874000", "operatingIncome": "129198000", "sellingGeneralAndAdministrative": "50543000", "researchAndDevelopment": "0", "operatingExpenses": "305228000", "investmentIncomeNet": "None", "netInterestIncome": "None", "interestIncome": "None", "interestExpense": "81000000", "nonInterestIncome": "None", "otherNonOperatingIncome": "189956000", "depreciation": "None", "depreciationAndAmortization": "250000000", "incomeBeforeTax": "238342000", "incomeTaxExpense": "15537000", "interestAndDebtExpense": "None", "netIncomeFromContinuingOperations": "222805000", "comprehensiveIncomeNetOfTax": "None", "ebit": "319342000", "ebitda": "569342000", "netIncome": "209730000"}, {"fiscalDateEnding": "2015-12-31", "reportedCurrency": "USD", "grossProfit": "466197000", "totalRevenue": "643201000", "costOfRevenue": "177004000", "costofGoodsAndServicesSold": "177004000", "operatingIncome": "105551000", "sellingGeneralAndAdministrative": "65509000", "researchAndDevelopment": "0", "operatingExpenses": "360646000", "investmentIncomeNet": "None", "netInterestIncome": "None", "interestIncome": "None", "interestExpense": "79151000", "nonInterestIncome": "None", "otherNonOperatingIncome": "105891000", "depreciation": "None", "depreciationAndAmortization": "272906000", "incomeBeforeTax": "128777000", "incomeTaxExpense": "2020000", "interestAndDebtExpense": "None", "netIncomeFromContinuingOperations": "126757000", "comprehensiveIncomeNetOfTax": "None", "ebit": "207928000", "ebitda": "480834000", "netIncome": "119995000"}, {"fiscalDateEnding": "2015-09-30", "reportedCurrency": "USD", "grossProfit": "413806000", "totalRevenue": "580622000", "costOfRevenue": "166816000", "costofGoodsAndServicesSold": "166816000", "operatingIncome": "103392000", "sellingGeneralAndAdministrative": "54178000", "researchAndDevelopment": "0", "operatingExpenses": "310414000", "investmentIncomeNet": "None", "netInterestIncome": "None", "interestIncome": "None", "interestExpense": "81035000", "nonInterestIncome": "None", "otherNonOperatingIncome": "299157000", "depreciation": "None", "depreciationAndAmortization": "247471000", "incomeBeforeTax": "321514000", "incomeTaxExpense": "14328000", "interestAndDebtExpense": "None", "netIncomeFromContinuingOperations": "307186000", "comprehensiveIncomeNetOfTax": "None", "ebit": "402549000", "ebitda": "650020000", "netIncome": "260650000"}, {"fiscalDateEnding": "2015-06-30", "reportedCurrency": "USD", "grossProfit": "359637000", "totalRevenue": "510404000", "costOfRevenue": "150767000", "costofGoodsAndServicesSold": "150767000", "operatingIncome": "87348000", "sellingGeneralAndAdministrative": "51974000", "researchAndDevelopment": "0", "operatingExpenses": "272289000", "investmentIncomeNet": "None", "netInterestIncome": "None", "interestIncome": "None", "interestExpense": "68902000", "nonInterestIncome": "None", "otherNonOperatingIncome": "126665000", "depreciation": "None", "depreciationAndAmortization": "190188000", "incomeBeforeTax": "145111000", "incomeTaxExpense": "4851000", "interestAndDebtExpense": "None", "netIncomeFromContinuingOperations": "140260000", "comprehensiveIncomeNetOfTax": "None", "ebit": "214013000", "ebitda": "404201000", "netIncome": "141918000"}, {"fiscalDateEnding": "2015-03-31", "reportedCurrency": "USD", "grossProfit": "310570000", "totalRevenue": "462847000", "costOfRevenue": "152277000", "costofGoodsAndServicesSold": "152277000", "operatingIncome": "83881000", "sellingGeneralAndAdministrative": "51306000", "researchAndDevelopment": "0", "operatingExpenses": "226689000", "investmentIncomeNet": "None", "netInterestIncome": "None", "interestIncome": "None", "interestExpense": "66000000", "nonInterestIncome": "None", "otherNonOperatingIncome": "338083000", "depreciation": "None", "depreciationAndAmortization": "169808000", "incomeBeforeTax": "353203000", "incomeTaxExpense": "1891000", "interestAndDebtExpense": "None", "netIncomeFromContinuingOperations": "351312000", "comprehensiveIncomeNetOfTax": "None", "ebit": "419203000", "ebitda": "589011000", "netIncome": "346876000"}, {"fiscalDateEnding": "2014-12-31", "reportedCurrency": "USD", "grossProfit": "320441000", "totalRevenue": "450865000", "costOfRevenue": "130424000", "costofGoodsAndServicesSold": "130424000", "operatingIncome": "74956000", "sellingGeneralAndAdministrative": "65987000", "researchAndDevelopment": "0", "operatingExpenses": "245485000", "investmentIncomeNet": "None", "netInterestIncome": "None", "interestIncome": "None", "interestExpense": "70423000", "nonInterestIncome": "None", "otherNonOperatingIncome": "426506000", "depreciation": "None", "depreciationAndAmortization": "171402000", "incomeBeforeTax": "427370000", "incomeTaxExpense": "-354000", "interestAndDebtExpense": "None", "netIncomeFromContinuingOperations": "427724000", "comprehensiveIncomeNetOfTax": "None", "ebit": "497793000", "ebitda": "669195000", "netIncome": "410287000"}, {"fiscalDateEnding": "2014-09-30", "reportedCurrency": "USD", "grossProfit": "290385000", "totalRevenue": "415151000", "costOfRevenue": "124766000", "costofGoodsAndServicesSold": "124766000", "operatingIncome": "78112000", "sellingGeneralAndAdministrative": "58203000", "researchAndDevelopment": "0", "operatingExpenses": "212273000", "investmentIncomeNet": "None", "netInterestIncome": "None", "interestIncome": "None", "interestExpense": "69086000", "nonInterestIncome": "None", "otherNonOperatingIncome": "114837000", "depreciation": "None", "depreciationAndAmortization": "149202000", "incomeBeforeTax": "123863000", "incomeTaxExpense": "-23264000", "interestAndDebtExpense": "None", "netIncomeFromContinuingOperations": "147127000", "comprehensiveIncomeNetOfTax": "None", "ebit": "192949000", "ebitda": "342151000", "netIncome": "137915000"}, {"fiscalDateEnding": "2014-06-30", "reportedCurrency": "USD", "grossProfit": "322676000", "totalRevenue": "460089000", "costOfRevenue": "137413000", "costofGoodsAndServicesSold": "137413000", "operatingIncome": "95274000", "sellingGeneralAndAdministrative": "60375000", "researchAndDevelopment": "0", "operatingExpenses": "227402000", "investmentIncomeNet": "None", "netInterestIncome": "None", "interestIncome": "None", "interestExpense": "80184000", "nonInterestIncome": "None", "otherNonOperatingIncome": "128422000", "depreciation": "None", "depreciationAndAmortization": "161577000", "incomeBeforeTax": "143512000", "incomeTaxExpense": "-8918000", "interestAndDebtExpense": "None", "netIncomeFromContinuingOperations": "152430000", "comprehensiveIncomeNetOfTax": "None", "ebit": "223696000", "ebitda": "385273000", "netIncome": "81180000"}, {"fiscalDateEnding": "2014-03-31", "reportedCurrency": "USD", "grossProfit": "300002000", "totalRevenue": "434682000", "costOfRevenue": "134680000", "costofGoodsAndServicesSold": "134680000", "operatingIncome": "71466000", "sellingGeneralAndAdministrative": "63203000", "researchAndDevelopment": "0", "operatingExpenses": "228536000", "investmentIncomeNet": "None", "netInterestIncome": "None", "interestIncome": "None", "interestExpense": "82100000", "nonInterestIncome": "None", "otherNonOperatingIncome": "32940000", "depreciation": "None", "depreciationAndAmortization": "160280000", "incomeBeforeTax": "18883000", "incomeTaxExpense": "6880000", "interestAndDebtExpense": "None", "netIncomeFromContinuingOperations": "12003000", "comprehensiveIncomeNetOfTax": "None", "ebit": "100983000", "ebitda": "261263000", "netIncome": "6801000"}, {"fiscalDateEnding": "2013-12-31", "reportedCurrency": "USD", "grossProfit": "295739000", "totalRevenue": "416746000", "costOfRevenue": "121007000", "costofGoodsAndServicesSold": "121007000", "operatingIncome": "67206000", "sellingGeneralAndAdministrative": "63067000", "researchAndDevelopment": "0", "operatingExpenses": "228533000", "investmentIncomeNet": "None", "netInterestIncome": "None", "interestIncome": "None", "interestExpense": "83036000", "nonInterestIncome": "None", "otherNonOperatingIncome": "48037000", "depreciation": "None", "depreciationAndAmortization": "167922000", "incomeBeforeTax": "28299000", "incomeTaxExpense": "22199000", "interestAndDebtExpense": "None", "netIncomeFromContinuingOperations": "4173000", "comprehensiveIncomeNetOfTax": "None", "ebit": "111335000", "ebitda": "279257000", "netIncome": "61192000"}, {"fiscalDateEnding": "2013-09-30", "reportedCurrency": "USD", "grossProfit": "294224000", "totalRevenue": "430185000", "costOfRevenue": "128834000", "costofGoodsAndServicesSold": "128834000", "operatingIncome": "77381000", "sellingGeneralAndAdministrative": "55034000", "researchAndDevelopment": "0", "operatingExpenses": "216843000", "investmentIncomeNet": "None", "netInterestIncome": "None", "interestIncome": "None", "interestExpense": "84642000", "nonInterestIncome": "None", "otherNonOperatingIncome": "-29229000", "depreciation": "None", "depreciationAndAmortization": "159242000", "incomeBeforeTax": "-35157000", "incomeTaxExpense": "12180000", "interestAndDebtExpense": "None", "netIncomeFromContinuingOperations": "-47337000", "comprehensiveIncomeNetOfTax": "None", "ebit": "48152000", "ebitda": "207394000", "netIncome": "-5399000"}, {"fiscalDateEnding": "2013-06-30", "reportedCurrency": "USD", "grossProfit": "275850000", "totalRevenue": "419474000", "costOfRevenue": "134843000", "costofGoodsAndServicesSold": "134843000", "operatingIncome": "58514000", "sellingGeneralAndAdministrative": "54909000", "researchAndDevelopment": "0", "operatingExpenses": "217336000", "investmentIncomeNet": "None", "netInterestIncome": "None", "interestIncome": "None", "interestExpense": "92214000", "nonInterestIncome": "None", "otherNonOperatingIncome": "33596000", "depreciation": "None", "depreciationAndAmortization": "159412000", "incomeBeforeTax": "2330000", "incomeTaxExpense": "20488000", "interestAndDebtExpense": "None", "netIncomeFromContinuingOperations": "-18158000", "comprehensiveIncomeNetOfTax": "None", "ebit": "92110000", "ebitda": "251522000", "netIncome": "2299000"}, {"fiscalDateEnding": "2013-03-31", "reportedCurrency": "USD", "grossProfit": "329708000", "totalRevenue": "490616000", "costOfRevenue": "150263000", "costofGoodsAndServicesSold": "150263000", "operatingIncome": "97039000", "sellingGeneralAndAdministrative": "56197000", "researchAndDevelopment": "0", "operatingExpenses": "232669000", "investmentIncomeNet": "None", "netInterestIncome": "None", "interestIncome": "None", "interestExpense": "111353000", "nonInterestIncome": "None", "otherNonOperatingIncome": "358773000", "depreciation": "None", "depreciationAndAmortization": "177431000", "incomeBeforeTax": "342717000", "incomeTaxExpense": "51866000", "interestAndDebtExpense": "None", "netIncomeFromContinuingOperations": "290851000", "comprehensiveIncomeNetOfTax": "None", "ebit": "452524000", "ebitda": "629955000", "netIncome": "284829000"}, {"fiscalDateEnding": "2012-12-31", "reportedCurrency": "USD", "grossProfit": "355962000", "totalRevenue": "494916000", "costOfRevenue": "138954000", "costofGoodsAndServicesSold": "138954000", "operatingIncome": "-161532000", "sellingGeneralAndAdministrative": "60608000", "researchAndDevelopment": "0", "operatingExpenses": "517494000", "investmentIncomeNet": "None", "netInterestIncome": "None", "interestIncome": "None", "interestExpense": "106214000", "nonInterestIncome": "None", "otherNonOperatingIncome": "19375000", "depreciation": "None", "depreciationAndAmortization": "189561000", "incomeBeforeTax": "-265152000", "incomeTaxExpense": "3364000", "interestAndDebtExpense": "None", "netIncomeFromContinuingOperations": "-275425000", "comprehensiveIncomeNetOfTax": "None", "ebit": "-158938000", "ebitda": "30623000", "netIncome": "-218408000"}, {"fiscalDateEnding": "2012-09-30", "reportedCurrency": "USD", "grossProfit": "357301000", "totalRevenue": "512105000", "costOfRevenue": "142161000", "costofGoodsAndServicesSold": "142161000", "operatingIncome": "75250000", "sellingGeneralAndAdministrative": "55886000", "researchAndDevelopment": "0", "operatingExpenses": "282051000", "investmentIncomeNet": "None", "netInterestIncome": "None", "interestIncome": "None", "interestExpense": "122817000", "nonInterestIncome": "None", "otherNonOperatingIncome": "18090000", "depreciation": "None", "depreciationAndAmortization": "198296000", "incomeBeforeTax": "-26041000", "incomeTaxExpense": "-19983000", "interestAndDebtExpense": "None", "netIncomeFromContinuingOperations": "-6058000", "comprehensiveIncomeNetOfTax": "None", "ebit": "93340000", "ebitda": "291636000", "netIncome": "-36221000"}, {"fiscalDateEnding": "2012-06-30", "reportedCurrency": "USD", "grossProfit": "360188000", "totalRevenue": "520748000", "costOfRevenue": "140993000", "costofGoodsAndServicesSold": "140993000", "operatingIncome": "101604000", "sellingGeneralAndAdministrative": "51415000", "researchAndDevelopment": "0", "operatingExpenses": "258584000", "investmentIncomeNet": "None", "netInterestIncome": "None", "interestIncome": "None", "interestExpense": "127582000", "nonInterestIncome": "None", "otherNonOperatingIncome": "22574000", "depreciation": "None", "depreciationAndAmortization": "187777000", "incomeBeforeTax": "1672000", "incomeTaxExpense": "8075000", "interestAndDebtExpense": "None", "netIncomeFromContinuingOperations": "-6403000", "comprehensiveIncomeNetOfTax": "None", "ebit": "124178000", "ebitda": "311955000", "netIncome": "1929000"}, {"fiscalDateEnding": "2012-03-31", "reportedCurrency": "USD", "grossProfit": "343818000", "totalRevenue": "500064000", "costOfRevenue": "135612000", "costofGoodsAndServicesSold": "135612000", "operatingIncome": "85131000", "sellingGeneralAndAdministrative": "60159000", "researchAndDevelopment": "0", "operatingExpenses": "258687000", "investmentIncomeNet": "None", "netInterestIncome": "None", "interestIncome": "None", "interestExpense": "128100000", "nonInterestIncome": "None", "otherNonOperatingIncome": "249376000", "depreciation": "None", "depreciationAndAmortization": "191825000", "incomeBeforeTax": "206808000", "incomeTaxExpense": "12124000", "interestAndDebtExpense": "None", "netIncomeFromContinuingOperations": "194684000", "comprehensiveIncomeNetOfTax": "None", "ebit": "329551000", "ebitda": "521376000", "netIncome": "212979000"}, {"fiscalDateEnding": "2011-12-31", "reportedCurrency": "USD", "grossProfit": "327982000", "totalRevenue": "457608000", "costOfRevenue": "129626000", "costofGoodsAndServicesSold": "129626000", "operatingIncome": "45091000", "sellingGeneralAndAdministrative": "50797000", "researchAndDevelopment": "0", "operatingExpenses": "282891000", "investmentIncomeNet": "None", "netInterestIncome": "None", "interestIncome": "None", "interestExpense": "129159000", "nonInterestIncome": "None", "otherNonOperatingIncome": "-2743000", "depreciation": "None", "depreciationAndAmortization": "198304000", "incomeBeforeTax": "-102971000", "incomeTaxExpense": "-8184000", "interestAndDebtExpense": "None", "netIncomeFromContinuingOperations": "-143486000", "comprehensiveIncomeNetOfTax": "None", "ebit": "26188000", "ebitda": "224492000", "netIncome": "-35183000"}, {"fiscalDateEnding": "2011-09-30", "reportedCurrency": "USD", "grossProfit": "332108000", "totalRevenue": "501393000", "costOfRevenue": "137029000", "costofGoodsAndServicesSold": "137029000", "operatingIncome": "79339000", "sellingGeneralAndAdministrative": "53341000", "researchAndDevelopment": "0", "operatingExpenses": "252769000", "investmentIncomeNet": "None", "netInterestIncome": "None", "interestIncome": "None", "interestExpense": "135863000", "nonInterestIncome": "None", "otherNonOperatingIncome": "96241000", "depreciation": "None", "depreciationAndAmortization": "198031000", "incomeBeforeTax": "50943000", "incomeTaxExpense": "-2838000", "interestAndDebtExpense": "None", "netIncomeFromContinuingOperations": "53781000", "comprehensiveIncomeNetOfTax": "None", "ebit": "175580000", "ebitda": "373611000", "netIncome": "65315000"}, {"fiscalDateEnding": "2011-06-30", "reportedCurrency": "USD", "grossProfit": "232117000", "totalRevenue": "335901000", "costOfRevenue": "88795000", "costofGoodsAndServicesSold": "88795000", "operatingIncome": "-46968000", "sellingGeneralAndAdministrative": "51840000", "researchAndDevelopment": "0", "operatingExpenses": "279085000", "investmentIncomeNet": "None", "netInterestIncome": "None", "interestIncome": "None", "interestExpense": "112916000", "nonInterestIncome": "None", "otherNonOperatingIncome": "5127000", "depreciation": "None", "depreciationAndAmortization": "124428000", "incomeBeforeTax": "-148325000", "incomeTaxExpense": "6429000", "interestAndDebtExpense": "None", "netIncomeFromContinuingOperations": "-154754000", "comprehensiveIncomeNetOfTax": "None", "ebit": "-41841000", "ebitda": "82587000", "netIncome": "-143829000"}, {"fiscalDateEnding": "2011-03-31", "reportedCurrency": "USD", "grossProfit": "158691000", "totalRevenue": "165768000", "costOfRevenue": "71176000", "costofGoodsAndServicesSold": "71176000", "operatingIncome": "28787000", "sellingGeneralAndAdministrative": "30902000", "researchAndDevelopment": "0", "operatingExpenses": "129904000", "investmentIncomeNet": "None", "netInterestIncome": "None", "interestIncome": "None", "interestExpense": "93106000", "nonInterestIncome": "None", "otherNonOperatingIncome": "None", "depreciation": "None", "depreciationAndAmortization": "83121000", "incomeBeforeTax": "-2729000", "incomeTaxExpense": "6369000", "interestAndDebtExpense": "None", "netIncomeFromContinuingOperations": "0", "comprehensiveIncomeNetOfTax": "None", "ebit": "47527000", "ebitda": "130648000", "netIncome": "12128000"}, {"fiscalDateEnding": "2010-12-31", "reportedCurrency": "USD", "grossProfit": "118282000", "totalRevenue": "164512000", "costOfRevenue": "46230000", "costofGoodsAndServicesSold": "46230000", "operatingIncome": "31353000", "sellingGeneralAndAdministrative": "33784000", "researchAndDevelopment": "0", "operatingExpenses": "86929000", "investmentIncomeNet": "None", "netInterestIncome": "None", "interestIncome": "None", "interestExpense": "32974000", "nonInterestIncome": "None", "otherNonOperatingIncome": "None", "depreciation": "None", "depreciationAndAmortization": "45946000", "incomeBeforeTax": "9152000", "incomeTaxExpense": "-9152000", "interestAndDebtExpense": "None", "netIncomeFromContinuingOperations": "0", "comprehensiveIncomeNetOfTax": "None", "ebit": "36606000", "ebitda": "82552000", "netIncome": "9152000"}, {"fiscalDateEnding": "2010-09-30", "reportedCurrency": "USD", "grossProfit": "162254000", "totalRevenue": "158696000", "costOfRevenue": "66360000", "costofGoodsAndServicesSold": "66360000", "operatingIncome": "35737000", "sellingGeneralAndAdministrative": "28715000", "researchAndDevelopment": "0", "operatingExpenses": "126517000", "investmentIncomeNet": "None", "netInterestIncome": "None", "interestIncome": "None", "interestExpense": "120233000", "nonInterestIncome": "None", "otherNonOperatingIncome": "None", "depreciation": "None", "depreciationAndAmortization": "93552000", "incomeBeforeTax": "10927000", "incomeTaxExpense": "7455000", "interestAndDebtExpense": "None", "netIncomeFromContinuingOperations": "0", "comprehensiveIncomeNetOfTax": "None", "ebit": "92612000", "ebitda": "186164000", "netIncome": "10927000"}, {"fiscalDateEnding": "2010-06-30", "reportedCurrency": "USD", "grossProfit": "155126000", "totalRevenue": "158618000", "costOfRevenue": "64020000", "costofGoodsAndServicesSold": "64020000", "operatingIncome": "34318000", "sellingGeneralAndAdministrative": "30093000", "researchAndDevelopment": "0", "operatingExpenses": "120808000", "investmentIncomeNet": "None", "netInterestIncome": "None", "interestIncome": "None", "interestExpense": "120290000", "nonInterestIncome": "None", "otherNonOperatingIncome": "None", "depreciation": "None", "depreciationAndAmortization": "129431000", "incomeBeforeTax": "7191000", "incomeTaxExpense": "-40249000", "interestAndDebtExpense": "None", "netIncomeFromContinuingOperations": "0", "comprehensiveIncomeNetOfTax": "None", "ebit": "42350000", "ebitda": "171781000", "netIncome": "7191000"}, {"fiscalDateEnding": "2010-03-31", "reportedCurrency": "USD", "grossProfit": "105972000", "totalRevenue": "157952000", "costOfRevenue": "48118000", "costofGoodsAndServicesSold": "48118000", "operatingIncome": "22162000", "sellingGeneralAndAdministrative": "32265000", "researchAndDevelopment": "0", "operatingExpenses": "83810000", "investmentIncomeNet": "None", "netInterestIncome": "None", "interestIncome": "None", "interestExpense": "32589000", "nonInterestIncome": "None", "otherNonOperatingIncome": "None", "depreciation": "None", "depreciationAndAmortization": "44371000", "incomeBeforeTax": "-466000", "incomeTaxExpense": "-315000", "interestAndDebtExpense": "None", "netIncomeFromContinuingOperations": "0", "comprehensiveIncomeNetOfTax": "None", "ebit": "34139000", "ebitda": "78510000", "netIncome": "-151000"}, {"fiscalDateEnding": "2009-12-31", "reportedCurrency": "USD", "grossProfit": "112996000", "totalRevenue": "162614000", "costOfRevenue": "49618000", "costofGoodsAndServicesSold": "49618000", "operatingIncome": "27403000", "sellingGeneralAndAdministrative": "31655000", "researchAndDevelopment": "0", "operatingExpenses": "85593000", "investmentIncomeNet": "None", "netInterestIncome": "None", "interestIncome": "None", "interestExpense": "30616000", "nonInterestIncome": "None", "otherNonOperatingIncome": "None", "depreciation": "None", "depreciationAndAmortization": "48133000", "incomeBeforeTax": "-13117000", "incomeTaxExpense": "13117000", "interestAndDebtExpense": "None", "netIncomeFromContinuingOperations": "0", "comprehensiveIncomeNetOfTax": "None", "ebit": "31031000", "ebitda": "79164000", "netIncome": "-13117000"}, {"fiscalDateEnding": "2009-09-30", "reportedCurrency": "USD", "grossProfit": "108421000", "totalRevenue": "157535000", "costOfRevenue": "45146000", "costofGoodsAndServicesSold": "45146000", "operatingIncome": "31988000", "sellingGeneralAndAdministrative": "27156000", "researchAndDevelopment": "0", "operatingExpenses": "76433000", "investmentIncomeNet": "None", "netInterestIncome": "None", "interestIncome": "None", "interestExpense": "27498000", "nonInterestIncome": "None", "otherNonOperatingIncome": "None", "depreciation": "None", "depreciationAndAmortization": "42412000", "incomeBeforeTax": "67140000", "incomeTaxExpense": "-67140000", "interestAndDebtExpense": "None", "netIncomeFromContinuingOperations": "0", "comprehensiveIncomeNetOfTax": "None", "ebit": "35551000", "ebitda": "77963000", "netIncome": "67140000"}, {"fiscalDateEnding": "2009-06-30", "reportedCurrency": "USD", "grossProfit": "105619000", "totalRevenue": "147370000", "costOfRevenue": "42953000", "costofGoodsAndServicesSold": "42953000", "operatingIncome": "36926000", "sellingGeneralAndAdministrative": "33744000", "researchAndDevelopment": "0", "operatingExpenses": "68693000", "investmentIncomeNet": "None", "netInterestIncome": "None", "interestIncome": "None", "interestExpense": "27772000", "nonInterestIncome": "None", "otherNonOperatingIncome": "None", "depreciation": "None", "depreciationAndAmortization": "36760000", "incomeBeforeTax": "21374000", "incomeTaxExpense": "-21374000", "interestAndDebtExpense": "None", "netIncomeFromContinuingOperations": "0", "comprehensiveIncomeNetOfTax": "None", "ebit": "38689000", "ebitda": "75449000", "netIncome": "21374000"}, {"fiscalDateEnding": "2009-03-31", "reportedCurrency": "USD", "grossProfit": "114031000", "totalRevenue": "165529000", "costOfRevenue": "49388000", "costofGoodsAndServicesSold": "49388000", "operatingIncome": "-134893000", "sellingGeneralAndAdministrative": "31510000", "researchAndDevelopment": "0", "operatingExpenses": "248924000", "investmentIncomeNet": "None", "netInterestIncome": "None", "interestIncome": "None", "interestExpense": "32799000", "nonInterestIncome": "None", "otherNonOperatingIncome": "None", "depreciation": "None", "depreciationAndAmortization": "38733000", "incomeBeforeTax": "-129301000", "incomeTaxExpense": "-10903000", "interestAndDebtExpense": "None", "netIncomeFromContinuingOperations": "0", "comprehensiveIncomeNetOfTax": "None", "ebit": "-105318000", "ebitda": "-66585000", "netIncome": "-118398000"}, {"fiscalDateEnding": "2008-12-31", "reportedCurrency": "USD", "grossProfit": "120811000", "totalRevenue": "167136000", "costOfRevenue": "46325000", "costofGoodsAndServicesSold": "46325000", "operatingIncome": "37933000", "sellingGeneralAndAdministrative": "40780000", "researchAndDevelopment": "0", "operatingExpenses": "82878000", "investmentIncomeNet": "None", "netInterestIncome": "None", "interestIncome": "None", "interestExpense": "32578000", "nonInterestIncome": "None", "otherNonOperatingIncome": "None", "depreciation": "None", "depreciationAndAmortization": "38153000", "incomeBeforeTax": "-197412000", "incomeTaxExpense": "197412000", "interestAndDebtExpense": "None", "netIncomeFromContinuingOperations": "0", "comprehensiveIncomeNetOfTax": "None", "ebit": "39432000", "ebitda": "77585000", "netIncome": "-197412000"}, {"fiscalDateEnding": "2008-09-30", "reportedCurrency": "USD", "grossProfit": "115288000", "totalRevenue": "162495000", "costOfRevenue": "43189000", "costofGoodsAndServicesSold": "43189000", "operatingIncome": "35852000", "sellingGeneralAndAdministrative": "34415000", "researchAndDevelopment": "0", "operatingExpenses": "79436000", "investmentIncomeNet": "None", "netInterestIncome": "None", "interestIncome": "None", "interestExpense": "33303000", "nonInterestIncome": "None", "otherNonOperatingIncome": "None", "depreciation": "None", "depreciationAndAmortization": "42777000", "incomeBeforeTax": "28151000", "incomeTaxExpense": "-28151000", "interestAndDebtExpense": "None", "netIncomeFromContinuingOperations": "0", "comprehensiveIncomeNetOfTax": "None", "ebit": "38874000", "ebitda": "81651000", "netIncome": "28151000"}, {"fiscalDateEnding": "2008-06-30", "reportedCurrency": "USD", "grossProfit": "156331000", "totalRevenue": "209299000", "costOfRevenue": "46209000", "costofGoodsAndServicesSold": "46209000", "operatingIncome": "81051000", "sellingGeneralAndAdministrative": "33794000", "researchAndDevelopment": "0", "operatingExpenses": "75280000", "investmentIncomeNet": "None", "netInterestIncome": "None", "interestIncome": "None", "interestExpense": "36532000", "nonInterestIncome": "None", "otherNonOperatingIncome": "None", "depreciation": "None", "depreciationAndAmortization": "36537000", "incomeBeforeTax": "77019000", "incomeTaxExpense": "-77019000", "interestAndDebtExpense": "None", "netIncomeFromContinuingOperations": "0", "comprehensiveIncomeNetOfTax": "None", "ebit": "84244000", "ebitda": "120781000", "netIncome": "77019000"}, {"fiscalDateEnding": "2008-03-31", "reportedCurrency": "USD", "grossProfit": "126864000", "totalRevenue": "176486000", "costOfRevenue": "44994000", "costofGoodsAndServicesSold": "44994000", "operatingIncome": "50639000", "sellingGeneralAndAdministrative": "35153000", "researchAndDevelopment": "17820000", "operatingExpenses": "76225000", "investmentIncomeNet": "None", "netInterestIncome": "None", "interestIncome": "None", "interestExpense": "29957000", "nonInterestIncome": "None", "otherNonOperatingIncome": "None", "depreciation": "None", "depreciationAndAmortization": "37637000", "incomeBeforeTax": "42932000", "incomeTaxExpense": "-42932000", "interestAndDebtExpense": "None", "netIncomeFromContinuingOperations": "0", "comprehensiveIncomeNetOfTax": "None", "ebit": "99101000", "ebitda": "136738000", "netIncome": "42932000"}, {"fiscalDateEnding": "2007-12-31", "reportedCurrency": "USD", "grossProfit": "169841000", "totalRevenue": "169841000", "costOfRevenue": "623157000", "costofGoodsAndServicesSold": "623157000", "operatingIncome": "48645000", "sellingGeneralAndAdministrative": "34251000", "researchAndDevelopment": "0", "operatingExpenses": "121196000", "investmentIncomeNet": "None", "netInterestIncome": "None", "interestIncome": "None", "interestExpense": "121095000", "nonInterestIncome": "None", "otherNonOperatingIncome": "None", "depreciation": "None", "depreciationAndAmortization": "41132000", "incomeBeforeTax": "97199000", "incomeTaxExpense": "-97199000", "interestAndDebtExpense": "None", "netIncomeFromContinuingOperations": "0", "comprehensiveIncomeNetOfTax": "None", "ebit": "48645000", "ebitda": "89777000", "netIncome": "97199000"}, {"fiscalDateEnding": "2007-09-30", "reportedCurrency": "USD", "grossProfit": "122705000", "totalRevenue": "166304000", "costOfRevenue": "42664000", "costofGoodsAndServicesSold": "42664000", "operatingIncome": "46061000", "sellingGeneralAndAdministrative": "35145000", "researchAndDevelopment": "48298000", "operatingExpenses": "76644000", "investmentIncomeNet": "None", "netInterestIncome": "None", "interestIncome": "None", "interestExpense": "29326000", "nonInterestIncome": "None", "otherNonOperatingIncome": "None", "depreciation": "None", "depreciationAndAmortization": "37260000", "incomeBeforeTax": "73110000", "incomeTaxExpense": "-73110000", "interestAndDebtExpense": "None", "netIncomeFromContinuingOperations": "0", "comprehensiveIncomeNetOfTax": "None", "ebit": "49095000", "ebitda": "86355000", "netIncome": "73110000"}, {"fiscalDateEnding": "2007-06-30", "reportedCurrency": "USD", "grossProfit": "124833000", "totalRevenue": "171432000", "costOfRevenue": "42568000", "costofGoodsAndServicesSold": "42568000", "operatingIncome": "54969000", "sellingGeneralAndAdministrative": "30260000", "researchAndDevelopment": "28996000", "operatingExpenses": "69864000", "investmentIncomeNet": "None", "netInterestIncome": "None", "interestIncome": "None", "interestExpense": "33151000", "nonInterestIncome": "None", "otherNonOperatingIncome": "None", "depreciation": "None", "depreciationAndAmortization": "34332000", "incomeBeforeTax": "118269000", "incomeTaxExpense": "-118269000", "interestAndDebtExpense": "None", "netIncomeFromContinuingOperations": "0", "comprehensiveIncomeNetOfTax": "None", "ebit": "58825000", "ebitda": "93157000", "netIncome": "118269000"}, {"fiscalDateEnding": "2007-03-31", "reportedCurrency": "USD", "grossProfit": "139476000", "totalRevenue": "168007000", "costOfRevenue": "25029000", "costofGoodsAndServicesSold": "25029000", "operatingIncome": "49101000", "sellingGeneralAndAdministrative": "29854000", "researchAndDevelopment": "12192000", "operatingExpenses": "90375000", "investmentIncomeNet": "None", "netInterestIncome": "None", "interestIncome": "None", "interestExpense": "33865000", "nonInterestIncome": "None", "otherNonOperatingIncome": "None", "depreciation": "None", "depreciationAndAmortization": "41282000", "incomeBeforeTax": "25682000", "incomeTaxExpense": "-25682000", "interestAndDebtExpense": "None", "netIncomeFromContinuingOperations": "0", "comprehensiveIncomeNetOfTax": "None", "ebit": "49101000", "ebitda": "90383000", "netIncome": "25682000"}, {"fiscalDateEnding": "2006-12-31", "reportedCurrency": "USD", "grossProfit": "180918000", "totalRevenue": "180918000", "costOfRevenue": "365935000", "costofGoodsAndServicesSold": "365935000", "operatingIncome": "66192000", "sellingGeneralAndAdministrative": "30219000", "researchAndDevelopment": "0", "operatingExpenses": "114726000", "investmentIncomeNet": "None", "netInterestIncome": "None", "interestIncome": "None", "interestExpense": "104966000", "nonInterestIncome": "None", "otherNonOperatingIncome": "None", "depreciation": "None", "depreciationAndAmortization": "44465000", "incomeBeforeTax": "87755000", "incomeTaxExpense": "-87755000", "interestAndDebtExpense": "None", "netIncomeFromContinuingOperations": "0", "comprehensiveIncomeNetOfTax": "None", "ebit": "130687000", "ebitda": "175152000", "netIncome": "87755000"}, {"fiscalDateEnding": "2006-09-30", "reportedCurrency": "USD", "grossProfit": "167366000", "totalRevenue": "187695000", "costOfRevenue": "20329000", "costofGoodsAndServicesSold": "20329000", "operatingIncome": "61852000", "sellingGeneralAndAdministrative": "25641000", "researchAndDevelopment": "23517000", "operatingExpenses": "118483000", "investmentIncomeNet": "None", "netInterestIncome": "None", "interestIncome": "None", "interestExpense": "44535000", "nonInterestIncome": "None", "otherNonOperatingIncome": "None", "depreciation": "None", "depreciationAndAmortization": "48724000", "incomeBeforeTax": "33387000", "incomeTaxExpense": "-33387000", "interestAndDebtExpense": "None", "netIncomeFromContinuingOperations": "0", "comprehensiveIncomeNetOfTax": "None", "ebit": "61852000", "ebitda": "110576000", "netIncome": "33387000"}, {"fiscalDateEnding": "2006-06-30", "reportedCurrency": "USD", "grossProfit": "159927000", "totalRevenue": "180273000", "costOfRevenue": "20346000", "costofGoodsAndServicesSold": "20346000", "operatingIncome": "57109000", "sellingGeneralAndAdministrative": "25144000", "researchAndDevelopment": "45698000", "operatingExpenses": "118808000", "investmentIncomeNet": "None", "netInterestIncome": "None", "interestIncome": "None", "interestExpense": "44075000", "nonInterestIncome": "None", "otherNonOperatingIncome": "None", "depreciation": "None", "depreciationAndAmortization": "49832000", "incomeBeforeTax": "75353000", "incomeTaxExpense": "-75353000", "interestAndDebtExpense": "None", "netIncomeFromContinuingOperations": "0", "comprehensiveIncomeNetOfTax": "None", "ebit": "57109000", "ebitda": "106941000", "netIncome": "75353000"}, {"fiscalDateEnding": "2006-03-31", "reportedCurrency": "USD", "grossProfit": "161050000", "totalRevenue": "181513000", "costOfRevenue": "20463000", "costofGoodsAndServicesSold": "20463000", "operatingIncome": "65311000", "sellingGeneralAndAdministrative": "23048000", "researchAndDevelopment": "674000", "operatingExpenses": "111096000", "investmentIncomeNet": "None", "netInterestIncome": "None", "interestIncome": "None", "interestExpense": "39789000", "nonInterestIncome": "None", "otherNonOperatingIncome": "None", "depreciation": "None", "depreciationAndAmortization": "43268000", "incomeBeforeTax": "27577000", "incomeTaxExpense": "-27577000", "interestAndDebtExpense": "None", "netIncomeFromContinuingOperations": "0", "comprehensiveIncomeNetOfTax": "None", "ebit": "65311000", "ebitda": "108579000", "netIncome": "27577000"}, {"fiscalDateEnding": "2005-12-31", "reportedCurrency": "USD", "grossProfit": "158599000", "totalRevenue": "158599000", "costOfRevenue": "310496000", "costofGoodsAndServicesSold": "310496000", "operatingIncome": "72341000", "sellingGeneralAndAdministrative": "20339000", "researchAndDevelopment": "0", "operatingExpenses": "86258000", "investmentIncomeNet": "None", "netInterestIncome": "None", "interestIncome": "None", "interestExpense": "86109000", "nonInterestIncome": "None", "otherNonOperatingIncome": "None", "depreciation": "None", "depreciationAndAmortization": "48010000", "incomeBeforeTax": "141183000", "incomeTaxExpense": "-141183000", "interestAndDebtExpense": "None", "netIncomeFromContinuingOperations": "0", "comprehensiveIncomeNetOfTax": "None", "ebit": "72341000", "ebitda": "120351000", "netIncome": "141183000"}]}