{"symbol": "EQR", "annualReports": [{"fiscalDateEnding": "2025-12-31", "reportedCurrency": "USD", "grossProfit": "1436338000", "totalRevenue": "3101081000", "costOfRevenue": "1664743000", "costofGoodsAndServicesSold": "1664743000", "operatingIncome": "1126498000", "sellingGeneralAndAdministrative": "51450000", "researchAndDevelopment": "None", "operatingExpenses": "309840000", "investmentIncomeNet": "None", "netInterestIncome": "-263126000", "interestIncome": "263126000", "interestExpense": "237352000", "nonInterestIncome": "None", "otherNonOperatingIncome": "None", "depreciation": "None", "depreciationAndAmortization": "1013605999", "incomeBeforeTax": "1158541000", "incomeTaxExpense": "6581000", "interestAndDebtExpense": "None", "netIncomeFromContinuingOperations": "1152029000", "comprehensiveIncomeNetOfTax": "None", "ebit": "1324941001", "ebitda": "2338547000", "netIncome": "1120089000"}, {"fiscalDateEnding": "2024-12-31", "reportedCurrency": "USD", "grossProfit": "1885543000", "totalRevenue": "2980108000", "costOfRevenue": "1094565000", "costofGoodsAndServicesSold": "1094565000", "operatingIncome": "1823890000", "sellingGeneralAndAdministrative": "61653000", "researchAndDevelopment": "None", "operatingExpenses": "61653000", "investmentIncomeNet": "None", "netInterestIncome": "-263240000", "interestIncome": "30329000", "interestExpense": "285735000", "nonInterestIncome": "None", "otherNonOperatingIncome": "None", "depreciation": "None", "depreciationAndAmortization": "966739000", "incomeBeforeTax": "1072231000", "incomeTaxExpense": "1256000", "interestAndDebtExpense": "None", "netIncomeFromContinuingOperations": "1070975000", "comprehensiveIncomeNetOfTax": "None", "ebit": "871699000", "ebitda": "1838438000", "netIncome": "1035831000"}, {"fiscalDateEnding": "2023-12-31", "reportedCurrency": "USD", "grossProfit": "2179311000", "totalRevenue": "2873964000", "costOfRevenue": "694653000", "costofGoodsAndServicesSold": "694653000", "operatingIncome": "1160585000", "sellingGeneralAndAdministrative": "60716000", "researchAndDevelopment": "0.31", "operatingExpenses": "60716000", "investmentIncomeNet": "None", "netInterestIncome": "-267395000", "interestIncome": "8645000", "interestExpense": "266709000", "nonInterestIncome": "None", "otherNonOperatingIncome": "None", "depreciation": "None", "depreciationAndAmortization": "901504000", "incomeBeforeTax": "875014000", "incomeTaxExpense": "39576000", "interestAndDebtExpense": "None", "netIncomeFromContinuingOperations": "1066197000", "comprehensiveIncomeNetOfTax": "None", "ebit": "1160585000", "ebitda": "1160585000", "netIncome": "835438000"}, {"fiscalDateEnding": "2022-12-31", "reportedCurrency": "USD", "grossProfit": "1752599000", "totalRevenue": "2735180000", "costOfRevenue": "982581000", "costofGoodsAndServicesSold": "982581000", "operatingIncome": "1693889000", "sellingGeneralAndAdministrative": "58710000", "researchAndDevelopment": "0.30", "operatingExpenses": "58710000", "investmentIncomeNet": "None", "netInterestIncome": "-289456000", "interestIncome": "289456000", "interestExpense": "282920000", "nonInterestIncome": "None", "otherNonOperatingIncome": "-16502000", "depreciation": "None", "depreciationAndAmortization": "894325000", "incomeBeforeTax": "807895000", "incomeTaxExpense": "900000", "interestAndDebtExpense": "None", "netIncomeFromContinuingOperations": "806995000", "comprehensiveIncomeNetOfTax": "None", "ebit": "811721000", "ebitda": "1706046000", "netIncome": "776911000"}, {"fiscalDateEnding": "2021-12-31", "reportedCurrency": "USD", "grossProfit": "1515205000", "totalRevenue": "2463997000", "costOfRevenue": "948792000", "costofGoodsAndServicesSold": "948792000", "operatingIncome": "1675841000", "sellingGeneralAndAdministrative": "56506000", "researchAndDevelopment": "0.58", "operatingExpenses": "-160636000", "investmentIncomeNet": "None", "netInterestIncome": "-255544000", "interestIncome": "25666000", "interestExpense": "272473000", "nonInterestIncome": "None", "otherNonOperatingIncome": "2993000", "depreciation": "None", "depreciationAndAmortization": "838272000", "incomeBeforeTax": "1397629000", "incomeTaxExpense": "915000", "interestAndDebtExpense": "None", "netIncomeFromContinuingOperations": "1396709000", "comprehensiveIncomeNetOfTax": "None", "ebit": "620427000", "ebitda": "1458699000", "netIncome": "1332850000"}, {"fiscalDateEnding": "2020-12-31", "reportedCurrency": "USD", "grossProfit": "1655320000", "totalRevenue": "2571705000", "costOfRevenue": "916385000", "costofGoodsAndServicesSold": "916385000", "operatingIncome": "1317990000", "sellingGeneralAndAdministrative": "48305000", "researchAndDevelopment": "0.37", "operatingExpenses": "337330000", "investmentIncomeNet": "None", "netInterestIncome": "-368077000", "interestIncome": "5935000", "interestExpense": "365073000", "nonInterestIncome": "None", "otherNonOperatingIncome": "-14859000", "depreciation": "None", "depreciationAndAmortization": "820832000", "incomeBeforeTax": "963353000", "incomeTaxExpense": "852000", "interestAndDebtExpense": "None", "netIncomeFromContinuingOperations": "931551000", "comprehensiveIncomeNetOfTax": "None", "ebit": "786183000", "ebitda": "1607015000", "netIncome": "913636000"}, {"fiscalDateEnding": "2019-12-31", "reportedCurrency": "USD", "grossProfit": "1792363000", "totalRevenue": "2700691000", "costOfRevenue": "908328000", "costofGoodsAndServicesSold": "908328000", "operatingIncome": "1356160000", "sellingGeneralAndAdministrative": "52757000", "researchAndDevelopment": "0.35", "operatingExpenses": "436203000", "investmentIncomeNet": "None", "netInterestIncome": "-398929000", "interestIncome": "2817000", "interestExpense": "390076000", "nonInterestIncome": "None", "otherNonOperatingIncome": "50585000", "depreciation": "None", "depreciationAndAmortization": "831083000", "incomeBeforeTax": "1007427000", "incomeTaxExpense": "-2281000", "interestAndDebtExpense": "None", "netIncomeFromContinuingOperations": "941719000", "comprehensiveIncomeNetOfTax": "None", "ebit": "908523000", "ebitda": "1739606000", "netIncome": "970377000"}, {"fiscalDateEnding": "2018-12-31", "reportedCurrency": "USD", "grossProfit": "1698047000", "totalRevenue": "2577681000", "costOfRevenue": "879634000", "costofGoodsAndServicesSold": "879634000", "operatingIncome": "1114617000", "sellingGeneralAndAdministrative": "53813000", "researchAndDevelopment": "0.17", "operatingExpenses": "583430000", "investmentIncomeNet": "None", "netInterestIncome": "-409353000", "interestIncome": "15317000", "interestExpense": "413360000", "nonInterestIncome": "None", "otherNonOperatingIncome": "239883000", "depreciation": "None", "depreciationAndAmortization": "790117000", "incomeBeforeTax": "686070000", "incomeTaxExpense": "878000", "interestAndDebtExpense": "None", "netIncomeFromContinuingOperations": "685192000", "comprehensiveIncomeNetOfTax": "None", "ebit": "846015000", "ebitda": "1636132000", "netIncome": "657535000"}, {"fiscalDateEnding": "2017-12-31", "reportedCurrency": "USD", "grossProfit": "1645137000", "totalRevenue": "2471406000", "costOfRevenue": "826269000", "costofGoodsAndServicesSold": "826269000", "operatingIncome": "1004528000", "sellingGeneralAndAdministrative": "52224000", "researchAndDevelopment": "0.19", "operatingExpenses": "640609000", "investmentIncomeNet": "None", "netInterestIncome": "-386280000", "interestIncome": "6136000", "interestExpense": "383890000", "nonInterestIncome": "None", "otherNonOperatingIncome": "146111000", "depreciation": "None", "depreciationAndAmortization": "747577000", "incomeBeforeTax": "628859000", "incomeTaxExpense": "478000", "interestAndDebtExpense": "None", "netIncomeFromContinuingOperations": "628381000", "comprehensiveIncomeNetOfTax": "None", "ebit": "837139000", "ebitda": "1584716000", "netIncome": "603454000"}, {"fiscalDateEnding": "2016-12-31", "reportedCurrency": "USD", "grossProfit": "1619575000", "totalRevenue": "2425800000", "costOfRevenue": "806225000", "costofGoodsAndServicesSold": "806225000", "operatingIncome": "856086000", "sellingGeneralAndAdministrative": "57840000", "researchAndDevelopment": "0.17", "operatingExpenses": "763489000", "investmentIncomeNet": "None", "netInterestIncome": "-429106000", "interestIncome": "65773000", "interestExpense": "482246000", "nonInterestIncome": "None", "otherNonOperatingIncome": "4091628000", "depreciation": "None", "depreciationAndAmortization": "709075000", "incomeBeforeTax": "4481199000", "incomeTaxExpense": "1613000", "interestAndDebtExpense": "None", "netIncomeFromContinuingOperations": "4479586000", "comprehensiveIncomeNetOfTax": "None", "ebit": "844934000", "ebitda": "1554009000", "netIncome": "4292163000"}, {"fiscalDateEnding": "2015-12-31", "reportedCurrency": "USD", "grossProfit": "1839797000", "totalRevenue": "2744965000", "costOfRevenue": "905168000", "costofGoodsAndServicesSold": "905168000", "operatingIncome": "1009238000", "sellingGeneralAndAdministrative": "65082000", "researchAndDevelopment": "0", "operatingExpenses": "830559000", "investmentIncomeNet": "None", "netInterestIncome": "None", "interestIncome": "447916000", "interestExpense": "444069000", "nonInterestIncome": "None", "otherNonOperatingIncome": "7372000", "depreciation": "None", "depreciationAndAmortization": "769277000", "incomeBeforeTax": "908538000", "incomeTaxExpense": "917000", "interestAndDebtExpense": "None", "netIncomeFromContinuingOperations": "907621000", "comprehensiveIncomeNetOfTax": "None", "ebit": "998174000", "ebitda": "1767451000", "netIncome": "870120000"}, {"fiscalDateEnding": "2014-12-31", "reportedCurrency": "USD", "grossProfit": "1731184000", "totalRevenue": "2614748000", "costOfRevenue": "883564000", "costofGoodsAndServicesSold": "883564000", "operatingIncome": "921644000", "sellingGeneralAndAdministrative": "50948000", "researchAndDevelopment": "0", "operatingExpenses": "809540000", "investmentIncomeNet": "None", "netInterestIncome": "None", "interestIncome": "None", "interestExpense": "457191000", "nonInterestIncome": "None", "otherNonOperatingIncome": "-7952000", "depreciation": "None", "depreciationAndAmortization": "762083000", "incomeBeforeTax": "658495000", "incomeTaxExpense": "1394000", "interestAndDebtExpense": "None", "netIncomeFromContinuingOperations": "657101000", "comprehensiveIncomeNetOfTax": "None", "ebit": "453096000", "ebitda": "1215179000", "netIncome": "631308000"}, {"fiscalDateEnding": "2013-12-31", "reportedCurrency": "USD", "grossProfit": "1553474000", "totalRevenue": "2387702000", "costOfRevenue": "834228000", "costofGoodsAndServicesSold": "834228000", "operatingIncome": "512322000", "sellingGeneralAndAdministrative": "62179000", "researchAndDevelopment": "0", "operatingExpenses": "1041152000", "investmentIncomeNet": "None", "netInterestIncome": "None", "interestIncome": "None", "interestExpense": "586854000", "nonInterestIncome": "None", "otherNonOperatingIncome": "-30798000", "depreciation": "None", "depreciationAndAmortization": "979873000", "incomeBeforeTax": "-167005000", "incomeTaxExpense": "1169000", "interestAndDebtExpense": "None", "netIncomeFromContinuingOperations": "-168174000", "comprehensiveIncomeNetOfTax": "None", "ebit": "27037000", "ebitda": "1006910000", "netIncome": "1830613000"}, {"fiscalDateEnding": "2012-12-31", "reportedCurrency": "USD", "grossProfit": "1121995000", "totalRevenue": "1747502000", "costOfRevenue": "625507000", "costofGoodsAndServicesSold": "625507000", "operatingIncome": "514092999", "sellingGeneralAndAdministrative": "47248000", "researchAndDevelopment": "0", "operatingExpenses": "485711999", "investmentIncomeNet": "None", "netInterestIncome": "None", "interestIncome": "None", "interestExpense": "457666000", "nonInterestIncome": "None", "otherNonOperatingIncome": "150547000", "depreciation": "None", "depreciationAndAmortization": "664082000", "incomeBeforeTax": "160812000", "incomeTaxExpense": "539000", "interestAndDebtExpense": "None", "netIncomeFromContinuingOperations": "311555000", "comprehensiveIncomeNetOfTax": "None", "ebit": "188922000", "ebitda": "853004000", "netIncome": "841719000"}, {"fiscalDateEnding": "2011-12-31", "reportedCurrency": "USD", "grossProfit": "612595000", "totalRevenue": "1985120000", "costOfRevenue": "1372525000", "costofGoodsAndServicesSold": "1372525000", "operatingIncome": "406509000", "sellingGeneralAndAdministrative": "43606000", "researchAndDevelopment": "0", "operatingExpenses": "43606000", "investmentIncomeNet": "None", "netInterestIncome": "None", "interestIncome": "None", "interestExpense": "468320000", "nonInterestIncome": "None", "otherNonOperatingIncome": "-23586000", "depreciation": "None", "depreciationAndAmortization": "646963000", "incomeBeforeTax": "80509000", "incomeTaxExpense": "728000", "interestAndDebtExpense": "None", "netIncomeFromContinuingOperations": "83998000", "comprehensiveIncomeNetOfTax": "None", "ebit": "0", "ebitda": "646963000", "netIncome": "893585000"}, {"fiscalDateEnding": "2010-12-31", "reportedCurrency": "USD", "grossProfit": "529429999", "totalRevenue": "1992181000", "costOfRevenue": "1462751000", "costofGoodsAndServicesSold": "1462751000", "operatingIncome": "15358000", "sellingGeneralAndAdministrative": "39887000", "researchAndDevelopment": "0", "operatingExpenses": "688578000", "investmentIncomeNet": "None", "netInterestIncome": "None", "interestIncome": "None", "interestExpense": "460748000", "nonInterestIncome": "None", "otherNonOperatingIncome": "-17563000", "depreciation": "None", "depreciationAndAmortization": "656633000", "incomeBeforeTax": "-46216000", "incomeTaxExpense": "334000", "interestAndDebtExpense": "None", "netIncomeFromContinuingOperations": "-19844000", "comprehensiveIncomeNetOfTax": "None", "ebit": "15358000", "ebitda": "671991000", "netIncome": "283610000"}, {"fiscalDateEnding": "2009-12-31", "reportedCurrency": "USD", "grossProfit": "582284000", "totalRevenue": "1944887000", "costOfRevenue": "1362603000", "costofGoodsAndServicesSold": "1362603000", "operatingIncome": "59017000", "sellingGeneralAndAdministrative": "38994000", "researchAndDevelopment": "0", "operatingExpenses": "628793000", "investmentIncomeNet": "None", "netInterestIncome": "None", "interestIncome": "None", "interestExpense": "493278000", "nonInterestIncome": "None", "otherNonOperatingIncome": "None", "depreciation": "None", "depreciationAndAmortization": "582280000", "incomeBeforeTax": "20150000", "incomeTaxExpense": "2808000", "interestAndDebtExpense": "None", "netIncomeFromContinuingOperations": "None", "comprehensiveIncomeNetOfTax": "None", "ebit": "59017000", "ebitda": "641297000", "netIncome": "362273000"}, {"fiscalDateEnding": "2008-12-31", "reportedCurrency": "USD", "grossProfit": "667966000", "totalRevenue": "2103204000", "costOfRevenue": "1435238000", "costofGoodsAndServicesSold": "1435238000", "operatingIncome": "139625000", "sellingGeneralAndAdministrative": "44951000", "researchAndDevelopment": "None", "operatingExpenses": "697652000", "investmentIncomeNet": "None", "netInterestIncome": "None", "interestIncome": "None", "interestExpense": "482317000", "nonInterestIncome": "None", "otherNonOperatingIncome": "None", "depreciation": "None", "depreciationAndAmortization": "591162000", "incomeBeforeTax": "44743000", "incomeTaxExpense": "5286000", "interestAndDebtExpense": "None", "netIncomeFromContinuingOperations": "None", "comprehensiveIncomeNetOfTax": "None", "ebit": "139625000", "ebitda": "730787000", "netIncome": "420092000"}, {"fiscalDateEnding": "2007-12-31", "reportedCurrency": "USD", "grossProfit": "616525000", "totalRevenue": "2038084000", "costOfRevenue": "1421559000", "costofGoodsAndServicesSold": "1421559000", "operatingIncome": "85037000", "sellingGeneralAndAdministrative": "49289000", "researchAndDevelopment": "None", "operatingExpenses": "921248000", "investmentIncomeNet": "None", "netInterestIncome": "None", "interestIncome": "None", "interestExpense": "492941000", "nonInterestIncome": "None", "otherNonOperatingIncome": "None", "depreciation": "None", "depreciationAndAmortization": "587647000", "incomeBeforeTax": "91027000", "incomeTaxExpense": "2520000", "interestAndDebtExpense": "None", "netIncomeFromContinuingOperations": "None", "comprehensiveIncomeNetOfTax": "None", "ebit": "85037000", "ebitda": "672684000", "netIncome": "989622000"}, {"fiscalDateEnding": "2006-12-31", "reportedCurrency": "USD", "grossProfit": "595610000", "totalRevenue": "1990436000", "costOfRevenue": "1394826000", "costofGoodsAndServicesSold": "1394826000", "operatingIncome": "110891000", "sellingGeneralAndAdministrative": "48465000", "researchAndDevelopment": "None", "operatingExpenses": "1336976000", "investmentIncomeNet": "None", "netInterestIncome": "None", "interestIncome": "None", "interestExpense": "427932000", "nonInterestIncome": "None", "otherNonOperatingIncome": "None", "depreciation": "None", "depreciationAndAmortization": "562739000", "incomeBeforeTax": "107389000", "incomeTaxExpense": "-1072844000", "interestAndDebtExpense": "None", "netIncomeFromContinuingOperations": "None", "comprehensiveIncomeNetOfTax": "None", "ebit": "110891000", "ebitda": "673630000", "netIncome": "1072844000"}], "quarterlyReports": [{"fiscalDateEnding": "2025-12-31", "reportedCurrency": "USD", "grossProfit": "-14234000", "totalRevenue": "789033000", "costOfRevenue": "803267000", "costofGoodsAndServicesSold": "803267000", "operatingIncome": "222922000", "sellingGeneralAndAdministrative": "13830000", "researchAndDevelopment": "None", "operatingExpenses": "-237156000", "investmentIncomeNet": "None", "netInterestIncome": "-78225000", "interestIncome": "78225000", "interestExpense": "81894000", "nonInterestIncome": "None", "otherNonOperatingIncome": "None", "depreciation": "None", "depreciationAndAmortization": "258108000", "incomeBeforeTax": "391859000", "incomeTaxExpense": "361000", "interestAndDebtExpense": "None", "netIncomeFromContinuingOperations": "391498000", "comprehensiveIncomeNetOfTax": "None", "ebit": "473753000", "ebitda": "731861000", "netIncome": "382090000"}, {"fiscalDateEnding": "2025-09-30", "reportedCurrency": "USD", "grossProfit": "495868000", "totalRevenue": "782411000", "costOfRevenue": "286543000", "costofGoodsAndServicesSold": "286543000", "operatingIncome": "226547000", "sellingGeneralAndAdministrative": "14664000", "researchAndDevelopment": "None", "operatingExpenses": "269321000", "investmentIncomeNet": "None", "netInterestIncome": "-37044000", "interestIncome": "45219000", "interestExpense": "80141000", "nonInterestIncome": "None", "otherNonOperatingIncome": "None", "depreciation": "None", "depreciationAndAmortization": "254657000", "incomeBeforeTax": "297263000", "incomeTaxExpense": "395000", "interestAndDebtExpense": "None", "netIncomeFromContinuingOperations": "296870000", "comprehensiveIncomeNetOfTax": "None", "ebit": "377404000", "ebitda": "632061000", "netIncome": "289051000"}, {"fiscalDateEnding": "2025-06-30", "reportedCurrency": "USD", "grossProfit": "485435000", "totalRevenue": "768827000", "costOfRevenue": "283392000", "costofGoodsAndServicesSold": "283392000", "operatingIncome": "226015000", "sellingGeneralAndAdministrative": "18531000", "researchAndDevelopment": "None", "operatingExpenses": "259420000", "investmentIncomeNet": "None", "netInterestIncome": "-75291000", "interestIncome": "75291000", "interestExpense": "75317000", "nonInterestIncome": "None", "otherNonOperatingIncome": "None", "depreciation": "None", "depreciationAndAmortization": "244095000", "incomeBeforeTax": "204199000", "incomeTaxExpense": "5403000", "interestAndDebtExpense": "None", "netIncomeFromContinuingOperations": "198796000", "comprehensiveIncomeNetOfTax": "None", "ebit": "279516000", "ebitda": "523611000", "netIncome": "192356000"}, {"fiscalDateEnding": "2025-03-31", "reportedCurrency": "USD", "grossProfit": "469269000", "totalRevenue": "760810000", "costOfRevenue": "291541000", "costofGoodsAndServicesSold": "291541000", "operatingIncome": "451014000", "sellingGeneralAndAdministrative": "18255000", "researchAndDevelopment": "None", "operatingExpenses": "18255000", "investmentIncomeNet": "None", "netInterestIncome": "-72566000", "interestIncome": "1692000", "interestExpense": "72114000", "nonInterestIncome": "None", "otherNonOperatingIncome": "None", "depreciation": "None", "depreciationAndAmortization": "256745999", "incomeBeforeTax": "265220000", "incomeTaxExpense": "422000", "interestAndDebtExpense": "None", "netIncomeFromContinuingOperations": "264865000", "comprehensiveIncomeNetOfTax": "None", "ebit": "194268001", "ebitda": "451014000", "netIncome": "256592000"}, {"fiscalDateEnding": "2024-12-31", "reportedCurrency": "USD", "grossProfit": "489396000", "totalRevenue": "766779000", "costOfRevenue": "277383000", "costofGoodsAndServicesSold": "277383000", "operatingIncome": "476645000", "sellingGeneralAndAdministrative": "12751000", "researchAndDevelopment": "None", "operatingExpenses": "12751000", "investmentIncomeNet": "None", "netInterestIncome": "-78195000", "interestIncome": "3828000", "interestExpense": "79973000", "nonInterestIncome": "None", "otherNonOperatingIncome": "None", "depreciation": "None", "depreciationAndAmortization": "267378000", "incomeBeforeTax": "434202000", "incomeTaxExpense": "331000", "interestAndDebtExpense": "None", "netIncomeFromContinuingOperations": "433871000", "comprehensiveIncomeNetOfTax": "None", "ebit": "212495000", "ebitda": "479873000", "netIncome": "419115000"}, {"fiscalDateEnding": "2024-09-30", "reportedCurrency": "USD", "grossProfit": "475761000", "totalRevenue": "748348000", "costOfRevenue": "272587000", "costofGoodsAndServicesSold": "272587000", "operatingIncome": "461210000", "sellingGeneralAndAdministrative": "14551000", "researchAndDevelopment": "None", "operatingExpenses": "14551000", "investmentIncomeNet": "None", "netInterestIncome": "-58826000", "interestIncome": "15844000", "interestExpense": "72722000", "nonInterestIncome": "None", "otherNonOperatingIncome": "None", "depreciation": "None", "depreciationAndAmortization": "237948000", "incomeBeforeTax": "148807000", "incomeTaxExpense": "290000", "interestAndDebtExpense": "None", "netIncomeFromContinuingOperations": "148517000", "comprehensiveIncomeNetOfTax": "None", "ebit": "223262000", "ebitda": "461210000", "netIncome": "143446000"}, {"fiscalDateEnding": "2024-06-30", "reportedCurrency": "USD", "grossProfit": "468583000", "totalRevenue": "734163000", "costOfRevenue": "265579999", "costofGoodsAndServicesSold": "265579999", "operatingIncome": "449952000", "sellingGeneralAndAdministrative": "18631000", "researchAndDevelopment": "None", "operatingExpenses": "18631000", "investmentIncomeNet": "None", "netInterestIncome": "-66418000", "interestIncome": "1328000", "interestExpense": "65828000", "nonInterestIncome": "None", "otherNonOperatingIncome": "None", "depreciation": "None", "depreciationAndAmortization": "224398000", "incomeBeforeTax": "183886000", "incomeTaxExpense": "331000", "interestAndDebtExpense": "None", "netIncomeFromContinuingOperations": "183555000", "comprehensiveIncomeNetOfTax": "None", "ebit": "225554000", "ebitda": "449952000", "netIncome": "177483000"}, {"fiscalDateEnding": "2024-03-31", "reportedCurrency": "USD", "grossProfit": "451803000", "totalRevenue": "730818000", "costOfRevenue": "279015000", "costofGoodsAndServicesSold": "279015000", "operatingIncome": "436083000", "sellingGeneralAndAdministrative": "15720000", "researchAndDevelopment": "None", "operatingExpenses": "15720000", "investmentIncomeNet": "None", "netInterestIncome": "-59801000", "interestIncome": "9329000", "interestExpense": "67212000", "nonInterestIncome": "None", "otherNonOperatingIncome": "None", "depreciation": "None", "depreciationAndAmortization": "225695000", "incomeBeforeTax": "305336000", "incomeTaxExpense": "304000", "interestAndDebtExpense": "None", "netIncomeFromContinuingOperations": "305032000", "comprehensiveIncomeNetOfTax": "None", "ebit": "210388000", "ebitda": "436083000", "netIncome": "295787000"}, {"fiscalDateEnding": "2023-12-31", "reportedCurrency": "USD", "grossProfit": "475365000", "totalRevenue": "727500000", "costOfRevenue": "252135000", "costofGoodsAndServicesSold": "252135000", "operatingIncome": "463784000", "sellingGeneralAndAdministrative": "11581000", "researchAndDevelopment": "None", "operatingExpenses": "11581000", "investmentIncomeNet": "None", "netInterestIncome": "-59543000", "interestIncome": "11049000", "interestExpense": "68674000", "nonInterestIncome": "None", "otherNonOperatingIncome": "None", "depreciation": "None", "depreciationAndAmortization": "228569000", "incomeBeforeTax": "322525000", "incomeTaxExpense": "256000", "interestAndDebtExpense": "None", "netIncomeFromContinuingOperations": "576337000", "comprehensiveIncomeNetOfTax": "None", "ebit": "236996000", "ebitda": "465565000", "netIncome": "311692000"}, {"fiscalDateEnding": "2023-09-30", "reportedCurrency": "USD", "grossProfit": "463953000", "totalRevenue": "724067000", "costOfRevenue": "260113999", "costofGoodsAndServicesSold": "260113999", "operatingIncome": "449859000", "sellingGeneralAndAdministrative": "14094000", "researchAndDevelopment": "None", "operatingExpenses": "14094000", "investmentIncomeNet": "None", "netInterestIncome": "-64291000", "interestIncome": "64291000", "interestExpense": "68891000", "nonInterestIncome": "None", "otherNonOperatingIncome": "None", "depreciation": "None", "depreciationAndAmortization": "224736000", "incomeBeforeTax": "181544000", "incomeTaxExpense": "258000", "interestAndDebtExpense": "None", "netIncomeFromContinuingOperations": "181286000", "comprehensiveIncomeNetOfTax": "None", "ebit": "225123000", "ebitda": "449859000", "netIncome": "172508000"}, {"fiscalDateEnding": "2023-06-30", "reportedCurrency": "USD", "grossProfit": "458779000", "totalRevenue": "717309000", "costOfRevenue": "258529999", "costofGoodsAndServicesSold": "258529999", "operatingIncome": "439903000", "sellingGeneralAndAdministrative": "18876000", "researchAndDevelopment": "None", "operatingExpenses": "18876000", "investmentIncomeNet": "None", "netInterestIncome": "-65476000", "interestIncome": "2131000", "interestExpense": "65590000", "nonInterestIncome": "None", "otherNonOperatingIncome": "None", "depreciation": "None", "depreciationAndAmortization": "221355000", "incomeBeforeTax": "145198000", "incomeTaxExpense": "336000", "interestAndDebtExpense": "None", "netIncomeFromContinuingOperations": "144862000", "comprehensiveIncomeNetOfTax": "None", "ebit": "218548000", "ebitda": "439903000", "netIncome": "139203000"}, {"fiscalDateEnding": "2023-03-31", "reportedCurrency": "USD", "grossProfit": "429374000", "totalRevenue": "705088000", "costOfRevenue": "275714000", "costofGoodsAndServicesSold": "275714000", "operatingIncome": "413209000", "sellingGeneralAndAdministrative": "16165000", "researchAndDevelopment": "None", "operatingExpenses": "16165000", "investmentIncomeNet": "None", "netInterestIncome": "-66842000", "interestIncome": "1538000", "interestExpense": "66401000", "nonInterestIncome": "None", "otherNonOperatingIncome": "-8839000", "depreciation": "None", "depreciationAndAmortization": "215830000", "incomeBeforeTax": "220369000", "incomeTaxExpense": "298000", "interestAndDebtExpense": "None", "netIncomeFromContinuingOperations": "220071000", "comprehensiveIncomeNetOfTax": "None", "ebit": "197379000", "ebitda": "413209000", "netIncome": "212035000"}, {"fiscalDateEnding": "2022-12-31", "reportedCurrency": "USD", "grossProfit": "468333000", "totalRevenue": "699703000", "costOfRevenue": "231370000", "costofGoodsAndServicesSold": "231370000", "operatingIncome": "242363000", "sellingGeneralAndAdministrative": "11677000", "researchAndDevelopment": "None", "operatingExpenses": "225970000", "investmentIncomeNet": "None", "netInterestIncome": "-70786000", "interestIncome": "70786000", "interestExpense": "68478000", "nonInterestIncome": "None", "otherNonOperatingIncome": "-8699000", "depreciation": "None", "depreciationAndAmortization": "217306000", "incomeBeforeTax": "165529000", "incomeTaxExpense": "175000", "interestAndDebtExpense": "None", "netIncomeFromContinuingOperations": "165354000", "comprehensiveIncomeNetOfTax": "None", "ebit": "242384000", "ebitda": "459690000", "netIncome": "159020000"}, {"fiscalDateEnding": "2022-09-30", "reportedCurrency": "USD", "grossProfit": "444961000", "totalRevenue": "695099000", "costOfRevenue": "250138000", "costofGoodsAndServicesSold": "250138000", "operatingIncome": "414011000", "sellingGeneralAndAdministrative": "13372000", "researchAndDevelopment": "None", "operatingExpenses": "30950000", "investmentIncomeNet": "None", "netInterestIncome": "-73912000", "interestIncome": "720000", "interestExpense": "72412000", "nonInterestIncome": "None", "otherNonOperatingIncome": "-4062000", "depreciation": "None", "depreciationAndAmortization": "214129000", "incomeBeforeTax": "335317000", "incomeTaxExpense": "152000", "interestAndDebtExpense": "None", "netIncomeFromContinuingOperations": "335165000", "comprehensiveIncomeNetOfTax": "None", "ebit": "217460000", "ebitda": "431589000", "netIncome": "323025000"}, {"fiscalDateEnding": "2022-06-30", "reportedCurrency": "USD", "grossProfit": "442266000", "totalRevenue": "687030000", "costOfRevenue": "244764000", "costofGoodsAndServicesSold": "244764000", "operatingIncome": "309934000", "sellingGeneralAndAdministrative": "16423000", "researchAndDevelopment": "None", "operatingExpenses": "132332000", "investmentIncomeNet": "None", "netInterestIncome": "-73417000", "interestIncome": "596000", "interestExpense": "71889000", "nonInterestIncome": "None", "otherNonOperatingIncome": "-2952000", "depreciation": "None", "depreciationAndAmortization": "223806000", "incomeBeforeTax": "232969000", "incomeTaxExpense": "291000", "interestAndDebtExpense": "None", "netIncomeFromContinuingOperations": "232678000", "comprehensiveIncomeNetOfTax": "None", "ebit": "202037000", "ebitda": "425843000", "netIncome": "224101000"}, {"fiscalDateEnding": "2022-03-31", "reportedCurrency": "USD", "grossProfit": "397039000", "totalRevenue": "653348000", "costOfRevenue": "256309000", "costofGoodsAndServicesSold": "256309000", "operatingIncome": "149738000", "sellingGeneralAndAdministrative": "17238000", "researchAndDevelopment": "None", "operatingExpenses": "247301000", "investmentIncomeNet": "None", "netInterestIncome": "-71341000", "interestIncome": "3528000", "interestExpense": "72792000", "nonInterestIncome": "None", "otherNonOperatingIncome": "-789000", "depreciation": "None", "depreciationAndAmortization": "229961000", "incomeBeforeTax": "74080000", "incomeTaxExpense": "282000", "interestAndDebtExpense": "None", "netIncomeFromContinuingOperations": "73798000", "comprehensiveIncomeNetOfTax": "None", "ebit": "149840000", "ebitda": "379801000", "netIncome": "70765000"}, {"fiscalDateEnding": "2021-12-31", "reportedCurrency": "USD", "grossProfit": "409736000", "totalRevenue": "645130000", "costOfRevenue": "235394000", "costofGoodsAndServicesSold": "235394000", "operatingIncome": "641883000", "sellingGeneralAndAdministrative": "13404000", "researchAndDevelopment": "None", "operatingExpenses": "-232147000", "investmentIncomeNet": "None", "netInterestIncome": "-71932000", "interestIncome": "373000", "interestExpense": "69740000", "nonInterestIncome": "None", "otherNonOperatingIncome": "-8364000", "depreciation": "None", "depreciationAndAmortization": "222240000", "incomeBeforeTax": "561214000", "incomeTaxExpense": "236000", "interestAndDebtExpense": "None", "netIncomeFromContinuingOperations": "560978000", "comprehensiveIncomeNetOfTax": "None", "ebit": "174092000", "ebitda": "396332000", "netIncome": "526974000"}, {"fiscalDateEnding": "2021-09-30", "reportedCurrency": "USD", "grossProfit": "386064000", "totalRevenue": "623206000", "costOfRevenue": "237142000", "costofGoodsAndServicesSold": "237142000", "operatingIncome": "521554000", "sellingGeneralAndAdministrative": "13041000", "researchAndDevelopment": "None", "operatingExpenses": "-135490000", "investmentIncomeNet": "None", "netInterestIncome": "-69326000", "interestIncome": "973000", "interestExpense": "68251000", "nonInterestIncome": "None", "otherNonOperatingIncome": "-3639000", "depreciation": "None", "depreciationAndAmortization": "215397000", "incomeBeforeTax": "447616000", "incomeTaxExpense": "284000", "interestAndDebtExpense": "None", "netIncomeFromContinuingOperations": "447332000", "comprehensiveIncomeNetOfTax": "None", "ebit": "157626000", "ebitda": "373023000", "netIncome": "431951000"}, {"fiscalDateEnding": "2021-06-30", "reportedCurrency": "USD", "grossProfit": "368457000", "totalRevenue": "598059000", "costOfRevenue": "229602000", "costofGoodsAndServicesSold": "229602000", "operatingIncome": "376844000", "sellingGeneralAndAdministrative": "14678000", "researchAndDevelopment": "None", "operatingExpenses": "-8387000", "investmentIncomeNet": "None", "netInterestIncome": "-44959000", "interestIncome": "44959000", "interestExpense": "67124000", "nonInterestIncome": "None", "otherNonOperatingIncome": "20501000", "depreciation": "None", "depreciationAndAmortization": "200673000", "incomeBeforeTax": "328282000", "incomeTaxExpense": "242000", "interestAndDebtExpense": "None", "netIncomeFromContinuingOperations": "328040000", "comprehensiveIncomeNetOfTax": "None", "ebit": "153106000", "ebitda": "353779000", "netIncome": "316386000"}, {"fiscalDateEnding": "2021-03-31", "reportedCurrency": "USD", "grossProfit": "350948000", "totalRevenue": "597602000", "costOfRevenue": "246654000", "costofGoodsAndServicesSold": "246654000", "operatingIncome": "135560000", "sellingGeneralAndAdministrative": "15383000", "researchAndDevelopment": "None", "operatingExpenses": "215388000", "investmentIncomeNet": "None", "netInterestIncome": "-69327000", "interestIncome": "216000", "interestExpense": "67358000", "nonInterestIncome": "None", "otherNonOperatingIncome": "-5505000", "depreciation": "None", "depreciationAndAmortization": "199962000", "incomeBeforeTax": "60517000", "incomeTaxExpense": "153000", "interestAndDebtExpense": "None", "netIncomeFromContinuingOperations": "60364000", "comprehensiveIncomeNetOfTax": "None", "ebit": "135603000", "ebitda": "335565000", "netIncome": "57539000"}, {"fiscalDateEnding": "2020-12-31", "reportedCurrency": "USD", "grossProfit": "389939000", "totalRevenue": "613435000", "costOfRevenue": "223496000", "costofGoodsAndServicesSold": "223496000", "operatingIncome": "356606000", "sellingGeneralAndAdministrative": "11093000", "researchAndDevelopment": "None", "operatingExpenses": "33333000", "investmentIncomeNet": "None", "netInterestIncome": "-117481000", "interestIncome": "1929000", "interestExpense": "116724000", "nonInterestIncome": "None", "otherNonOperatingIncome": "-8072000", "depreciation": "None", "depreciationAndAmortization": "201829000", "incomeBeforeTax": "263334000", "incomeTaxExpense": "350000", "interestAndDebtExpense": "None", "netIncomeFromContinuingOperations": "229589000", "comprehensiveIncomeNetOfTax": "None", "ebit": "177017000", "ebitda": "378846000", "netIncome": "252856000"}, {"fiscalDateEnding": "2020-09-30", "reportedCurrency": "USD", "grossProfit": "393899000", "totalRevenue": "622433000", "costOfRevenue": "228534000", "costofGoodsAndServicesSold": "228534000", "operatingIncome": "182410000", "sellingGeneralAndAdministrative": "10859000", "researchAndDevelopment": "None", "operatingExpenses": "211489000", "investmentIncomeNet": "None", "netInterestIncome": "-82440000", "interestIncome": "82440000", "interestExpense": "80874000", "nonInterestIncome": "None", "otherNonOperatingIncome": "-3808000", "depreciation": "None", "depreciationAndAmortization": "200605000", "incomeBeforeTax": "95627000", "incomeTaxExpense": "262000", "interestAndDebtExpense": "None", "netIncomeFromContinuingOperations": "95611000", "comprehensiveIncomeNetOfTax": "None", "ebit": "182435000", "ebitda": "383040000", "netIncome": "91286000"}, {"fiscalDateEnding": "2020-06-30", "reportedCurrency": "USD", "grossProfit": "430434000", "totalRevenue": "653532000", "costOfRevenue": "223098000", "costofGoodsAndServicesSold": "223098000", "operatingIncome": "356889000", "sellingGeneralAndAdministrative": "11835000", "researchAndDevelopment": "None", "operatingExpenses": "73545000", "investmentIncomeNet": "None", "netInterestIncome": "-82485000", "interestIncome": "1511000", "interestExpense": "81885000", "nonInterestIncome": "None", "otherNonOperatingIncome": "-1225000", "depreciation": "None", "depreciationAndAmortization": "205976000", "incomeBeforeTax": "271668000", "incomeTaxExpense": "187000", "interestAndDebtExpense": "None", "netIncomeFromContinuingOperations": "272523000", "comprehensiveIncomeNetOfTax": "None", "ebit": "212623000", "ebitda": "418599000", "netIncome": "260888000"}, {"fiscalDateEnding": "2020-03-31", "reportedCurrency": "USD", "grossProfit": "441048000", "totalRevenue": "682305000", "costOfRevenue": "241257000", "costofGoodsAndServicesSold": "241257000", "operatingIncome": "422085000", "sellingGeneralAndAdministrative": "14518000", "researchAndDevelopment": "None", "operatingExpenses": "18963000", "investmentIncomeNet": "None", "netInterestIncome": "-85695000", "interestIncome": "1936000", "interestExpense": "85590000", "nonInterestIncome": "None", "otherNonOperatingIncome": "-1754000", "depreciation": "None", "depreciationAndAmortization": "212422000", "incomeBeforeTax": "332724000", "incomeTaxExpense": "53000", "interestAndDebtExpense": "None", "netIncomeFromContinuingOperations": "333828000", "comprehensiveIncomeNetOfTax": "None", "ebit": "214108000", "ebitda": "426530000", "netIncome": "308606000"}, {"fiscalDateEnding": "2019-12-31", "reportedCurrency": "USD", "grossProfit": "457203000", "totalRevenue": "683895000", "costOfRevenue": "226692000", "costofGoodsAndServicesSold": "226692000", "operatingIncome": "408928000", "sellingGeneralAndAdministrative": "11630000", "researchAndDevelopment": "None", "operatingExpenses": "48275000", "investmentIncomeNet": "None", "netInterestIncome": "-102710000", "interestIncome": "596000", "interestExpense": "100300000", "nonInterestIncome": "None", "otherNonOperatingIncome": "-1554000", "depreciation": "None", "depreciationAndAmortization": "214882000", "incomeBeforeTax": "298276000", "incomeTaxExpense": "-3030000", "interestAndDebtExpense": "None", "netIncomeFromContinuingOperations": "302300000", "comprehensiveIncomeNetOfTax": "None", "ebit": "230691000", "ebitda": "445573000", "netIncome": "289764000"}, {"fiscalDateEnding": "2019-09-30", "reportedCurrency": "USD", "grossProfit": "460668000", "totalRevenue": "685120000", "costOfRevenue": "224452000", "costofGoodsAndServicesSold": "224452000", "operatingIncome": "368338000", "sellingGeneralAndAdministrative": "11417000", "researchAndDevelopment": "None", "operatingExpenses": "92330000", "investmentIncomeNet": "None", "netInterestIncome": "-88186000", "interestIncome": "631000", "interestExpense": "85936000", "nonInterestIncome": "None", "otherNonOperatingIncome": "-3334000", "depreciation": "None", "depreciationAndAmortization": "211478000", "incomeBeforeTax": "278111000", "incomeTaxExpense": "265000", "interestAndDebtExpense": "None", "netIncomeFromContinuingOperations": "277099000", "comprehensiveIncomeNetOfTax": "None", "ebit": "237773000", "ebitda": "449251000", "netIncome": "267106000"}, {"fiscalDateEnding": "2019-06-30", "reportedCurrency": "USD", "grossProfit": "445098000", "totalRevenue": "669374000", "costOfRevenue": "224276000", "costofGoodsAndServicesSold": "224276000", "operatingIncome": "369117000", "sellingGeneralAndAdministrative": "14329000", "researchAndDevelopment": "None", "operatingExpenses": "75981000", "investmentIncomeNet": "None", "netInterestIncome": "-111540000", "interestIncome": "1009000", "interestExpense": "108902000", "nonInterestIncome": "None", "otherNonOperatingIncome": "61010000", "depreciation": "None", "depreciationAndAmortization": "200508000", "incomeBeforeTax": "321545000", "incomeTaxExpense": "246000", "interestAndDebtExpense": "None", "netIncomeFromContinuingOperations": "252357000", "comprehensiveIncomeNetOfTax": "None", "ebit": "234270000", "ebitda": "434778000", "netIncome": "308968000"}, {"fiscalDateEnding": "2019-03-31", "reportedCurrency": "USD", "grossProfit": "429586000", "totalRevenue": "662494000", "costOfRevenue": "232908000", "costofGoodsAndServicesSold": "232908000", "operatingIncome": "209969000", "sellingGeneralAndAdministrative": "15381000", "researchAndDevelopment": "None", "operatingExpenses": "219617000", "investmentIncomeNet": "None", "netInterestIncome": "-96493000", "interestIncome": "581000", "interestExpense": "94938000", "nonInterestIncome": "None", "otherNonOperatingIncome": "-5537000", "depreciation": "None", "depreciationAndAmortization": "204215000", "incomeBeforeTax": "109495000", "incomeTaxExpense": "238000", "interestAndDebtExpense": "None", "netIncomeFromContinuingOperations": "109963000", "comprehensiveIncomeNetOfTax": "None", "ebit": "209990000", "ebitda": "414205000", "netIncome": "104539000"}, {"fiscalDateEnding": "2018-12-31", "reportedCurrency": "USD", "grossProfit": "433555000", "totalRevenue": "652743000", "costOfRevenue": "219188000", "costofGoodsAndServicesSold": "219188000", "operatingIncome": "219282000", "sellingGeneralAndAdministrative": "12393000", "researchAndDevelopment": "0", "operatingExpenses": "214273000", "investmentIncomeNet": "None", "netInterestIncome": "None", "interestIncome": "None", "interestExpense": "91906000", "nonInterestIncome": "None", "otherNonOperatingIncome": "-4893000", "depreciation": "None", "depreciationAndAmortization": "202954000", "incomeBeforeTax": "122499000", "incomeTaxExpense": "111000", "interestAndDebtExpense": "None", "netIncomeFromContinuingOperations": "377224000", "comprehensiveIncomeNetOfTax": "None", "ebit": "215995000", "ebitda": "418949000", "netIncome": "117187000"}, {"fiscalDateEnding": "2018-09-30", "reportedCurrency": "USD", "grossProfit": "432691000", "totalRevenue": "652867000", "costOfRevenue": "220176000", "costofGoodsAndServicesSold": "220176000", "operatingIncome": "339403000", "sellingGeneralAndAdministrative": "12640000", "researchAndDevelopment": "0", "operatingExpenses": "93288000", "investmentIncomeNet": "None", "netInterestIncome": "None", "interestIncome": "None", "interestExpense": "111219000", "nonInterestIncome": "None", "otherNonOperatingIncome": "110614000", "depreciation": "None", "depreciationAndAmortization": "195716000", "incomeBeforeTax": "224126000", "incomeTaxExpense": "280000", "interestAndDebtExpense": "None", "netIncomeFromContinuingOperations": "110159000", "comprehensiveIncomeNetOfTax": "None", "ebit": "222121000", "ebitda": "417837000", "netIncome": "214937000"}, {"fiscalDateEnding": "2018-06-30", "reportedCurrency": "USD", "grossProfit": "423098000", "totalRevenue": "639808000", "costOfRevenue": "216710000", "costofGoodsAndServicesSold": "216710000", "operatingIncome": "217603000", "sellingGeneralAndAdministrative": "12502000", "researchAndDevelopment": "0", "operatingExpenses": "205495000", "investmentIncomeNet": "None", "netInterestIncome": "None", "interestIncome": "None", "interestExpense": "94131000", "nonInterestIncome": "None", "otherNonOperatingIncome": "-5834000", "depreciation": "None", "depreciationAndAmortization": "194040000", "incomeBeforeTax": "118684000", "incomeTaxExpense": "274000", "interestAndDebtExpense": "None", "netIncomeFromContinuingOperations": "118497000", "comprehensiveIncomeNetOfTax": "None", "ebit": "214342000", "ebitda": "408382000", "netIncome": "113602000"}, {"fiscalDateEnding": "2018-03-31", "reportedCurrency": "USD", "grossProfit": "409456000", "totalRevenue": "633016000", "costOfRevenue": "223560000", "costofGoodsAndServicesSold": "223560000", "operatingIncome": "339082000", "sellingGeneralAndAdministrative": "16278000", "researchAndDevelopment": "0", "operatingExpenses": "70374000", "investmentIncomeNet": "None", "netInterestIncome": "None", "interestIncome": "None", "interestExpense": "116104000", "nonInterestIncome": "None", "otherNonOperatingIncome": "139996000", "depreciation": "None", "depreciationAndAmortization": "197407000", "incomeBeforeTax": "220761000", "incomeTaxExpense": "213000", "interestAndDebtExpense": "None", "netIncomeFromContinuingOperations": "79312000", "comprehensiveIncomeNetOfTax": "None", "ebit": "193557000", "ebitda": "390964000", "netIncome": "211809000"}, {"fiscalDateEnding": "2017-12-31", "reportedCurrency": "USD", "grossProfit": "429100000", "totalRevenue": "630704000", "costOfRevenue": "201604000", "costofGoodsAndServicesSold": "201604000", "operatingIncome": "214764000", "sellingGeneralAndAdministrative": "11858000", "researchAndDevelopment": "0", "operatingExpenses": "214336000", "investmentIncomeNet": "None", "netInterestIncome": "None", "interestIncome": "None", "interestExpense": "95311000", "nonInterestIncome": "None", "otherNonOperatingIncome": "10402000", "depreciation": "None", "depreciationAndAmortization": "201884000", "incomeBeforeTax": "129852000", "incomeTaxExpense": "-232000", "interestAndDebtExpense": "None", "netIncomeFromContinuingOperations": "130084000", "comprehensiveIncomeNetOfTax": "None", "ebit": "213143000", "ebitda": "415027000", "netIncome": "125442000"}, {"fiscalDateEnding": "2017-09-30", "reportedCurrency": "USD", "grossProfit": "414453000", "totalRevenue": "624122000", "costOfRevenue": "209669000", "costofGoodsAndServicesSold": "209669000", "operatingIncome": "217786000", "sellingGeneralAndAdministrative": "12567000", "researchAndDevelopment": "0", "operatingExpenses": "196667000", "investmentIncomeNet": "None", "netInterestIncome": "None", "interestIncome": "None", "interestExpense": "91145000", "nonInterestIncome": "None", "otherNonOperatingIncome": "17783000", "depreciation": "None", "depreciationAndAmortization": "185112000", "incomeBeforeTax": "144424000", "incomeTaxExpense": "228000", "interestAndDebtExpense": "None", "netIncomeFromContinuingOperations": "144196000", "comprehensiveIncomeNetOfTax": "None", "ebit": "214670000", "ebitda": "399782000", "netIncome": "138229000"}, {"fiscalDateEnding": "2017-06-30", "reportedCurrency": "USD", "grossProfit": "404072000", "totalRevenue": "612480000", "costOfRevenue": "208408000", "costofGoodsAndServicesSold": "208408000", "operatingIncome": "210550000", "sellingGeneralAndAdministrative": "13626000", "researchAndDevelopment": "0", "operatingExpenses": "193522000", "investmentIncomeNet": "None", "netInterestIncome": "None", "interestIncome": "None", "interestExpense": "91224000", "nonInterestIncome": "None", "otherNonOperatingIncome": "85077000", "depreciation": "None", "depreciationAndAmortization": "180757000", "incomeBeforeTax": "204380000", "incomeTaxExpense": "220000", "interestAndDebtExpense": "None", "netIncomeFromContinuingOperations": "204160000", "comprehensiveIncomeNetOfTax": "None", "ebit": "207667000", "ebitda": "388424000", "netIncome": "196041000"}, {"fiscalDateEnding": "2017-03-31", "reportedCurrency": "USD", "grossProfit": "397512000", "totalRevenue": "604100000", "costOfRevenue": "206588000", "costofGoodsAndServicesSold": "206588000", "operatingIncome": "204371000", "sellingGeneralAndAdministrative": "14173000", "researchAndDevelopment": "0", "operatingExpenses": "193141000", "investmentIncomeNet": "None", "netInterestIncome": "None", "interestIncome": "None", "interestExpense": "106210000", "nonInterestIncome": "None", "otherNonOperatingIncome": "32849000", "depreciation": "None", "depreciationAndAmortization": "179824000", "incomeBeforeTax": "150203000", "incomeTaxExpense": "262000", "interestAndDebtExpense": "None", "netIncomeFromContinuingOperations": "149941000", "comprehensiveIncomeNetOfTax": "None", "ebit": "201603000", "ebitda": "381427000", "netIncome": "143742000"}, {"fiscalDateEnding": "2016-12-31", "reportedCurrency": "USD", "grossProfit": "411909000", "totalRevenue": "605489000", "costOfRevenue": "193580000", "costofGoodsAndServicesSold": "193580000", "operatingIncome": "224070000", "sellingGeneralAndAdministrative": "10432000", "researchAndDevelopment": "0", "operatingExpenses": "187839000", "investmentIncomeNet": "None", "netInterestIncome": "None", "interestIncome": "None", "interestExpense": "95930000", "nonInterestIncome": "None", "otherNonOperatingIncome": "214911000", "depreciation": "None", "depreciationAndAmortization": "178267000", "incomeBeforeTax": "302411000", "incomeTaxExpense": "424000", "interestAndDebtExpense": "None", "netIncomeFromContinuingOperations": "301987000", "comprehensiveIncomeNetOfTax": "None", "ebit": "221250000", "ebitda": "399517000", "netIncome": "277250000"}, {"fiscalDateEnding": "2016-09-30", "reportedCurrency": "USD", "grossProfit": "400998000", "totalRevenue": "606074000", "costOfRevenue": "205076000", "costofGoodsAndServicesSold": "205076000", "operatingIncome": "209373000", "sellingGeneralAndAdministrative": "12395000", "researchAndDevelopment": "0", "operatingExpenses": "191625000", "investmentIncomeNet": "None", "netInterestIncome": "None", "interestIncome": "None", "interestExpense": "86352000", "nonInterestIncome": "None", "otherNonOperatingIncome": "97786000", "depreciation": "None", "depreciationAndAmortization": "180088000", "incomeBeforeTax": "217672000", "incomeTaxExpense": "426000", "interestAndDebtExpense": "None", "netIncomeFromContinuingOperations": "217246000", "comprehensiveIncomeNetOfTax": "None", "ebit": "206857000", "ebitda": "386945000", "netIncome": "208316000"}, {"fiscalDateEnding": "2016-06-30", "reportedCurrency": "USD", "grossProfit": "400441000", "totalRevenue": "595154000", "costOfRevenue": "194713000", "costofGoodsAndServicesSold": "194713000", "operatingIncome": "206018000", "sellingGeneralAndAdministrative": "18296000", "researchAndDevelopment": "0", "operatingExpenses": "194423000", "investmentIncomeNet": "None", "netInterestIncome": "None", "interestIncome": "None", "interestExpense": "86472000", "nonInterestIncome": "None", "otherNonOperatingIncome": "56556000", "depreciation": "None", "depreciationAndAmortization": "176127000", "incomeBeforeTax": "228778000", "incomeTaxExpense": "413000", "interestAndDebtExpense": "None", "netIncomeFromContinuingOperations": "228365000", "comprehensiveIncomeNetOfTax": "None", "ebit": "316907000", "ebitda": "493034000", "netIncome": "218839000"}, {"fiscalDateEnding": "2016-03-31", "reportedCurrency": "USD", "grossProfit": "406227000", "totalRevenue": "619083000", "costOfRevenue": "212856000", "costofGoodsAndServicesSold": "212856000", "operatingIncome": "216625000", "sellingGeneralAndAdministrative": "16717000", "researchAndDevelopment": "0", "operatingExpenses": "189602000", "investmentIncomeNet": "None", "netInterestIncome": "None", "interestIncome": "None", "interestExpense": "213492000", "nonInterestIncome": "None", "otherNonOperatingIncome": "3722375000", "depreciation": "None", "depreciationAndAmortization": "172885000", "incomeBeforeTax": "3732338000", "incomeTaxExpense": "350000", "interestAndDebtExpense": "None", "netIncomeFromContinuingOperations": "3731988000", "comprehensiveIncomeNetOfTax": "None", "ebit": "217476000", "ebitda": "390361000", "netIncome": "3587758000"}, {"fiscalDateEnding": "2015-12-31", "reportedCurrency": "USD", "grossProfit": "482137000", "totalRevenue": "703193000", "costOfRevenue": "221056000", "costofGoodsAndServicesSold": "221056000", "operatingIncome": "287058000", "sellingGeneralAndAdministrative": "14140000", "researchAndDevelopment": "0", "operatingExpenses": "195079000", "investmentIncomeNet": "None", "netInterestIncome": "None", "interestIncome": "None", "interestExpense": "110447000", "nonInterestIncome": "None", "otherNonOperatingIncome": "None", "depreciation": "None", "depreciationAndAmortization": "181033000", "incomeBeforeTax": "213892000", "incomeTaxExpense": "219000", "interestAndDebtExpense": "None", "netIncomeFromContinuingOperations": "907621000", "comprehensiveIncomeNetOfTax": "None", "ebit": "287906000", "ebitda": "468939000", "netIncome": "204486000"}, {"fiscalDateEnding": "2015-09-30", "reportedCurrency": "USD", "grossProfit": "468850000", "totalRevenue": "696289000", "costOfRevenue": "227439000", "costofGoodsAndServicesSold": "227439000", "operatingIncome": "257594000", "sellingGeneralAndAdministrative": "15290000", "researchAndDevelopment": "0", "operatingExpenses": "211256000", "investmentIncomeNet": "None", "netInterestIncome": "None", "interestIncome": "None", "interestExpense": "114205000", "nonInterestIncome": "None", "otherNonOperatingIncome": "65898000", "depreciation": "None", "depreciationAndAmortization": "196059000", "incomeBeforeTax": "205704000", "incomeTaxExpense": "329000", "interestAndDebtExpense": "None", "netIncomeFromContinuingOperations": "205375000", "comprehensiveIncomeNetOfTax": "None", "ebit": "321886000", "ebitda": "517945000", "netIncome": "196692000"}, {"fiscalDateEnding": "2015-06-30", "reportedCurrency": "USD", "grossProfit": "456196000", "totalRevenue": "679112000", "costOfRevenue": "222916000", "costofGoodsAndServicesSold": "222916000", "operatingIncome": "246255000", "sellingGeneralAndAdministrative": "15730000", "researchAndDevelopment": "0", "operatingExpenses": "209941000", "investmentIncomeNet": "None", "netInterestIncome": "None", "interestIncome": "None", "interestExpense": "110795000", "nonInterestIncome": "None", "otherNonOperatingIncome": "None", "depreciation": "None", "depreciationAndAmortization": "194282000", "incomeBeforeTax": "298830000", "incomeTaxExpense": "326000", "interestAndDebtExpense": "None", "netIncomeFromContinuingOperations": "0", "comprehensiveIncomeNetOfTax": "None", "ebit": "398075000", "ebitda": "592357000", "netIncome": "286420000"}, {"fiscalDateEnding": "2015-03-31", "reportedCurrency": "USD", "grossProfit": "432614000", "totalRevenue": "666371000", "costOfRevenue": "233757000", "costofGoodsAndServicesSold": "233757000", "operatingIncome": "218331000", "sellingGeneralAndAdministrative": "19922000", "researchAndDevelopment": "0", "operatingExpenses": "214283000", "investmentIncomeNet": "None", "netInterestIncome": "None", "interestIncome": "None", "interestExpense": "108622000", "nonInterestIncome": "None", "otherNonOperatingIncome": "None", "depreciation": "None", "depreciationAndAmortization": "194521000", "incomeBeforeTax": "190112000", "incomeTaxExpense": "43000", "interestAndDebtExpense": "None", "netIncomeFromContinuingOperations": "0", "comprehensiveIncomeNetOfTax": "None", "ebit": "296778000", "ebitda": "491299000", "netIncome": "182522000"}, {"fiscalDateEnding": "2014-12-31", "reportedCurrency": "USD", "grossProfit": "453273000", "totalRevenue": "664660000", "costOfRevenue": "211387000", "costofGoodsAndServicesSold": "211387000", "operatingIncome": "250532000", "sellingGeneralAndAdministrative": "9652000", "researchAndDevelopment": "0", "operatingExpenses": "202741000", "investmentIncomeNet": "None", "netInterestIncome": "None", "interestIncome": "None", "interestExpense": "109967000", "nonInterestIncome": "None", "otherNonOperatingIncome": "-126295000", "depreciation": "None", "depreciationAndAmortization": "193089000", "incomeBeforeTax": "227207000", "incomeTaxExpense": "248000", "interestAndDebtExpense": "None", "netIncomeFromContinuingOperations": "355485000", "comprehensiveIncomeNetOfTax": "None", "ebit": "251378000", "ebitda": "444467000", "netIncome": "217739000"}, {"fiscalDateEnding": "2014-09-30", "reportedCurrency": "USD", "grossProfit": "443711000", "totalRevenue": "664078000", "costOfRevenue": "220367000", "costofGoodsAndServicesSold": "220367000", "operatingIncome": "243274000", "sellingGeneralAndAdministrative": "9968000", "researchAndDevelopment": "0", "operatingExpenses": "200437000", "investmentIncomeNet": "None", "netInterestIncome": "None", "interestIncome": "None", "interestExpense": "118251000", "nonInterestIncome": "None", "otherNonOperatingIncome": "112465000", "depreciation": "None", "depreciationAndAmortization": "190469000", "incomeBeforeTax": "231512000", "incomeTaxExpense": "260000", "interestAndDebtExpense": "None", "netIncomeFromContinuingOperations": "117611000", "comprehensiveIncomeNetOfTax": "None", "ebit": "244120000", "ebitda": "434589000", "netIncome": "221744000"}, {"fiscalDateEnding": "2014-06-30", "reportedCurrency": "USD", "grossProfit": "432198000", "totalRevenue": "652568000", "costOfRevenue": "220370000", "costofGoodsAndServicesSold": "220370000", "operatingIncome": "228310000", "sellingGeneralAndAdministrative": "13752000", "researchAndDevelopment": "0", "operatingExpenses": "203888000", "investmentIncomeNet": "None", "netInterestIncome": "None", "interestIncome": "None", "interestExpense": "115924000", "nonInterestIncome": "None", "otherNonOperatingIncome": "7287000", "depreciation": "None", "depreciationAndAmortization": "190136000", "incomeBeforeTax": "117856000", "incomeTaxExpense": "646000", "interestAndDebtExpense": "None", "netIncomeFromContinuingOperations": "102307000", "comprehensiveIncomeNetOfTax": "None", "ebit": "241273000", "ebitda": "431409000", "netIncome": "112690000"}, {"fiscalDateEnding": "2014-03-31", "reportedCurrency": "USD", "grossProfit": "402002000", "totalRevenue": "633442000", "costOfRevenue": "231440000", "costofGoodsAndServicesSold": "231440000", "operatingIncome": "199259000", "sellingGeneralAndAdministrative": "17576000", "researchAndDevelopment": "0", "operatingExpenses": "202743000", "investmentIncomeNet": "None", "netInterestIncome": "None", "interestIncome": "None", "interestExpense": "113049000", "nonInterestIncome": "None", "otherNonOperatingIncome": "-1409000", "depreciation": "None", "depreciationAndAmortization": "185167000", "incomeBeforeTax": "81920000", "incomeTaxExpense": "240000", "interestAndDebtExpense": "None", "netIncomeFromContinuingOperations": "81698000", "comprehensiveIncomeNetOfTax": "None", "ebit": "197237000", "ebitda": "382404000", "netIncome": "79135000"}, {"fiscalDateEnding": "2013-12-31", "reportedCurrency": "USD", "grossProfit": "421605000", "totalRevenue": "639134000", "costOfRevenue": "217529000", "costofGoodsAndServicesSold": "217529000", "operatingIncome": "223703000", "sellingGeneralAndAdministrative": "15162000", "researchAndDevelopment": "0", "operatingExpenses": "197902000", "investmentIncomeNet": "None", "netInterestIncome": "None", "interestIncome": "None", "interestExpense": "149402000", "nonInterestIncome": "None", "otherNonOperatingIncome": "None", "depreciation": "None", "depreciationAndAmortization": "182740000", "incomeBeforeTax": "68985000", "incomeTaxExpense": "-156000", "interestAndDebtExpense": "None", "netIncomeFromContinuingOperations": "0", "comprehensiveIncomeNetOfTax": "None", "ebit": "215812000", "ebitda": "398552000", "netIncome": "110976000"}, {"fiscalDateEnding": "2013-09-30", "reportedCurrency": "USD", "grossProfit": "411540000", "totalRevenue": "626629000", "costOfRevenue": "215089000", "costofGoodsAndServicesSold": "215089000", "operatingIncome": "120396000", "sellingGeneralAndAdministrative": "14438000", "researchAndDevelopment": "0", "operatingExpenses": "291144000", "investmentIncomeNet": "None", "netInterestIncome": "None", "interestIncome": "None", "interestExpense": "120035000", "nonInterestIncome": "None", "otherNonOperatingIncome": "-1454000", "depreciation": "None", "depreciationAndAmortization": "277336000", "incomeBeforeTax": "-12973000", "incomeTaxExpense": "493000", "interestAndDebtExpense": "None", "netIncomeFromContinuingOperations": "-12467000", "comprehensiveIncomeNetOfTax": "None", "ebit": "120765000", "ebitda": "398101000", "netIncome": "377192000"}, {"fiscalDateEnding": "2013-06-30", "reportedCurrency": "USD", "grossProfit": "403366000", "totalRevenue": "617217000", "costOfRevenue": "213851000", "costofGoodsAndServicesSold": "213851000", "operatingIncome": "63977000", "sellingGeneralAndAdministrative": "16086000", "researchAndDevelopment": "0", "operatingExpenses": "334578000", "investmentIncomeNet": "None", "netInterestIncome": "None", "interestIncome": "None", "interestExpense": "122950000", "nonInterestIncome": "None", "otherNonOperatingIncome": "-1175000", "depreciation": "None", "depreciationAndAmortization": "331374000", "incomeBeforeTax": "-58083000", "incomeTaxExpense": "428000", "interestAndDebtExpense": "None", "netIncomeFromContinuingOperations": "-51455000", "comprehensiveIncomeNetOfTax": "None", "ebit": "58425000", "ebitda": "389799000", "netIncome": "324759000"}, {"fiscalDateEnding": "2013-03-31", "reportedCurrency": "USD", "grossProfit": "316963000", "totalRevenue": "504722000", "costOfRevenue": "187759000", "costofGoodsAndServicesSold": "187759000", "operatingIncome": "104246000", "sellingGeneralAndAdministrative": "16496000", "researchAndDevelopment": "0", "operatingExpenses": "280802000", "investmentIncomeNet": "None", "netInterestIncome": "None", "interestIncome": "None", "interestExpense": "195685000", "nonInterestIncome": "None", "otherNonOperatingIncome": "None", "depreciation": "None", "depreciationAndAmortization": "220330000", "incomeBeforeTax": "-164934000", "incomeTaxExpense": "407000", "interestAndDebtExpense": "None", "netIncomeFromContinuingOperations": "0", "comprehensiveIncomeNetOfTax": "None", "ebit": "73247000", "ebitda": "293577000", "netIncome": "1017686000"}, {"fiscalDateEnding": "2012-12-31", "reportedCurrency": "USD", "grossProfit": "294271000", "totalRevenue": "444743000", "costOfRevenue": "150472000", "costofGoodsAndServicesSold": "150472000", "operatingIncome": "145679000", "sellingGeneralAndAdministrative": "10072000", "researchAndDevelopment": "0", "operatingExpenses": "75406000", "investmentIncomeNet": "None", "netInterestIncome": "None", "interestIncome": "None", "interestExpense": "110214000", "nonInterestIncome": "None", "otherNonOperatingIncome": "111085000", "depreciation": "None", "depreciationAndAmortization": "166196000", "incomeBeforeTax": "98107000", "incomeTaxExpense": "-88000", "interestAndDebtExpense": "None", "netIncomeFromContinuingOperations": "124927000", "comprehensiveIncomeNetOfTax": "None", "ebit": "242321000", "ebitda": "408517000", "netIncome": "367017000"}, {"fiscalDateEnding": "2012-09-30", "reportedCurrency": "USD", "grossProfit": "292352000", "totalRevenue": "451699000", "costOfRevenue": "159347000", "costofGoodsAndServicesSold": "159347000", "operatingIncome": "142932000", "sellingGeneralAndAdministrative": "10096000", "researchAndDevelopment": "0", "operatingExpenses": "83493999", "investmentIncomeNet": "None", "netInterestIncome": "None", "interestIncome": "None", "interestExpense": "116455000", "nonInterestIncome": "None", "otherNonOperatingIncome": "62652000", "depreciation": "None", "depreciationAndAmortization": "167406000", "incomeBeforeTax": "92403000", "incomeTaxExpense": "222000", "interestAndDebtExpense": "None", "netIncomeFromContinuingOperations": "132681000", "comprehensiveIncomeNetOfTax": "None", "ebit": "207056000", "ebitda": "374462000", "netIncome": "226139000"}, {"fiscalDateEnding": "2012-06-30", "reportedCurrency": "USD", "grossProfit": "351443000", "totalRevenue": "543781000", "costOfRevenue": "192338000", "costofGoodsAndServicesSold": "192338000", "operatingIncome": "128560000", "sellingGeneralAndAdministrative": "13394000", "researchAndDevelopment": "0", "operatingExpenses": "158829000", "investmentIncomeNet": "None", "netInterestIncome": "None", "interestIncome": "None", "interestExpense": "115618000", "nonInterestIncome": "None", "otherNonOperatingIncome": "-13321000", "depreciation": "None", "depreciationAndAmortization": "172338000", "incomeBeforeTax": "102707000", "incomeTaxExpense": "214000", "interestAndDebtExpense": "None", "netIncomeFromContinuingOperations": "36558000", "comprehensiveIncomeNetOfTax": "None", "ebit": "115974000", "ebitda": "288312000", "netIncome": "103264000"}, {"fiscalDateEnding": "2012-03-31", "reportedCurrency": "USD", "grossProfit": "334577000", "totalRevenue": "527659000", "costOfRevenue": "193082000", "costofGoodsAndServicesSold": "193082000", "operatingIncome": "218298000", "sellingGeneralAndAdministrative": "13688000", "researchAndDevelopment": "0", "operatingExpenses": "188425000", "investmentIncomeNet": "None", "netInterestIncome": "None", "interestIncome": "None", "interestExpense": "118703000", "nonInterestIncome": "None", "otherNonOperatingIncome": "-9869000", "depreciation": "None", "depreciationAndAmortization": "174737000", "incomeBeforeTax": "-13256000", "incomeTaxExpense": "170000", "interestAndDebtExpense": "None", "netIncomeFromContinuingOperations": "17389000", "comprehensiveIncomeNetOfTax": "None", "ebit": "105126000", "ebitda": "279863000", "netIncome": "145299000"}, {"fiscalDateEnding": "2011-12-31", "reportedCurrency": "USD", "grossProfit": "335241000", "totalRevenue": "512383000", "costOfRevenue": "177142000", "costofGoodsAndServicesSold": "177142000", "operatingIncome": "159173000", "sellingGeneralAndAdministrative": "11144000", "researchAndDevelopment": "0", "operatingExpenses": "176068000", "investmentIncomeNet": "None", "netInterestIncome": "None", "interestIncome": "None", "interestExpense": "115346000", "nonInterestIncome": "None", "otherNonOperatingIncome": "-8650000", "depreciation": "None", "depreciationAndAmortization": "167233000", "incomeBeforeTax": "36149000", "incomeTaxExpense": "59000", "interestAndDebtExpense": "None", "netIncomeFromContinuingOperations": "19585000", "comprehensiveIncomeNetOfTax": "None", "ebit": "150426000", "ebitda": "317659000", "netIncome": "102482000"}, {"fiscalDateEnding": "2011-09-30", "reportedCurrency": "USD", "grossProfit": "314626000", "totalRevenue": "511958000", "costOfRevenue": "186209000", "costofGoodsAndServicesSold": "186209000", "operatingIncome": "144814000", "sellingGeneralAndAdministrative": "10121000", "researchAndDevelopment": "0", "operatingExpenses": "169812000", "investmentIncomeNet": "None", "netInterestIncome": "None", "interestIncome": "None", "interestExpense": "112449000", "nonInterestIncome": "None", "otherNonOperatingIncome": "-1932000", "depreciation": "None", "depreciationAndAmortization": "164552000", "incomeBeforeTax": "30500000", "incomeTaxExpense": "283000", "interestAndDebtExpense": "None", "netIncomeFromContinuingOperations": "35491000", "comprehensiveIncomeNetOfTax": "None", "ebit": "143850000", "ebitda": "308402000", "netIncome": "107848000"}, {"fiscalDateEnding": "2011-06-30", "reportedCurrency": "USD", "grossProfit": "305217000", "totalRevenue": "424305000", "costOfRevenue": "181569000", "costofGoodsAndServicesSold": "181569000", "operatingIncome": "139857000", "sellingGeneralAndAdministrative": "10908000", "researchAndDevelopment": "0", "operatingExpenses": "169995000", "investmentIncomeNet": "None", "netInterestIncome": "None", "interestIncome": "None", "interestExpense": "119997000", "nonInterestIncome": "None", "otherNonOperatingIncome": "-8789000", "depreciation": "None", "depreciationAndAmortization": "161567000", "incomeBeforeTax": "22455000", "incomeTaxExpense": "203000", "interestAndDebtExpense": "None", "netIncomeFromContinuingOperations": "21195000", "comprehensiveIncomeNetOfTax": "None", "ebit": "131108000", "ebitda": "292675000", "netIncome": "555924000"}, {"fiscalDateEnding": "2011-03-31", "reportedCurrency": "USD", "grossProfit": "285841000", "totalRevenue": "446869000", "costOfRevenue": "207710000", "costofGoodsAndServicesSold": "207710000", "operatingIncome": "115953000", "sellingGeneralAndAdministrative": "11435000", "researchAndDevelopment": "0", "operatingExpenses": "179403000", "investmentIncomeNet": "None", "netInterestIncome": "None", "interestIncome": "None", "interestExpense": "120528000", "nonInterestIncome": "None", "otherNonOperatingIncome": "-4215000", "depreciation": "None", "depreciationAndAmortization": "167968000", "incomeBeforeTax": "7919000", "incomeTaxExpense": "192000", "interestAndDebtExpense": "None", "netIncomeFromContinuingOperations": "7727000", "comprehensiveIncomeNetOfTax": "None", "ebit": "113194000", "ebitda": "281162000", "netIncome": "127331000"}, {"fiscalDateEnding": "2010-12-31", "reportedCurrency": "USD", "grossProfit": "285924000", "totalRevenue": "470621000", "costOfRevenue": "184697000", "costofGoodsAndServicesSold": "184697000", "operatingIncome": "72455000", "sellingGeneralAndAdministrative": "8852000", "researchAndDevelopment": "0", "operatingExpenses": "210692000", "investmentIncomeNet": "None", "netInterestIncome": "None", "interestIncome": "None", "interestExpense": "117002000", "nonInterestIncome": "None", "otherNonOperatingIncome": "-10224000", "depreciation": "None", "depreciationAndAmortization": "171708000", "incomeBeforeTax": "294793000", "incomeTaxExpense": "23000", "interestAndDebtExpense": "None", "netIncomeFromContinuingOperations": "-46926000", "comprehensiveIncomeNetOfTax": "None", "ebit": "70562000", "ebitda": "242270000", "netIncome": "189383000"}, {"fiscalDateEnding": "2010-09-30", "reportedCurrency": "USD", "grossProfit": "273803000", "totalRevenue": "453960000", "costOfRevenue": "215590000", "costofGoodsAndServicesSold": "215590000", "operatingIncome": "105264000", "sellingGeneralAndAdministrative": "10224000", "researchAndDevelopment": "0", "operatingExpenses": "184570000", "investmentIncomeNet": "None", "netInterestIncome": "None", "interestIncome": "None", "interestExpense": "121116000", "nonInterestIncome": "None", "otherNonOperatingIncome": "-5548000", "depreciation": "None", "depreciationAndAmortization": "173642000", "incomeBeforeTax": "356243000", "incomeTaxExpense": "288000", "interestAndDebtExpense": "None", "netIncomeFromContinuingOperations": "19884000", "comprehensiveIncomeNetOfTax": "None", "ebit": "99918000", "ebitda": "273560000", "netIncome": "28783000"}, {"fiscalDateEnding": "2010-06-30", "reportedCurrency": "USD", "grossProfit": "273115000", "totalRevenue": "510937000", "costOfRevenue": "202878000", "costofGoodsAndServicesSold": "202878000", "operatingIncome": "121529000", "sellingGeneralAndAdministrative": "10090000", "researchAndDevelopment": "0", "operatingExpenses": "186530000", "investmentIncomeNet": "None", "netInterestIncome": "None", "interestIncome": "None", "interestExpense": "113723000", "nonInterestIncome": "None", "otherNonOperatingIncome": "3550000", "depreciation": "None", "depreciationAndAmortization": "174794000", "incomeBeforeTax": "4640000", "incomeTaxExpense": "-5321000", "interestAndDebtExpense": "None", "netIncomeFromContinuingOperations": "9406000", "comprehensiveIncomeNetOfTax": "None", "ebit": "99159000", "ebitda": "273953000", "netIncome": "9961000"}, {"fiscalDateEnding": "2010-03-31", "reportedCurrency": "USD", "grossProfit": "260872000", "totalRevenue": "488690000", "costOfRevenue": "207054000", "costofGoodsAndServicesSold": "207054000", "operatingIncome": "108706000", "sellingGeneralAndAdministrative": "10721000", "researchAndDevelopment": "0", "operatingExpenses": "163040000", "investmentIncomeNet": "None", "netInterestIncome": "None", "interestIncome": "None", "interestExpense": "114111000", "nonInterestIncome": "None", "otherNonOperatingIncome": "-5341000", "depreciation": "None", "depreciationAndAmortization": "152319000", "incomeBeforeTax": "355581000", "incomeTaxExpense": "166000", "interestAndDebtExpense": "None", "netIncomeFromContinuingOperations": "-2208000", "comprehensiveIncomeNetOfTax": "None", "ebit": "105264000", "ebitda": "257583000", "netIncome": "55483000"}, {"fiscalDateEnding": "2009-12-31", "reportedCurrency": "USD", "grossProfit": "282297000", "totalRevenue": "464400000", "costOfRevenue": "182103000", "costofGoodsAndServicesSold": "182103000", "operatingIncome": "128622000", "sellingGeneralAndAdministrative": "8518000", "researchAndDevelopment": "0", "operatingExpenses": "153675000", "investmentIncomeNet": "None", "netInterestIncome": "None", "interestIncome": "None", "interestExpense": "145923000", "nonInterestIncome": "None", "otherNonOperatingIncome": "None", "depreciation": "None", "depreciationAndAmortization": "148888000", "incomeBeforeTax": "-20730000", "incomeTaxExpense": "-41000", "interestAndDebtExpense": "None", "netIncomeFromContinuingOperations": "0", "comprehensiveIncomeNetOfTax": "None", "ebit": "125193000", "ebitda": "274081000", "netIncome": "45292000"}, {"fiscalDateEnding": "2009-09-30", "reportedCurrency": "USD", "grossProfit": "275194000", "totalRevenue": "459017000", "costOfRevenue": "55743000", "costofGoodsAndServicesSold": "55743000", "operatingIncome": "128655000", "sellingGeneralAndAdministrative": "212184000", "researchAndDevelopment": "0", "operatingExpenses": "9881000", "investmentIncomeNet": "None", "netInterestIncome": "None", "interestIncome": "None", "interestExpense": "121166000", "nonInterestIncome": "None", "otherNonOperatingIncome": "None", "depreciation": "None", "depreciationAndAmortization": "149652000", "incomeBeforeTax": "9475000", "incomeTaxExpense": "456000", "interestAndDebtExpense": "None", "netIncomeFromContinuingOperations": "0", "comprehensiveIncomeNetOfTax": "None", "ebit": "126846000", "ebitda": "276498000", "netIncome": "135981000"}, {"fiscalDateEnding": "2009-06-30", "reportedCurrency": "USD", "grossProfit": "290005000", "totalRevenue": "471410000", "costOfRevenue": "53824000", "costofGoodsAndServicesSold": "53824000", "operatingIncome": "126944000", "sellingGeneralAndAdministrative": "206173000", "researchAndDevelopment": "0", "operatingExpenses": "10201000", "investmentIncomeNet": "None", "netInterestIncome": "None", "interestIncome": "None", "interestExpense": "115670000", "nonInterestIncome": "None", "otherNonOperatingIncome": "None", "depreciation": "None", "depreciationAndAmortization": "151347000", "incomeBeforeTax": "23449000", "incomeTaxExpense": "259000", "interestAndDebtExpense": "None", "netIncomeFromContinuingOperations": "0", "comprehensiveIncomeNetOfTax": "None", "ebit": "130300000", "ebitda": "281647000", "netIncome": "105932000"}, {"fiscalDateEnding": "2009-03-31", "reportedCurrency": "USD", "grossProfit": "304620000", "totalRevenue": "515144000", "costOfRevenue": "210524000", "costofGoodsAndServicesSold": "210524000", "operatingIncome": "132387000", "sellingGeneralAndAdministrative": "10394000", "researchAndDevelopment": "0", "operatingExpenses": "160439000", "investmentIncomeNet": "None", "netInterestIncome": "None", "interestIncome": "None", "interestExpense": "126862000", "nonInterestIncome": "None", "otherNonOperatingIncome": "None", "depreciation": "None", "depreciationAndAmortization": "150488000", "incomeBeforeTax": "23048000", "incomeTaxExpense": "2131000", "interestAndDebtExpense": "None", "netIncomeFromContinuingOperations": "0", "comprehensiveIncomeNetOfTax": "None", "ebit": "138112000", "ebitda": "288600000", "netIncome": "80795000"}, {"fiscalDateEnding": "2008-12-31", "reportedCurrency": "USD", "grossProfit": "289087000", "totalRevenue": "528986000", "costOfRevenue": "217461000", "costofGoodsAndServicesSold": "217461000", "operatingIncome": "30836000", "sellingGeneralAndAdministrative": "236353000", "researchAndDevelopment": "0", "operatingExpenses": "10847000", "investmentIncomeNet": "None", "netInterestIncome": "None", "interestIncome": "None", "interestExpense": "127016000", "nonInterestIncome": "None", "otherNonOperatingIncome": "None", "depreciation": "None", "depreciationAndAmortization": "158298000", "incomeBeforeTax": "301583000", "incomeTaxExpense": "-5843000", "interestAndDebtExpense": "None", "netIncomeFromContinuingOperations": "0", "comprehensiveIncomeNetOfTax": "None", "ebit": "61105000", "ebitda": "219403000", "netIncome": "-31243000"}, {"fiscalDateEnding": "2008-09-30", "reportedCurrency": "USD", "grossProfit": "483113000", "totalRevenue": "538319000", "costOfRevenue": "55206000", "costofGoodsAndServicesSold": "55206000", "operatingIncome": "156570000", "sellingGeneralAndAdministrative": "9849000", "researchAndDevelopment": "0", "operatingExpenses": "9849000", "investmentIncomeNet": "None", "netInterestIncome": "None", "interestIncome": "None", "interestExpense": "124755000", "nonInterestIncome": "None", "otherNonOperatingIncome": "None", "depreciation": "None", "depreciationAndAmortization": "153762000", "incomeBeforeTax": "178241000", "incomeTaxExpense": "1415000", "interestAndDebtExpense": "None", "netIncomeFromContinuingOperations": "0", "comprehensiveIncomeNetOfTax": "None", "ebit": "148940000", "ebitda": "302702000", "netIncome": "178241000"}, {"fiscalDateEnding": "2008-06-30", "reportedCurrency": "USD", "grossProfit": "480912000", "totalRevenue": "535525000", "costOfRevenue": "54613000", "costofGoodsAndServicesSold": "54613000", "operatingIncome": "165859000", "sellingGeneralAndAdministrative": "11774000", "researchAndDevelopment": "0", "operatingExpenses": "11774000", "investmentIncomeNet": "None", "netInterestIncome": "None", "interestIncome": "None", "interestExpense": "121689000", "nonInterestIncome": "None", "otherNonOperatingIncome": "None", "depreciation": "None", "depreciationAndAmortization": "146594000", "incomeBeforeTax": "132612000", "incomeTaxExpense": "1726000", "interestAndDebtExpense": "None", "netIncomeFromContinuingOperations": "0", "comprehensiveIncomeNetOfTax": "None", "ebit": "162560000", "ebitda": "309154000", "netIncome": "132612000"}, {"fiscalDateEnding": "2008-03-31", "reportedCurrency": "USD", "grossProfit": "208220000", "totalRevenue": "502641000", "costOfRevenue": "292154000", "costofGoodsAndServicesSold": "292154000", "operatingIncome": "146847000", "sellingGeneralAndAdministrative": "12481000", "researchAndDevelopment": "0", "operatingExpenses": "12481000", "investmentIncomeNet": "None", "netInterestIncome": "None", "interestIncome": "None", "interestExpense": "121678000", "nonInterestIncome": "None", "otherNonOperatingIncome": "None", "depreciation": "None", "depreciationAndAmortization": "147748000", "incomeBeforeTax": "140482000", "incomeTaxExpense": "2996000", "interestAndDebtExpense": "None", "netIncomeFromContinuingOperations": "0", "comprehensiveIncomeNetOfTax": "None", "ebit": "142534000", "ebitda": "290282000", "netIncome": "140482000"}, {"fiscalDateEnding": "2007-12-31", "reportedCurrency": "USD", "grossProfit": "328516000", "totalRevenue": "513790000", "costOfRevenue": "39555000", "costofGoodsAndServicesSold": "39555000", "operatingIncome": "136049000", "sellingGeneralAndAdministrative": "14639000", "researchAndDevelopment": "0", "operatingExpenses": "359198000", "investmentIncomeNet": "None", "netInterestIncome": "None", "interestIncome": "None", "interestExpense": "123277000", "nonInterestIncome": "None", "otherNonOperatingIncome": "None", "depreciation": "None", "depreciationAndAmortization": "157347000", "incomeBeforeTax": "123277000", "incomeTaxExpense": "-123277000", "interestAndDebtExpense": "None", "netIncomeFromContinuingOperations": "0", "comprehensiveIncomeNetOfTax": "None", "ebit": "650288000", "ebitda": "807635000", "netIncome": "123277000"}, {"fiscalDateEnding": "2007-09-30", "reportedCurrency": "USD", "grossProfit": "496016000", "totalRevenue": "501102000", "costOfRevenue": "-114279000", "costofGoodsAndServicesSold": "-114279000", "operatingIncome": "145981000", "sellingGeneralAndAdministrative": "13137000", "researchAndDevelopment": "0", "operatingExpenses": "13137000", "investmentIncomeNet": "None", "netInterestIncome": "None", "interestIncome": "None", "interestExpense": "130245000", "nonInterestIncome": "None", "otherNonOperatingIncome": "None", "depreciation": "None", "depreciationAndAmortization": "154398000", "incomeBeforeTax": "457707000", "incomeTaxExpense": "770000", "interestAndDebtExpense": "None", "netIncomeFromContinuingOperations": "0", "comprehensiveIncomeNetOfTax": "None", "ebit": "145404000", "ebitda": "299802000", "netIncome": "457707000"}, {"fiscalDateEnding": "2007-06-30", "reportedCurrency": "USD", "grossProfit": "498456000", "totalRevenue": "491560000", "costOfRevenue": "-112429000", "costofGoodsAndServicesSold": "-112429000", "operatingIncome": "148448000", "sellingGeneralAndAdministrative": "11549000", "researchAndDevelopment": "0", "operatingExpenses": "11549000", "investmentIncomeNet": "None", "netInterestIncome": "None", "interestIncome": "None", "interestExpense": "113182000", "nonInterestIncome": "None", "otherNonOperatingIncome": "None", "depreciation": "None", "depreciationAndAmortization": "157211000", "incomeBeforeTax": "282401000", "incomeTaxExpense": "101000", "interestAndDebtExpense": "None", "netIncomeFromContinuingOperations": "0", "comprehensiveIncomeNetOfTax": "None", "ebit": "140582000", "ebitda": "297793000", "netIncome": "282401000"}, {"fiscalDateEnding": "2007-03-31", "reportedCurrency": "USD", "grossProfit": "489200000", "totalRevenue": "475849000", "costOfRevenue": "-108754000", "costofGoodsAndServicesSold": "-108754000", "operatingIncome": "135339000", "sellingGeneralAndAdministrative": "9966000", "researchAndDevelopment": "0", "operatingExpenses": "9966000", "investmentIncomeNet": "None", "netInterestIncome": "None", "interestIncome": "None", "interestExpense": "126237000", "nonInterestIncome": "None", "otherNonOperatingIncome": "None", "depreciation": "None", "depreciationAndAmortization": "154892000", "incomeBeforeTax": "126237000", "incomeTaxExpense": "597000", "interestAndDebtExpense": "None", "netIncomeFromContinuingOperations": "0", "comprehensiveIncomeNetOfTax": "None", "ebit": "120928000", "ebitda": "275820000", "netIncome": "126237000"}, {"fiscalDateEnding": "2006-12-31", "reportedCurrency": "USD", "grossProfit": "418020000", "totalRevenue": "463653000", "costOfRevenue": "199582000", "costofGoodsAndServicesSold": "199582000", "operatingIncome": "90019000", "sellingGeneralAndAdministrative": "10827000", "researchAndDevelopment": "0", "operatingExpenses": "10616000", "investmentIncomeNet": "None", "netInterestIncome": "None", "interestIncome": "None", "interestExpense": "465061000", "nonInterestIncome": "None", "otherNonOperatingIncome": "None", "depreciation": "None", "depreciationAndAmortization": "152123000", "incomeBeforeTax": "465061000", "incomeTaxExpense": "-465061000", "interestAndDebtExpense": "None", "netIncomeFromContinuingOperations": "0", "comprehensiveIncomeNetOfTax": "None", "ebit": "138273000", "ebitda": "290396000", "netIncome": "465061000"}, {"fiscalDateEnding": "2006-09-30", "reportedCurrency": "USD", "grossProfit": "462340000", "totalRevenue": "513865000", "costOfRevenue": "51525000", "costofGoodsAndServicesSold": "51525000", "operatingIncome": "140784000", "sellingGeneralAndAdministrative": "14448000", "researchAndDevelopment": "0", "operatingExpenses": "14448000", "investmentIncomeNet": "None", "netInterestIncome": "None", "interestIncome": "None", "interestExpense": "69811000", "nonInterestIncome": "None", "otherNonOperatingIncome": "None", "depreciation": "None", "depreciationAndAmortization": "143437000", "incomeBeforeTax": "69811000", "incomeTaxExpense": "-69811000", "interestAndDebtExpense": "None", "netIncomeFromContinuingOperations": "0", "comprehensiveIncomeNetOfTax": "None", "ebit": "124996000", "ebitda": "268433000", "netIncome": "69811000"}, {"fiscalDateEnding": "2006-06-30", "reportedCurrency": "USD", "grossProfit": "442585000", "totalRevenue": "491939000", "costOfRevenue": "49354000", "costofGoodsAndServicesSold": "49354000", "operatingIncome": "140321000", "sellingGeneralAndAdministrative": "9584000", "researchAndDevelopment": "0", "operatingExpenses": "9584000", "investmentIncomeNet": "None", "netInterestIncome": "None", "interestIncome": "None", "interestExpense": "160157000", "nonInterestIncome": "None", "otherNonOperatingIncome": "None", "depreciation": "None", "depreciationAndAmortization": "150903000", "incomeBeforeTax": "160157000", "incomeTaxExpense": "-160157000", "interestAndDebtExpense": "None", "netIncomeFromContinuingOperations": "0", "comprehensiveIncomeNetOfTax": "None", "ebit": "133995000", "ebitda": "284898000", "netIncome": "160157000"}, {"fiscalDateEnding": "2006-03-31", "reportedCurrency": "USD", "grossProfit": "572658000", "totalRevenue": "520979000", "costOfRevenue": "-100879000", "costofGoodsAndServicesSold": "-100879000", "operatingIncome": "142019000", "sellingGeneralAndAdministrative": "13817000", "researchAndDevelopment": "0", "operatingExpenses": "336224000", "investmentIncomeNet": "None", "netInterestIncome": "None", "interestIncome": "None", "interestExpense": "377815000", "nonInterestIncome": "None", "otherNonOperatingIncome": "None", "depreciation": "None", "depreciationAndAmortization": "147015000", "incomeBeforeTax": "377815000", "incomeTaxExpense": "-377815000", "interestAndDebtExpense": "None", "netIncomeFromContinuingOperations": "0", "comprehensiveIncomeNetOfTax": "None", "ebit": "126800000", "ebitda": "273815000", "netIncome": "377815000"}, {"fiscalDateEnding": "2005-12-31", "reportedCurrency": "USD", "grossProfit": "268252000", "totalRevenue": "492652000", "costOfRevenue": "224400000", "costofGoodsAndServicesSold": "224400000", "operatingIncome": "117464000", "sellingGeneralAndAdministrative": "26787000", "researchAndDevelopment": "0", "operatingExpenses": "375188000", "investmentIncomeNet": "None", "netInterestIncome": "None", "interestIncome": "None", "interestExpense": "225886000", "nonInterestIncome": "None", "otherNonOperatingIncome": "None", "depreciation": "None", "depreciationAndAmortization": "137046000", "incomeBeforeTax": "225886000", "incomeTaxExpense": "-225886000", "interestAndDebtExpense": "None", "netIncomeFromContinuingOperations": "0", "comprehensiveIncomeNetOfTax": "None", "ebit": "117464000", "ebitda": "254510000", "netIncome": "225886000"}]}