{"symbol": "ALTO", "annualReports": [{"fiscalDateEnding": "2024-12-31", "reportedCurrency": "USD", "grossProfit": "9722000", "totalRevenue": "965258000", "costOfRevenue": "955536000", "costofGoodsAndServicesSold": "955536000", "operatingIncome": "-51675000", "sellingGeneralAndAdministrative": "29736000", "researchAndDevelopment": "None", "operatingExpenses": "61397000", "investmentIncomeNet": "None", "netInterestIncome": "-7644000", "interestIncome": "None", "interestExpense": "7644000", "nonInterestIncome": "None", "otherNonOperatingIncome": "None", "depreciation": "None", "depreciationAndAmortization": "24408000", "incomeBeforeTax": "-58811000", "incomeTaxExpense": "173000", "interestAndDebtExpense": "None", "netIncomeFromContinuingOperations": "-58984000", "comprehensiveIncomeNetOfTax": "None", "ebit": "-51167000", "ebitda": "-26759000", "netIncome": "-58984000"}, {"fiscalDateEnding": "2023-12-31", "reportedCurrency": "USD", "grossProfit": "15653000", "totalRevenue": "1222940000", "costOfRevenue": "1207287000", "costofGoodsAndServicesSold": "1207287000", "operatingIncome": "-23848000", "sellingGeneralAndAdministrative": "31832000", "researchAndDevelopment": "None", "operatingExpenses": "39501000", "investmentIncomeNet": "None", "netInterestIncome": "-6267000", "interestIncome": "None", "interestExpense": "7425000", "nonInterestIncome": "None", "otherNonOperatingIncome": "None", "depreciation": "None", "depreciationAndAmortization": "23080000", "incomeBeforeTax": "-27908000", "incomeTaxExpense": "97000", "interestAndDebtExpense": "None", "netIncomeFromContinuingOperations": "-42132000", "comprehensiveIncomeNetOfTax": "None", "ebit": "-20483000", "ebitda": "2597000", "netIncome": "-28005000"}, {"fiscalDateEnding": "2022-12-31", "reportedCurrency": "USD", "grossProfit": "-27550000", "totalRevenue": "1335621000", "costOfRevenue": "1363171000", "costofGoodsAndServicesSold": "1363171000", "operatingIncome": "-61359000", "sellingGeneralAndAdministrative": "31579000", "researchAndDevelopment": "None", "operatingExpenses": "33809000", "investmentIncomeNet": "None", "netInterestIncome": "-1827000", "interestIncome": "None", "interestExpense": "1827000", "nonInterestIncome": "None", "otherNonOperatingIncome": "None", "depreciation": "None", "depreciationAndAmortization": "25095000", "incomeBeforeTax": "-39672000", "incomeTaxExpense": "1925000", "interestAndDebtExpense": "None", "netIncomeFromContinuingOperations": "-41597000", "comprehensiveIncomeNetOfTax": "None", "ebit": "-37845000", "ebitda": "-12750000", "netIncome": "-41597000"}, {"fiscalDateEnding": "2021-12-31", "reportedCurrency": "USD", "grossProfit": "67784000", "totalRevenue": "1207892000", "costOfRevenue": "1140108000", "costofGoodsAndServicesSold": "1140108000", "operatingIncome": "40070000", "sellingGeneralAndAdministrative": "29185000", "researchAndDevelopment": "None", "operatingExpenses": "27714000", "investmentIncomeNet": "None", "netInterestIncome": "-3587000", "interestIncome": "None", "interestExpense": "3587000", "nonInterestIncome": "None", "otherNonOperatingIncome": "None", "depreciation": "None", "depreciationAndAmortization": "23292000", "incomeBeforeTax": "47551000", "incomeTaxExpense": "1469000", "interestAndDebtExpense": "None", "netIncomeFromContinuingOperations": "46082000", "comprehensiveIncomeNetOfTax": "None", "ebit": "51138000", "ebitda": "74430000", "netIncome": "46082000"}, {"fiscalDateEnding": "2020-12-31", "reportedCurrency": "USD", "grossProfit": "52859000", "totalRevenue": "897023000", "costOfRevenue": "844164000", "costofGoodsAndServicesSold": "844164000", "operatingIncome": "9853000", "sellingGeneralAndAdministrative": "31980000", "researchAndDevelopment": "None", "operatingExpenses": "43006000", "investmentIncomeNet": "None", "netInterestIncome": "-17943000", "interestIncome": "None", "interestExpense": "17943000", "nonInterestIncome": "None", "otherNonOperatingIncome": "None", "depreciation": "None", "depreciationAndAmortization": "30268000", "incomeBeforeTax": "-17299000", "incomeTaxExpense": "-17000", "interestAndDebtExpense": "None", "netIncomeFromContinuingOperations": "-17282000", "comprehensiveIncomeNetOfTax": "None", "ebit": "644000", "ebitda": "30912000", "netIncome": "-15116000"}, {"fiscalDateEnding": "2019-12-31", "reportedCurrency": "USD", "grossProfit": "-9938000", "totalRevenue": "1424881000", "costOfRevenue": "1434819000", "costofGoodsAndServicesSold": "1434819000", "operatingIncome": "-74683000", "sellingGeneralAndAdministrative": "35453000", "researchAndDevelopment": "None", "operatingExpenses": "64745000", "investmentIncomeNet": "None", "netInterestIncome": "-20206000", "interestIncome": "None", "interestExpense": "20206000", "nonInterestIncome": "None", "otherNonOperatingIncome": "None", "depreciation": "None", "depreciationAndAmortization": "47909000", "incomeBeforeTax": "-101302000", "incomeTaxExpense": "-20000", "interestAndDebtExpense": "None", "netIncomeFromContinuingOperations": "-101282000", "comprehensiveIncomeNetOfTax": "None", "ebit": "-81096000", "ebitda": "-33187000", "netIncome": "-88949000"}, {"fiscalDateEnding": "2018-12-31", "reportedCurrency": "USD", "grossProfit": "-15164000", "totalRevenue": "1515371000", "costOfRevenue": "1530535000", "costofGoodsAndServicesSold": "1530535000", "operatingIncome": "-51537000", "sellingGeneralAndAdministrative": "36373000", "researchAndDevelopment": "None", "operatingExpenses": "36373000", "investmentIncomeNet": "None", "netInterestIncome": "-17132000", "interestIncome": "None", "interestExpense": "17132000", "nonInterestIncome": "None", "otherNonOperatingIncome": "None", "depreciation": "None", "depreciationAndAmortization": "40849000", "incomeBeforeTax": "-68498000", "incomeTaxExpense": "-562000", "interestAndDebtExpense": "None", "netIncomeFromContinuingOperations": "-67936000", "comprehensiveIncomeNetOfTax": "None", "ebit": "-51366000", "ebitda": "-10517000", "netIncome": "-60273000"}, {"fiscalDateEnding": "2017-12-31", "reportedCurrency": "USD", "grossProfit": "5931000", "totalRevenue": "1632255000", "costOfRevenue": "1626324000", "costofGoodsAndServicesSold": "1626324000", "operatingIncome": "-25585000", "sellingGeneralAndAdministrative": "31516000", "researchAndDevelopment": "None", "operatingExpenses": "31516000", "investmentIncomeNet": "None", "netInterestIncome": "-12938000", "interestIncome": "None", "interestExpense": "12938000", "nonInterestIncome": "None", "otherNonOperatingIncome": "None", "depreciation": "None", "depreciationAndAmortization": "38651000", "incomeBeforeTax": "-38395000", "incomeTaxExpense": "-321000", "interestAndDebtExpense": "None", "netIncomeFromContinuingOperations": "-38074000", "comprehensiveIncomeNetOfTax": "None", "ebit": "-25457000", "ebitda": "13194000", "netIncome": "-34964000"}, {"fiscalDateEnding": "2016-12-31", "reportedCurrency": "USD", "grossProfit": "51832000", "totalRevenue": "1624758000", "costOfRevenue": "1572926000", "costofGoodsAndServicesSold": "1572926000", "operatingIncome": "23509000", "sellingGeneralAndAdministrative": "28323000", "researchAndDevelopment": "None", "operatingExpenses": "28323000", "investmentIncomeNet": "None", "netInterestIncome": "None", "interestIncome": "None", "interestExpense": "22406000", "nonInterestIncome": "None", "otherNonOperatingIncome": "None", "depreciation": "None", "depreciationAndAmortization": "35441000", "incomeBeforeTax": "545000", "incomeTaxExpense": "-981000", "interestAndDebtExpense": "None", "netIncomeFromContinuingOperations": "None", "comprehensiveIncomeNetOfTax": "None", "ebit": "22409000", "ebitda": "57850000", "netIncome": "1419000"}, {"fiscalDateEnding": "2015-12-31", "reportedCurrency": "USD", "grossProfit": "7410000", "totalRevenue": "1191176000", "costOfRevenue": "1183766000", "costofGoodsAndServicesSold": "1183766000", "operatingIncome": "-17972000", "sellingGeneralAndAdministrative": "23412000", "researchAndDevelopment": "None", "operatingExpenses": "23412000", "investmentIncomeNet": "None", "netInterestIncome": "None", "interestIncome": "None", "interestExpense": "12594000", "nonInterestIncome": "None", "otherNonOperatingIncome": "None", "depreciation": "None", "depreciationAndAmortization": "23632000", "incomeBeforeTax": "-28907000", "incomeTaxExpense": "-10034000", "interestAndDebtExpense": "None", "netIncomeFromContinuingOperations": "None", "comprehensiveIncomeNetOfTax": "None", "ebit": "-16313000", "ebitda": "7319000", "netIncome": "-18786000"}, {"fiscalDateEnding": "2014-12-31", "reportedCurrency": "USD", "grossProfit": "108485000", "totalRevenue": "1107412000", "costOfRevenue": "998927000", "costofGoodsAndServicesSold": "998927000", "operatingIncome": "91377000", "sellingGeneralAndAdministrative": "17108000", "researchAndDevelopment": "None", "operatingExpenses": "17108000", "investmentIncomeNet": "None", "netInterestIncome": "None", "interestIncome": "None", "interestExpense": "9438000", "nonInterestIncome": "None", "otherNonOperatingIncome": "None", "depreciation": "None", "depreciationAndAmortization": "13186000", "incomeBeforeTax": "41139000", "incomeTaxExpense": "15137000", "interestAndDebtExpense": "None", "netIncomeFromContinuingOperations": "None", "comprehensiveIncomeNetOfTax": "None", "ebit": "92077000", "ebitda": "105263000", "netIncome": "21289000"}, {"fiscalDateEnding": "2013-12-31", "reportedCurrency": "USD", "grossProfit": "32930000", "totalRevenue": "908437000", "costOfRevenue": "875507000", "costofGoodsAndServicesSold": "875507000", "operatingIncome": "18909000", "sellingGeneralAndAdministrative": "14021000", "researchAndDevelopment": "None", "operatingExpenses": "14021000", "investmentIncomeNet": "None", "netInterestIncome": "None", "interestIncome": "None", "interestExpense": "15671000", "nonInterestIncome": "None", "otherNonOperatingIncome": "None", "depreciation": "None", "depreciationAndAmortization": "12136000", "incomeBeforeTax": "-1162000", "incomeTaxExpense": "1789000", "interestAndDebtExpense": "None", "netIncomeFromContinuingOperations": "None", "comprehensiveIncomeNetOfTax": "None", "ebit": "18909000", "ebitda": "31045000", "netIncome": "-781000"}, {"fiscalDateEnding": "2012-12-31", "reportedCurrency": "USD", "grossProfit": "-19524000", "totalRevenue": "816044000", "costOfRevenue": "835568000", "costofGoodsAndServicesSold": "835568000", "operatingIncome": "-31665000", "sellingGeneralAndAdministrative": "12141000", "researchAndDevelopment": "None", "operatingExpenses": "12141000", "investmentIncomeNet": "None", "netInterestIncome": "None", "interestIncome": "None", "interestExpense": "13049000", "nonInterestIncome": "None", "otherNonOperatingIncome": "None", "depreciation": "None", "depreciationAndAmortization": "12205000", "incomeBeforeTax": "-43355000", "incomeTaxExpense": "-24298000", "interestAndDebtExpense": "None", "netIncomeFromContinuingOperations": "None", "comprehensiveIncomeNetOfTax": "None", "ebit": "-30306000", "ebitda": "-18101000", "netIncome": "-19057000"}, {"fiscalDateEnding": "2011-12-31", "reportedCurrency": "USD", "grossProfit": "19399000", "totalRevenue": "901188000", "costOfRevenue": "881789000", "costofGoodsAndServicesSold": "881789000", "operatingIncome": "3972000", "sellingGeneralAndAdministrative": "15427000", "researchAndDevelopment": "None", "operatingExpenses": "15427000", "investmentIncomeNet": "None", "netInterestIncome": "None", "interestIncome": "None", "interestExpense": "14813000", "nonInterestIncome": "None", "otherNonOperatingIncome": "None", "depreciation": "None", "depreciationAndAmortization": "12648000", "incomeBeforeTax": "-4023000", "incomeTaxExpense": "-11750000", "interestAndDebtExpense": "None", "netIncomeFromContinuingOperations": "None", "comprehensiveIncomeNetOfTax": "None", "ebit": "10790000", "ebitda": "23438000", "netIncome": "3074000"}, {"fiscalDateEnding": "2010-12-31", "reportedCurrency": "USD", "grossProfit": "-811000", "totalRevenue": "328332000", "costOfRevenue": "329143000", "costofGoodsAndServicesSold": "329143000", "operatingIncome": "-13767000", "sellingGeneralAndAdministrative": "12956000", "researchAndDevelopment": "None", "operatingExpenses": "12956000", "investmentIncomeNet": "None", "netInterestIncome": "None", "interestIncome": "None", "interestExpense": "6261000", "nonInterestIncome": "None", "otherNonOperatingIncome": "None", "depreciation": "None", "depreciationAndAmortization": "9110000", "incomeBeforeTax": "-45772000", "incomeTaxExpense": "-115255000", "interestAndDebtExpense": "None", "netIncomeFromContinuingOperations": "None", "comprehensiveIncomeNetOfTax": "None", "ebit": "76971000", "ebitda": "86081000", "netIncome": "73892000"}, {"fiscalDateEnding": "2009-12-31", "reportedCurrency": "USD", "grossProfit": "-22047000", "totalRevenue": "316560000", "costOfRevenue": "338607000", "costofGoodsAndServicesSold": "338607000", "operatingIncome": "-295893000", "sellingGeneralAndAdministrative": "21458000", "researchAndDevelopment": "None", "operatingExpenses": "21458000", "investmentIncomeNet": "None", "netInterestIncome": "None", "interestIncome": "None", "interestExpense": "13771000", "nonInterestIncome": "None", "otherNonOperatingIncome": "None", "depreciation": "None", "depreciationAndAmortization": "34876000", "incomeBeforeTax": "-297098000", "incomeTaxExpense": "11607000", "interestAndDebtExpense": "None", "netIncomeFromContinuingOperations": "None", "comprehensiveIncomeNetOfTax": "None", "ebit": "-43505000", "ebitda": "-8629000", "netIncome": "-308153000"}, {"fiscalDateEnding": "2008-12-31", "reportedCurrency": "USD", "grossProfit": "-33405000", "totalRevenue": "703926000", "costOfRevenue": "737331000", "costofGoodsAndServicesSold": "737331000", "operatingIncome": "-193148000", "sellingGeneralAndAdministrative": "31796000", "researchAndDevelopment": "None", "operatingExpenses": "31796000", "investmentIncomeNet": "None", "netInterestIncome": "None", "interestIncome": "None", "interestExpense": "12271000", "nonInterestIncome": "None", "otherNonOperatingIncome": "None", "depreciation": "None", "depreciationAndAmortization": "26635000", "incomeBeforeTax": "-146547000", "incomeTaxExpense": "52669000", "interestAndDebtExpense": "None", "netIncomeFromContinuingOperations": "None", "comprehensiveIncomeNetOfTax": "None", "ebit": "-65228000", "ebitda": "-38593000", "netIncome": "-146547000"}, {"fiscalDateEnding": "2007-12-31", "reportedCurrency": "USD", "grossProfit": "32899000", "totalRevenue": "461513000", "costOfRevenue": "428614000", "costofGoodsAndServicesSold": "428614000", "operatingIncome": "2077000", "sellingGeneralAndAdministrative": "30822000", "researchAndDevelopment": "None", "operatingExpenses": "30822000", "investmentIncomeNet": "None", "netInterestIncome": "None", "interestIncome": "None", "interestExpense": "0", "nonInterestIncome": "None", "otherNonOperatingIncome": "None", "depreciation": "None", "depreciationAndAmortization": "22239000", "incomeBeforeTax": "-4724000", "incomeTaxExpense": "9676000", "interestAndDebtExpense": "None", "netIncomeFromContinuingOperations": "None", "comprehensiveIncomeNetOfTax": "None", "ebit": "-20162000", "ebitda": "2077000", "netIncome": "-14400000"}, {"fiscalDateEnding": "2006-12-31", "reportedCurrency": "USD", "grossProfit": "24829000", "totalRevenue": "226356000", "costOfRevenue": "201527000", "costofGoodsAndServicesSold": "201527000", "operatingIncome": "188000", "sellingGeneralAndAdministrative": "24641000", "researchAndDevelopment": "None", "operatingExpenses": "24641000", "investmentIncomeNet": "None", "netInterestIncome": "None", "interestIncome": "None", "interestExpense": "0", "nonInterestIncome": "None", "otherNonOperatingIncome": "None", "depreciation": "None", "depreciationAndAmortization": "5067000", "incomeBeforeTax": "3614000", "incomeTaxExpense": "3756000", "interestAndDebtExpense": "None", "netIncomeFromContinuingOperations": "None", "comprehensiveIncomeNetOfTax": "None", "ebit": "-4879000", "ebitda": "188000", "netIncome": "-142000"}, {"fiscalDateEnding": "2005-12-31", "reportedCurrency": "USD", "grossProfit": "3154829", "totalRevenue": "87599012", "costOfRevenue": "84444183", "costofGoodsAndServicesSold": "84444183", "operatingIncome": "-9483521", "sellingGeneralAndAdministrative": "12638350", "researchAndDevelopment": "None", "operatingExpenses": "12638350", "investmentIncomeNet": "None", "netInterestIncome": "None", "interestIncome": "None", "interestExpense": "163215", "nonInterestIncome": "None", "otherNonOperatingIncome": "None", "depreciation": "None", "depreciationAndAmortization": "786525", "incomeBeforeTax": "-9917519", "incomeTaxExpense": "5600", "interestAndDebtExpense": "None", "netIncomeFromContinuingOperations": "None", "comprehensiveIncomeNetOfTax": "None", "ebit": "-9482525", "ebitda": "-8696000", "netIncome": "-9923119"}], "quarterlyReports": [{"fiscalDateEnding": "2025-09-30", "reportedCurrency": "USD", "grossProfit": "23494000", "totalRevenue": "240986000", "costOfRevenue": "217492000", "costofGoodsAndServicesSold": "217492000", "operatingIncome": "16980000", "sellingGeneralAndAdministrative": "14380000", "researchAndDevelopment": "None", "operatingExpenses": "6514000", "investmentIncomeNet": "None", "netInterestIncome": "-2800000", "interestIncome": "None", "interestExpense": "2800000", "nonInterestIncome": "None", "otherNonOperatingIncome": "None", "depreciation": "None", "depreciationAndAmortization": "6257000", "incomeBeforeTax": "14208000", "incomeTaxExpense": "946000", "interestAndDebtExpense": "None", "netIncomeFromContinuingOperations": "14208000", "comprehensiveIncomeNetOfTax": "None", "ebit": "17008000", "ebitda": "23265000", "netIncome": "14208000"}, {"fiscalDateEnding": "2025-06-30", "reportedCurrency": "USD", "grossProfit": "-1937000", "totalRevenue": "218436000", "costOfRevenue": "220373000", "costofGoodsAndServicesSold": "220373000", "operatingIncome": "-8108000", "sellingGeneralAndAdministrative": "7190000", "researchAndDevelopment": "None", "operatingExpenses": "6171000", "investmentIncomeNet": "None", "netInterestIncome": "-2811000", "interestIncome": "None", "interestExpense": "2811000", "nonInterestIncome": "None", "otherNonOperatingIncome": "None", "depreciation": "None", "depreciationAndAmortization": "6365000", "incomeBeforeTax": "-10997000", "incomeTaxExpense": "627000", "interestAndDebtExpense": "None", "netIncomeFromContinuingOperations": "-10997000", "comprehensiveIncomeNetOfTax": "None", "ebit": "-8186000", "ebitda": "-1821000", "netIncome": "-10997000"}, {"fiscalDateEnding": "2025-03-31", "reportedCurrency": "USD", "grossProfit": "-1807000", "totalRevenue": "226540000", "costOfRevenue": "228347000", "costofGoodsAndServicesSold": "228347000", "operatingIncome": "-8997000", "sellingGeneralAndAdministrative": "7190000", "researchAndDevelopment": "None", "operatingExpenses": "7190000", "investmentIncomeNet": "None", "netInterestIncome": "-2729000", "interestIncome": "None", "interestExpense": "2729000", "nonInterestIncome": "None", "otherNonOperatingIncome": "None", "depreciation": "None", "depreciationAndAmortization": "6713000", "incomeBeforeTax": "-11679000", "incomeTaxExpense": "312000", "interestAndDebtExpense": "None", "netIncomeFromContinuingOperations": "-11679000", "comprehensiveIncomeNetOfTax": "None", "ebit": "-8950000", "ebitda": "-2237000", "netIncome": "-11679000"}, {"fiscalDateEnding": "2024-12-31", "reportedCurrency": "USD", "grossProfit": "-1391000", "totalRevenue": "236347000", "costOfRevenue": "237738000", "costofGoodsAndServicesSold": "237738000", "operatingIncome": "-39215000", "sellingGeneralAndAdministrative": "5333000", "researchAndDevelopment": "None", "operatingExpenses": "37824000", "investmentIncomeNet": "None", "netInterestIncome": "-2474000", "interestIncome": "None", "interestExpense": "2474000", "nonInterestIncome": "None", "otherNonOperatingIncome": "None", "depreciation": "None", "depreciationAndAmortization": "6548000", "incomeBeforeTax": "-41539000", "incomeTaxExpense": "173000", "interestAndDebtExpense": "None", "netIncomeFromContinuingOperations": "-41712000", "comprehensiveIncomeNetOfTax": "None", "ebit": "-39065000", "ebitda": "-32517000", "netIncome": "-41712000"}, {"fiscalDateEnding": "2024-09-30", "reportedCurrency": "USD", "grossProfit": "5960000", "totalRevenue": "251814000", "costOfRevenue": "245854000", "costofGoodsAndServicesSold": "245854000", "operatingIncome": "-720000", "sellingGeneralAndAdministrative": "7510000", "researchAndDevelopment": "None", "operatingExpenses": "6680000", "investmentIncomeNet": "None", "netInterestIncome": "-1867000", "interestIncome": "None", "interestExpense": "1867000", "nonInterestIncome": "None", "otherNonOperatingIncome": "None", "depreciation": "None", "depreciationAndAmortization": "6058000", "incomeBeforeTax": "-2441000", "incomeTaxExpense": "-5684724", "interestAndDebtExpense": "None", "netIncomeFromContinuingOperations": "-2441000", "comprehensiveIncomeNetOfTax": "None", "ebit": "-574000", "ebitda": "5484000", "netIncome": "-2441000"}, {"fiscalDateEnding": "2024-06-30", "reportedCurrency": "USD", "grossProfit": "7553000", "totalRevenue": "236468000", "costOfRevenue": "228915000", "costofGoodsAndServicesSold": "228915000", "operatingIncome": "-1408000", "sellingGeneralAndAdministrative": "8961000", "researchAndDevelopment": "None", "operatingExpenses": "8961000", "investmentIncomeNet": "None", "netInterestIncome": "-1669000", "interestIncome": "None", "interestExpense": "1669000", "nonInterestIncome": "None", "otherNonOperatingIncome": "None", "depreciation": "None", "depreciationAndAmortization": "6074000", "incomeBeforeTax": "-3106000", "incomeTaxExpense": "None", "interestAndDebtExpense": "None", "netIncomeFromContinuingOperations": "-3106000", "comprehensiveIncomeNetOfTax": "None", "ebit": "-1437000", "ebitda": "4637000", "netIncome": "-3106000"}, {"fiscalDateEnding": "2024-03-31", "reportedCurrency": "USD", "grossProfit": "-2400000", "totalRevenue": "240629000", "costOfRevenue": "243029000", "costofGoodsAndServicesSold": "243029000", "operatingIncome": "-10332000", "sellingGeneralAndAdministrative": "7932000", "researchAndDevelopment": "None", "operatingExpenses": "7932000", "investmentIncomeNet": "None", "netInterestIncome": "-1634000", "interestIncome": "None", "interestExpense": "1634000", "nonInterestIncome": "None", "otherNonOperatingIncome": "None", "depreciation": "None", "depreciationAndAmortization": "5728000", "incomeBeforeTax": "-11725000", "incomeTaxExpense": "5684724", "interestAndDebtExpense": "None", "netIncomeFromContinuingOperations": "-11725000", "comprehensiveIncomeNetOfTax": "None", "ebit": "-10091000", "ebitda": "-4363000", "netIncome": "-11725000"}, {"fiscalDateEnding": "2023-12-31", "reportedCurrency": "USD", "grossProfit": "-2525000", "totalRevenue": "273625000", "costOfRevenue": "276150000", "costofGoodsAndServicesSold": "276150000", "operatingIncome": "-17171000", "sellingGeneralAndAdministrative": "8383000", "researchAndDevelopment": "None", "operatingExpenses": "14646000", "investmentIncomeNet": "None", "netInterestIncome": "-2126000", "interestIncome": "None", "interestExpense": "2126000", "nonInterestIncome": "None", "otherNonOperatingIncome": "None", "depreciation": "None", "depreciationAndAmortization": "5698000", "incomeBeforeTax": "-18848000", "incomeTaxExpense": "97000", "interestAndDebtExpense": "None", "netIncomeFromContinuingOperations": "-18945000", "comprehensiveIncomeNetOfTax": "None", "ebit": "-16722000", "ebitda": "-11024000", "netIncome": "-18945000"}, {"fiscalDateEnding": "2023-09-30", "reportedCurrency": "USD", "grossProfit": "4161000", "totalRevenue": "318127000", "costOfRevenue": "313966000", "costofGoodsAndServicesSold": "313966000", "operatingIncome": "-4327000", "sellingGeneralAndAdministrative": "8488000", "researchAndDevelopment": "None", "operatingExpenses": "8488000", "investmentIncomeNet": "None", "netInterestIncome": "-2000000", "interestIncome": "None", "interestExpense": "2000000", "nonInterestIncome": "None", "otherNonOperatingIncome": "None", "depreciation": "None", "depreciationAndAmortization": "5647000", "incomeBeforeTax": "-3489000", "incomeTaxExpense": "-812000", "interestAndDebtExpense": "None", "netIncomeFromContinuingOperations": "-3489000", "comprehensiveIncomeNetOfTax": "None", "ebit": "-1489000", "ebitda": "4158000", "netIncome": "-3489000"}, {"fiscalDateEnding": "2023-06-30", "reportedCurrency": "USD", "grossProfit": "17181000", "totalRevenue": "317297000", "costOfRevenue": "300116000", "costofGoodsAndServicesSold": "300116000", "operatingIncome": "9270000", "sellingGeneralAndAdministrative": "7911000", "researchAndDevelopment": "None", "operatingExpenses": "7911000", "investmentIncomeNet": "None", "netInterestIncome": "-1734000", "interestIncome": "None", "interestExpense": "1734000", "nonInterestIncome": "None", "otherNonOperatingIncome": "None", "depreciation": "None", "depreciationAndAmortization": "5680000", "incomeBeforeTax": "7595000", "incomeTaxExpense": "1793000", "interestAndDebtExpense": "None", "netIncomeFromContinuingOperations": "7595000", "comprehensiveIncomeNetOfTax": "None", "ebit": "9329000", "ebitda": "15009000", "netIncome": "7595000"}, {"fiscalDateEnding": "2023-03-31", "reportedCurrency": "USD", "grossProfit": "-3164000", "totalRevenue": "313891000", "costOfRevenue": "317055000", "costofGoodsAndServicesSold": "317055000", "operatingIncome": "-11620000", "sellingGeneralAndAdministrative": "7882000", "researchAndDevelopment": "None", "operatingExpenses": "8456000", "investmentIncomeNet": "None", "netInterestIncome": "-1565000", "interestIncome": "None", "interestExpense": "1565000", "nonInterestIncome": "None", "otherNonOperatingIncome": "None", "depreciation": "None", "depreciationAndAmortization": "6055000", "incomeBeforeTax": "-13166000", "incomeTaxExpense": "-5481000", "interestAndDebtExpense": "None", "netIncomeFromContinuingOperations": "-13166000", "comprehensiveIncomeNetOfTax": "None", "ebit": "-11601000", "ebitda": "-5546000", "netIncome": "-13166000"}, {"fiscalDateEnding": "2022-12-31", "reportedCurrency": "USD", "grossProfit": "-21328000", "totalRevenue": "328437000", "costOfRevenue": "349765000", "costofGoodsAndServicesSold": "349765000", "operatingIncome": "-31109000", "sellingGeneralAndAdministrative": "7551000", "researchAndDevelopment": "None", "operatingExpenses": "9781000", "investmentIncomeNet": "None", "netInterestIncome": "-968000", "interestIncome": "None", "interestExpense": "968000", "nonInterestIncome": "None", "otherNonOperatingIncome": "None", "depreciation": "None", "depreciationAndAmortization": "5973000", "incomeBeforeTax": "-31147000", "incomeTaxExpense": "1925000", "interestAndDebtExpense": "None", "netIncomeFromContinuingOperations": "-33072000", "comprehensiveIncomeNetOfTax": "None", "ebit": "-30179000", "ebitda": "-24206000", "netIncome": "-33072000"}, {"fiscalDateEnding": "2022-09-30", "reportedCurrency": "USD", "grossProfit": "-19839000", "totalRevenue": "336877000", "costOfRevenue": "356716000", "costofGoodsAndServicesSold": "356716000", "operatingIncome": "-27242000", "sellingGeneralAndAdministrative": "7403000", "researchAndDevelopment": "None", "operatingExpenses": "7403000", "investmentIncomeNet": "None", "netInterestIncome": "-340000", "interestIncome": "None", "interestExpense": "340000", "nonInterestIncome": "None", "otherNonOperatingIncome": "None", "depreciation": "None", "depreciationAndAmortization": "6260000", "incomeBeforeTax": "-28038000", "incomeTaxExpense": "-6376000", "interestAndDebtExpense": "None", "netIncomeFromContinuingOperations": "-28038000", "comprehensiveIncomeNetOfTax": "None", "ebit": "-27698000", "ebitda": "-21438000", "netIncome": "-28038000"}, {"fiscalDateEnding": "2022-06-30", "reportedCurrency": "USD", "grossProfit": "8844000", "totalRevenue": "362189000", "costOfRevenue": "353345000", "costofGoodsAndServicesSold": "353345000", "operatingIncome": "-152000", "sellingGeneralAndAdministrative": "8996000", "researchAndDevelopment": "None", "operatingExpenses": "8996000", "investmentIncomeNet": "None", "netInterestIncome": "-319000", "interestIncome": "None", "interestExpense": "319000", "nonInterestIncome": "None", "otherNonOperatingIncome": "None", "depreciation": "None", "depreciationAndAmortization": "6728000", "incomeBeforeTax": "22115000", "incomeTaxExpense": "599000", "interestAndDebtExpense": "None", "netIncomeFromContinuingOperations": "22115000", "comprehensiveIncomeNetOfTax": "None", "ebit": "22434000", "ebitda": "29162000", "netIncome": "22115000"}, {"fiscalDateEnding": "2022-03-31", "reportedCurrency": "USD", "grossProfit": "4773000", "totalRevenue": "308118000", "costOfRevenue": "303345000", "costofGoodsAndServicesSold": "303345000", "operatingIncome": "-2856000", "sellingGeneralAndAdministrative": "7629000", "researchAndDevelopment": "None", "operatingExpenses": "7629000", "investmentIncomeNet": "None", "netInterestIncome": "-200000", "interestIncome": "None", "interestExpense": "200000", "nonInterestIncome": "None", "otherNonOperatingIncome": "454000", "depreciation": "None", "depreciationAndAmortization": "6134000", "incomeBeforeTax": "-2602000", "incomeTaxExpense": "312000", "interestAndDebtExpense": "None", "netIncomeFromContinuingOperations": "-2602000", "comprehensiveIncomeNetOfTax": "None", "ebit": "-2402000", "ebitda": "3732000", "netIncome": "-2602000"}, {"fiscalDateEnding": "2021-12-31", "reportedCurrency": "USD", "grossProfit": "42113000", "totalRevenue": "385492000", "costOfRevenue": "343379000", "costofGoodsAndServicesSold": "343379000", "operatingIncome": "37276000", "sellingGeneralAndAdministrative": "9408000", "researchAndDevelopment": "None", "operatingExpenses": "4837000", "investmentIncomeNet": "None", "netInterestIncome": "-228000", "interestIncome": "None", "interestExpense": "228000", "nonInterestIncome": "None", "otherNonOperatingIncome": "None", "depreciation": "None", "depreciationAndAmortization": "5772000", "incomeBeforeTax": "37615000", "incomeTaxExpense": "1469000", "interestAndDebtExpense": "None", "netIncomeFromContinuingOperations": "36146000", "comprehensiveIncomeNetOfTax": "None", "ebit": "37843000", "ebitda": "43615000", "netIncome": "36146000"}, {"fiscalDateEnding": "2021-09-30", "reportedCurrency": "USD", "grossProfit": "-3399000", "totalRevenue": "305556000", "costOfRevenue": "308955000", "costofGoodsAndServicesSold": "308955000", "operatingIncome": "-8932000", "sellingGeneralAndAdministrative": "5533000", "researchAndDevelopment": "None", "operatingExpenses": "5533000", "investmentIncomeNet": "None", "netInterestIncome": "-429000", "interestIncome": "None", "interestExpense": "429000", "nonInterestIncome": "None", "otherNonOperatingIncome": "None", "depreciation": "None", "depreciationAndAmortization": "5850000", "incomeBeforeTax": "-3132000", "incomeTaxExpense": "319000", "interestAndDebtExpense": "None", "netIncomeFromContinuingOperations": "-3132000", "comprehensiveIncomeNetOfTax": "None", "ebit": "-2703000", "ebitda": "3147000", "netIncome": "-3132000"}, {"fiscalDateEnding": "2021-06-30", "reportedCurrency": "USD", "grossProfit": "15233000", "totalRevenue": "298110000", "costOfRevenue": "282877000", "costofGoodsAndServicesSold": "282877000", "operatingIncome": "6103000", "sellingGeneralAndAdministrative": "7230000", "researchAndDevelopment": "None", "operatingExpenses": "9130000", "investmentIncomeNet": "None", "netInterestIncome": "-1045000", "interestIncome": "None", "interestExpense": "1045000", "nonInterestIncome": "None", "otherNonOperatingIncome": "None", "depreciation": "None", "depreciationAndAmortization": "5810000", "incomeBeforeTax": "8390000", "incomeTaxExpense": "-5320000", "interestAndDebtExpense": "None", "netIncomeFromContinuingOperations": "8390000", "comprehensiveIncomeNetOfTax": "None", "ebit": "9435000", "ebitda": "15245000", "netIncome": "8390000"}, {"fiscalDateEnding": "2021-03-31", "reportedCurrency": "USD", "grossProfit": "13837000", "totalRevenue": "218734000", "costOfRevenue": "204897000", "costofGoodsAndServicesSold": "204897000", "operatingIncome": "5623000", "sellingGeneralAndAdministrative": "7014000", "researchAndDevelopment": "None", "operatingExpenses": "8214000", "investmentIncomeNet": "None", "netInterestIncome": "-1885000", "interestIncome": "None", "interestExpense": "1885000", "nonInterestIncome": "None", "otherNonOperatingIncome": "None", "depreciation": "None", "depreciationAndAmortization": "5860000", "incomeBeforeTax": "4678000", "incomeTaxExpense": "-3035000", "interestAndDebtExpense": "None", "netIncomeFromContinuingOperations": "4678000", "comprehensiveIncomeNetOfTax": "None", "ebit": "6563000", "ebitda": "12423000", "netIncome": "4678000"}, {"fiscalDateEnding": "2020-12-31", "reportedCurrency": "USD", "grossProfit": "13637000", "totalRevenue": "168818000", "costOfRevenue": "155181000", "costofGoodsAndServicesSold": "155181000", "operatingIncome": "-15874000", "sellingGeneralAndAdministrative": "6735000", "researchAndDevelopment": "None", "operatingExpenses": "29511000", "investmentIncomeNet": "None", "netInterestIncome": "-3790000", "interestIncome": "None", "interestExpense": "3790000", "nonInterestIncome": "None", "otherNonOperatingIncome": "None", "depreciation": "None", "depreciationAndAmortization": "3413000", "incomeBeforeTax": "-20212000", "incomeTaxExpense": "-17000", "interestAndDebtExpense": "None", "netIncomeFromContinuingOperations": "-20195000", "comprehensiveIncomeNetOfTax": "None", "ebit": "-16422000", "ebitda": "-13009000", "netIncome": "-20195000"}, {"fiscalDateEnding": "2020-09-30", "reportedCurrency": "USD", "grossProfit": "20930000", "totalRevenue": "204727000", "costOfRevenue": "183797000", "costofGoodsAndServicesSold": "183797000", "operatingIncome": "26276000", "sellingGeneralAndAdministrative": "6404000", "researchAndDevelopment": "None", "operatingExpenses": "-5346000", "investmentIncomeNet": "None", "netInterestIncome": "-4199000", "interestIncome": "None", "interestExpense": "4199000", "nonInterestIncome": "None", "otherNonOperatingIncome": "None", "depreciation": "None", "depreciationAndAmortization": "8049000", "incomeBeforeTax": "15215000", "incomeTaxExpense": "-10712000", "interestAndDebtExpense": "None", "netIncomeFromContinuingOperations": "15215000", "comprehensiveIncomeNetOfTax": "None", "ebit": "19414000", "ebitda": "27463000", "netIncome": "15215000"}, {"fiscalDateEnding": "2020-06-30", "reportedCurrency": "USD", "grossProfit": "31182000", "totalRevenue": "212074000", "costOfRevenue": "180892000", "costofGoodsAndServicesSold": "180892000", "operatingIncome": "22553000", "sellingGeneralAndAdministrative": "8629000", "researchAndDevelopment": "None", "operatingExpenses": "8629000", "investmentIncomeNet": "None", "netInterestIncome": "-4647000", "interestIncome": "None", "interestExpense": "4647000", "nonInterestIncome": "None", "otherNonOperatingIncome": "None", "depreciation": "None", "depreciationAndAmortization": "9047000", "incomeBeforeTax": "14854000", "incomeTaxExpense": "-7562000", "interestAndDebtExpense": "None", "netIncomeFromContinuingOperations": "14854000", "comprehensiveIncomeNetOfTax": "None", "ebit": "22553000", "ebitda": "31600000", "netIncome": "14964000"}, {"fiscalDateEnding": "2020-03-31", "reportedCurrency": "USD", "grossProfit": "-12890000", "totalRevenue": "311404000", "costOfRevenue": "324294000", "costofGoodsAndServicesSold": "324294000", "operatingIncome": "-23102000", "sellingGeneralAndAdministrative": "10212000", "researchAndDevelopment": "None", "operatingExpenses": "10212000", "investmentIncomeNet": "None", "netInterestIncome": "-5307000", "interestIncome": "None", "interestExpense": "5307000", "nonInterestIncome": "None", "otherNonOperatingIncome": "None", "depreciation": "None", "depreciationAndAmortization": "9759000", "incomeBeforeTax": "-27156000", "incomeTaxExpense": "-20000", "interestAndDebtExpense": "None", "netIncomeFromContinuingOperations": "-27156000", "comprehensiveIncomeNetOfTax": "None", "ebit": "-21849000", "ebitda": "-12090000", "netIncome": "-25100000"}, {"fiscalDateEnding": "2019-12-31", "reportedCurrency": "USD", "grossProfit": "3196000", "totalRevenue": "357617000", "costOfRevenue": "354421000", "costofGoodsAndServicesSold": "354421000", "operatingIncome": "-37919000", "sellingGeneralAndAdministrative": "11823000", "researchAndDevelopment": "None", "operatingExpenses": "11823000", "investmentIncomeNet": "None", "netInterestIncome": "-5192000", "interestIncome": "None", "interestExpense": "5192000", "nonInterestIncome": "None", "otherNonOperatingIncome": "None", "depreciation": "None", "depreciationAndAmortization": "11965000", "incomeBeforeTax": "-49775000", "incomeTaxExpense": "-20000", "interestAndDebtExpense": "None", "netIncomeFromContinuingOperations": "-49758000", "comprehensiveIncomeNetOfTax": "None", "ebit": "-44583000", "ebitda": "-32618000", "netIncome": "-41084000"}, {"fiscalDateEnding": "2019-09-30", "reportedCurrency": "USD", "grossProfit": "-14816000", "totalRevenue": "365160000", "costOfRevenue": "379976000", "costofGoodsAndServicesSold": "379976000", "operatingIncome": "-23503000", "sellingGeneralAndAdministrative": "None", "researchAndDevelopment": "None", "operatingExpenses": "8687000", "investmentIncomeNet": "None", "netInterestIncome": "None", "interestIncome": "None", "interestExpense": "5163000", "nonInterestIncome": "None", "otherNonOperatingIncome": "None", "depreciation": "None", "depreciationAndAmortization": "12029000", "incomeBeforeTax": "-29073000", "incomeTaxExpense": "-9020000", "interestAndDebtExpense": "None", "netIncomeFromContinuingOperations": "None", "comprehensiveIncomeNetOfTax": "None", "ebit": "-23911000", "ebitda": "-11882000", "netIncome": "-27326000"}, {"fiscalDateEnding": "2019-06-30", "reportedCurrency": "USD", "grossProfit": "3971000", "totalRevenue": "346301000", "costOfRevenue": "342330000", "costofGoodsAndServicesSold": "342330000", "operatingIncome": "-2737000", "sellingGeneralAndAdministrative": "None", "researchAndDevelopment": "None", "operatingExpenses": "6708000", "investmentIncomeNet": "None", "netInterestIncome": "None", "interestIncome": "None", "interestExpense": "5115000", "nonInterestIncome": "None", "otherNonOperatingIncome": "None", "depreciation": "None", "depreciationAndAmortization": "11789000", "incomeBeforeTax": "-8290000", "incomeTaxExpense": "-7756000", "interestAndDebtExpense": "None", "netIncomeFromContinuingOperations": "None", "comprehensiveIncomeNetOfTax": "None", "ebit": "-3175000", "ebitda": "8614000", "netIncome": "-7646000"}, {"fiscalDateEnding": "2019-03-31", "reportedCurrency": "USD", "grossProfit": "-2289000", "totalRevenue": "355803000", "costOfRevenue": "358092000", "costofGoodsAndServicesSold": "358092000", "operatingIncome": "-10524000", "sellingGeneralAndAdministrative": "None", "researchAndDevelopment": "None", "operatingExpenses": "8235000", "investmentIncomeNet": "None", "netInterestIncome": "None", "interestIncome": "None", "interestExpense": "4736000", "nonInterestIncome": "None", "otherNonOperatingIncome": "None", "depreciation": "None", "depreciationAndAmortization": "12126000", "incomeBeforeTax": "-14161000", "incomeTaxExpense": "-7562000", "interestAndDebtExpense": "None", "netIncomeFromContinuingOperations": "None", "comprehensiveIncomeNetOfTax": "None", "ebit": "-9425000", "ebitda": "2701000", "netIncome": "-12890000"}, {"fiscalDateEnding": "2018-12-31", "reportedCurrency": "USD", "grossProfit": "-21021000", "totalRevenue": "334415000", "costOfRevenue": "355436000", "costofGoodsAndServicesSold": "355436000", "operatingIncome": "-30211000", "sellingGeneralAndAdministrative": "None", "researchAndDevelopment": "None", "operatingExpenses": "9190000", "investmentIncomeNet": "None", "netInterestIncome": "None", "interestIncome": "None", "interestExpense": "4257000", "nonInterestIncome": "None", "otherNonOperatingIncome": "None", "depreciation": "None", "depreciationAndAmortization": "10214000", "incomeBeforeTax": "-34530000", "incomeTaxExpense": "1000", "interestAndDebtExpense": "None", "netIncomeFromContinuingOperations": "None", "comprehensiveIncomeNetOfTax": "None", "ebit": "-30211000", "ebitda": "-19997000", "netIncome": "-32010000"}, {"fiscalDateEnding": "2018-09-30", "reportedCurrency": "USD", "grossProfit": "3768000", "totalRevenue": "370407000", "costOfRevenue": "366639000", "costofGoodsAndServicesSold": "366639000", "operatingIncome": "-5202000", "sellingGeneralAndAdministrative": "None", "researchAndDevelopment": "None", "operatingExpenses": "8970000", "investmentIncomeNet": "None", "netInterestIncome": "None", "interestIncome": "None", "interestExpense": "4193000", "nonInterestIncome": "None", "otherNonOperatingIncome": "None", "depreciation": "None", "depreciationAndAmortization": "10217000", "incomeBeforeTax": "-9304000", "incomeTaxExpense": "2494000", "interestAndDebtExpense": "None", "netIncomeFromContinuingOperations": "None", "comprehensiveIncomeNetOfTax": "None", "ebit": "-5111000", "ebitda": "5106000", "netIncome": "-7514000"}, {"fiscalDateEnding": "2018-06-30", "reportedCurrency": "USD", "grossProfit": "-1273000", "totalRevenue": "410522000", "costOfRevenue": "411795000", "costofGoodsAndServicesSold": "411795000", "operatingIncome": "-10171000", "sellingGeneralAndAdministrative": "None", "researchAndDevelopment": "None", "operatingExpenses": "8898000", "investmentIncomeNet": "None", "netInterestIncome": "None", "interestIncome": "None", "interestExpense": "4177000", "nonInterestIncome": "None", "otherNonOperatingIncome": "None", "depreciation": "None", "depreciationAndAmortization": "10254000", "incomeBeforeTax": "-14604000", "incomeTaxExpense": "2225000", "interestAndDebtExpense": "None", "netIncomeFromContinuingOperations": "None", "comprehensiveIncomeNetOfTax": "None", "ebit": "-10427000", "ebitda": "-173000", "netIncome": "-12908000"}, {"fiscalDateEnding": "2018-03-31", "reportedCurrency": "USD", "grossProfit": "3362000", "totalRevenue": "400027000", "costOfRevenue": "396665000", "costofGoodsAndServicesSold": "396665000", "operatingIncome": "-5953000", "sellingGeneralAndAdministrative": "None", "researchAndDevelopment": "None", "operatingExpenses": "9315000", "investmentIncomeNet": "None", "netInterestIncome": "None", "interestIncome": "None", "interestExpense": "4505000", "nonInterestIncome": "None", "otherNonOperatingIncome": "None", "depreciation": "None", "depreciationAndAmortization": "10164000", "incomeBeforeTax": "-10060000", "incomeTaxExpense": "-563000", "interestAndDebtExpense": "None", "netIncomeFromContinuingOperations": "None", "comprehensiveIncomeNetOfTax": "None", "ebit": "-5555000", "ebitda": "4609000", "netIncome": "-7841000"}, {"fiscalDateEnding": "2017-12-31", "reportedCurrency": "USD", "grossProfit": "-2014000", "totalRevenue": "395271000", "costOfRevenue": "397285000", "costofGoodsAndServicesSold": "397285000", "operatingIncome": "-10598000", "sellingGeneralAndAdministrative": "None", "researchAndDevelopment": "None", "operatingExpenses": "8584000", "investmentIncomeNet": "None", "netInterestIncome": "None", "interestIncome": "None", "interestExpense": "3781000", "nonInterestIncome": "None", "otherNonOperatingIncome": "None", "depreciation": "None", "depreciationAndAmortization": "10165000", "incomeBeforeTax": "-14431000", "incomeTaxExpense": "-321000", "interestAndDebtExpense": "None", "netIncomeFromContinuingOperations": "None", "comprehensiveIncomeNetOfTax": "None", "ebit": "-10650000", "ebitda": "-485000", "netIncome": "-13285000"}, {"fiscalDateEnding": "2017-09-30", "reportedCurrency": "USD", "grossProfit": "12065000", "totalRevenue": "445442000", "costOfRevenue": "433377000", "costofGoodsAndServicesSold": "433377000", "operatingIncome": "3345000", "sellingGeneralAndAdministrative": "None", "researchAndDevelopment": "None", "operatingExpenses": "8720000", "investmentIncomeNet": "None", "netInterestIncome": "None", "interestIncome": "None", "interestExpense": "3826000", "nonInterestIncome": "None", "otherNonOperatingIncome": "None", "depreciation": "None", "depreciationAndAmortization": "10078000", "incomeBeforeTax": "-541000", "incomeTaxExpense": "3427000", "interestAndDebtExpense": "None", "netIncomeFromContinuingOperations": "None", "comprehensiveIncomeNetOfTax": "None", "ebit": "3416000", "ebitda": "13494000", "netIncome": "-202000"}, {"fiscalDateEnding": "2017-06-30", "reportedCurrency": "USD", "grossProfit": "1653000", "totalRevenue": "405202000", "costOfRevenue": "403549000", "costofGoodsAndServicesSold": "403549000", "operatingIncome": "-7109000", "sellingGeneralAndAdministrative": "None", "researchAndDevelopment": "None", "operatingExpenses": "8762000", "investmentIncomeNet": "None", "netInterestIncome": "None", "interestIncome": "None", "interestExpense": "2694000", "nonInterestIncome": "None", "otherNonOperatingIncome": "None", "depreciation": "None", "depreciationAndAmortization": "9298000", "incomeBeforeTax": "-9938000", "incomeTaxExpense": "-7836000", "interestAndDebtExpense": "None", "netIncomeFromContinuingOperations": "None", "comprehensiveIncomeNetOfTax": "None", "ebit": "-7243000", "ebitda": "2055000", "netIncome": "-8841000"}, {"fiscalDateEnding": "2017-03-31", "reportedCurrency": "USD", "grossProfit": "-5773000", "totalRevenue": "386340000", "costOfRevenue": "392113000", "costofGoodsAndServicesSold": "392113000", "operatingIncome": "-11223000", "sellingGeneralAndAdministrative": "None", "researchAndDevelopment": "None", "operatingExpenses": "5450000", "investmentIncomeNet": "None", "netInterestIncome": "None", "interestIncome": "None", "interestExpense": "2637000", "nonInterestIncome": "None", "otherNonOperatingIncome": "None", "depreciation": "None", "depreciationAndAmortization": "9110000", "incomeBeforeTax": "-13485000", "incomeTaxExpense": "2163000", "interestAndDebtExpense": "None", "netIncomeFromContinuingOperations": "None", "comprehensiveIncomeNetOfTax": "None", "ebit": "-10848000", "ebitda": "-1738000", "netIncome": "-12636000"}, {"fiscalDateEnding": "2016-12-31", "reportedCurrency": "USD", "grossProfit": "26695000", "totalRevenue": "441719000", "costOfRevenue": "415024000", "costofGoodsAndServicesSold": "415024000", "operatingIncome": "18808000", "sellingGeneralAndAdministrative": "None", "researchAndDevelopment": "None", "operatingExpenses": "7887000", "investmentIncomeNet": "None", "netInterestIncome": "None", "interestIncome": "None", "interestExpense": "5763000", "nonInterestIncome": "None", "otherNonOperatingIncome": "None", "depreciation": "None", "depreciationAndAmortization": "8915000", "incomeBeforeTax": "12448000", "incomeTaxExpense": "-736000", "interestAndDebtExpense": "None", "netIncomeFromContinuingOperations": "None", "comprehensiveIncomeNetOfTax": "None", "ebit": "17708000", "ebitda": "26623000", "netIncome": "13077000"}, {"fiscalDateEnding": "2016-09-30", "reportedCurrency": "USD", "grossProfit": "6364000", "totalRevenue": "417806000", "costOfRevenue": "411442000", "costofGoodsAndServicesSold": "411442000", "operatingIncome": "393000", "sellingGeneralAndAdministrative": "None", "researchAndDevelopment": "None", "operatingExpenses": "5971000", "investmentIncomeNet": "None", "netInterestIncome": "None", "interestIncome": "None", "interestExpense": "3874000", "nonInterestIncome": "None", "otherNonOperatingIncome": "None", "depreciation": "None", "depreciationAndAmortization": "8856000", "incomeBeforeTax": "-3518000", "incomeTaxExpense": "-5019000", "interestAndDebtExpense": "None", "netIncomeFromContinuingOperations": "None", "comprehensiveIncomeNetOfTax": "None", "ebit": "393000", "ebitda": "9249000", "netIncome": "-3518000"}, {"fiscalDateEnding": "2016-06-30", "reportedCurrency": "USD", "grossProfit": "17704000", "totalRevenue": "422860000", "costOfRevenue": "405156000", "costofGoodsAndServicesSold": "405156000", "operatingIncome": "11556000", "sellingGeneralAndAdministrative": "None", "researchAndDevelopment": "None", "operatingExpenses": "6148000", "investmentIncomeNet": "None", "netInterestIncome": "None", "interestIncome": "None", "interestExpense": "6536000", "nonInterestIncome": "None", "otherNonOperatingIncome": "None", "depreciation": "None", "depreciationAndAmortization": "9019000", "incomeBeforeTax": "4841000", "incomeTaxExpense": "-245000", "interestAndDebtExpense": "None", "netIncomeFromContinuingOperations": "None", "comprehensiveIncomeNetOfTax": "None", "ebit": "11556000", "ebitda": "20575000", "netIncome": "5086000"}, {"fiscalDateEnding": "2016-03-31", "reportedCurrency": "USD", "grossProfit": "1069000", "totalRevenue": "342373000", "costOfRevenue": "341304000", "costofGoodsAndServicesSold": "341304000", "operatingIncome": "-7248000", "sellingGeneralAndAdministrative": "None", "researchAndDevelopment": "None", "operatingExpenses": "8317000", "investmentIncomeNet": "None", "netInterestIncome": "None", "interestIncome": "None", "interestExpense": "6233000", "nonInterestIncome": "None", "otherNonOperatingIncome": "None", "depreciation": "None", "depreciationAndAmortization": "8651000", "incomeBeforeTax": "-13226000", "incomeTaxExpense": "-2163000", "interestAndDebtExpense": "None", "netIncomeFromContinuingOperations": "None", "comprehensiveIncomeNetOfTax": "None", "ebit": "-7248000", "ebitda": "1403000", "netIncome": "-13226000"}, {"fiscalDateEnding": "2015-12-31", "reportedCurrency": "USD", "grossProfit": "9523000", "totalRevenue": "376757000", "costOfRevenue": "367234000", "costofGoodsAndServicesSold": "367234000", "operatingIncome": "485000", "sellingGeneralAndAdministrative": "None", "researchAndDevelopment": "None", "operatingExpenses": "7068000", "investmentIncomeNet": "None", "netInterestIncome": "None", "interestIncome": "None", "interestExpense": "5407000", "nonInterestIncome": "None", "otherNonOperatingIncome": "None", "depreciation": "None", "depreciationAndAmortization": "8529000", "incomeBeforeTax": "-4692000", "incomeTaxExpense": "-3939000", "interestAndDebtExpense": "None", "netIncomeFromContinuingOperations": "None", "comprehensiveIncomeNetOfTax": "None", "ebit": "-4845000", "ebitda": "3684000", "netIncome": "-753000"}, {"fiscalDateEnding": "2015-09-30", "reportedCurrency": "USD", "grossProfit": "-7380000", "totalRevenue": "380622000", "costOfRevenue": "388002000", "costofGoodsAndServicesSold": "388002000", "operatingIncome": "-14826000", "sellingGeneralAndAdministrative": "None", "researchAndDevelopment": "None", "operatingExpenses": "7446000", "investmentIncomeNet": "None", "netInterestIncome": "None", "interestIncome": "None", "interestExpense": "5167000", "nonInterestIncome": "None", "otherNonOperatingIncome": "None", "depreciation": "None", "depreciationAndAmortization": "8355000", "incomeBeforeTax": "-18588000", "incomeTaxExpense": "-3925000", "interestAndDebtExpense": "None", "netIncomeFromContinuingOperations": "None", "comprehensiveIncomeNetOfTax": "None", "ebit": "-13421000", "ebitda": "-5066000", "netIncome": "-14663000"}, {"fiscalDateEnding": "2015-06-30", "reportedCurrency": "USD", "grossProfit": "6254000", "totalRevenue": "227621000", "costOfRevenue": "221367000", "costofGoodsAndServicesSold": "221367000", "operatingIncome": "2261000", "sellingGeneralAndAdministrative": "None", "researchAndDevelopment": "None", "operatingExpenses": "3993000", "investmentIncomeNet": "None", "netInterestIncome": "None", "interestIncome": "None", "interestExpense": "1005000", "nonInterestIncome": "None", "otherNonOperatingIncome": "None", "depreciation": "None", "depreciationAndAmortization": "3339000", "incomeBeforeTax": "1582000", "incomeTaxExpense": "530000", "interestAndDebtExpense": "None", "netIncomeFromContinuingOperations": "None", "comprehensiveIncomeNetOfTax": "None", "ebit": "2261000", "ebitda": "5600000", "netIncome": "1010000"}, {"fiscalDateEnding": "2015-03-31", "reportedCurrency": "USD", "grossProfit": "-987000", "totalRevenue": "206176000", "costOfRevenue": "207163000", "costofGoodsAndServicesSold": "207163000", "operatingIncome": "-5892000", "sellingGeneralAndAdministrative": "None", "researchAndDevelopment": "None", "operatingExpenses": "4905000", "investmentIncomeNet": "None", "netInterestIncome": "None", "interestIncome": "None", "interestExpense": "1015000", "nonInterestIncome": "None", "otherNonOperatingIncome": "None", "depreciation": "None", "depreciationAndAmortization": "3409000", "incomeBeforeTax": "-7209000", "incomeTaxExpense": "-2700000", "interestAndDebtExpense": "None", "netIncomeFromContinuingOperations": "None", "comprehensiveIncomeNetOfTax": "None", "ebit": "-5892000", "ebitda": "-2483000", "netIncome": "-4380000"}, {"fiscalDateEnding": "2014-12-31", "reportedCurrency": "USD", "grossProfit": "18378000", "totalRevenue": "256152000", "costOfRevenue": "237774000", "costofGoodsAndServicesSold": "237774000", "operatingIncome": "13647000", "sellingGeneralAndAdministrative": "None", "researchAndDevelopment": "None", "operatingExpenses": "4731000", "investmentIncomeNet": "None", "netInterestIncome": "None", "interestIncome": "None", "interestExpense": "1068000", "nonInterestIncome": "None", "otherNonOperatingIncome": "None", "depreciation": "None", "depreciationAndAmortization": "3411000", "incomeBeforeTax": "14613000", "incomeTaxExpense": "1508000", "interestAndDebtExpense": "None", "netIncomeFromContinuingOperations": "None", "comprehensiveIncomeNetOfTax": "None", "ebit": "14347000", "ebitda": "17758000", "netIncome": "12518000"}, {"fiscalDateEnding": "2014-09-30", "reportedCurrency": "USD", "grossProfit": "17986000", "totalRevenue": "275573000", "costOfRevenue": "257587000", "costofGoodsAndServicesSold": "257587000", "operatingIncome": "13594000", "sellingGeneralAndAdministrative": "None", "researchAndDevelopment": "None", "operatingExpenses": "4392000", "investmentIncomeNet": "None", "netInterestIncome": "None", "interestIncome": "None", "interestExpense": "1133000", "nonInterestIncome": "None", "otherNonOperatingIncome": "None", "depreciation": "None", "depreciationAndAmortization": "3337000", "incomeBeforeTax": "7911000", "incomeTaxExpense": "3163000", "interestAndDebtExpense": "None", "netIncomeFromContinuingOperations": "None", "comprehensiveIncomeNetOfTax": "None", "ebit": "13594000", "ebitda": "16931000", "netIncome": "4025000"}, {"fiscalDateEnding": "2014-06-30", "reportedCurrency": "USD", "grossProfit": "33576000", "totalRevenue": "321144000", "costOfRevenue": "287568000", "costofGoodsAndServicesSold": "287568000", "operatingIncome": "29261000", "sellingGeneralAndAdministrative": "None", "researchAndDevelopment": "None", "operatingExpenses": "4315000", "investmentIncomeNet": "None", "netInterestIncome": "None", "interestIncome": "None", "interestExpense": "2886000", "nonInterestIncome": "None", "otherNonOperatingIncome": "None", "depreciation": "None", "depreciationAndAmortization": "3265000", "incomeBeforeTax": "24162000", "incomeTaxExpense": "7196000", "interestAndDebtExpense": "None", "netIncomeFromContinuingOperations": "None", "comprehensiveIncomeNetOfTax": "None", "ebit": "29261000", "ebitda": "32526000", "netIncome": "15572000"}, {"fiscalDateEnding": "2014-03-31", "reportedCurrency": "USD", "grossProfit": "38545000", "totalRevenue": "254543000", "costOfRevenue": "215998000", "costofGoodsAndServicesSold": "215998000", "operatingIncome": "34875000", "sellingGeneralAndAdministrative": "None", "researchAndDevelopment": "None", "operatingExpenses": "3670000", "investmentIncomeNet": "None", "netInterestIncome": "None", "interestIncome": "None", "interestExpense": "4351000", "nonInterestIncome": "None", "otherNonOperatingIncome": "None", "depreciation": "None", "depreciationAndAmortization": "3173000", "incomeBeforeTax": "-5547000", "incomeTaxExpense": "3270000", "interestAndDebtExpense": "None", "netIncomeFromContinuingOperations": "None", "comprehensiveIncomeNetOfTax": "None", "ebit": "-1196000", "ebitda": "1977000", "netIncome": "-10826000"}, {"fiscalDateEnding": "2013-12-31", "reportedCurrency": "USD", "grossProfit": "21596000", "totalRevenue": "215290000", "costOfRevenue": "193694000", "costofGoodsAndServicesSold": "193694000", "operatingIncome": "17224000", "sellingGeneralAndAdministrative": "None", "researchAndDevelopment": "None", "operatingExpenses": "4372000", "investmentIncomeNet": "None", "netInterestIncome": "None", "interestIncome": "None", "interestExpense": "3688000", "nonInterestIncome": "None", "otherNonOperatingIncome": "None", "depreciation": "None", "depreciationAndAmortization": "3157000", "incomeBeforeTax": "9745000", "incomeTaxExpense": "1533000", "interestAndDebtExpense": "None", "netIncomeFromContinuingOperations": "None", "comprehensiveIncomeNetOfTax": "None", "ebit": "17224000", "ebitda": "20381000", "netIncome": "8593000"}, {"fiscalDateEnding": "2013-09-30", "reportedCurrency": "USD", "grossProfit": "3523000", "totalRevenue": "233880000", "costOfRevenue": "230357000", "costofGoodsAndServicesSold": "230357000", "operatingIncome": "1012000", "sellingGeneralAndAdministrative": "None", "researchAndDevelopment": "None", "operatingExpenses": "2511000", "investmentIncomeNet": "None", "netInterestIncome": "None", "interestIncome": "None", "interestExpense": "4530000", "nonInterestIncome": "None", "otherNonOperatingIncome": "None", "depreciation": "None", "depreciationAndAmortization": "3020000", "incomeBeforeTax": "-5435000", "incomeTaxExpense": "1702000", "interestAndDebtExpense": "None", "netIncomeFromContinuingOperations": "None", "comprehensiveIncomeNetOfTax": "None", "ebit": "-2008000", "ebitda": "1012000", "netIncome": "-4971000"}, {"fiscalDateEnding": "2013-06-30", "reportedCurrency": "USD", "grossProfit": "6965000", "totalRevenue": "233808000", "costOfRevenue": "226843000", "costofGoodsAndServicesSold": "226843000", "operatingIncome": "3832000", "sellingGeneralAndAdministrative": "None", "researchAndDevelopment": "None", "operatingExpenses": "3133000", "investmentIncomeNet": "None", "netInterestIncome": "None", "interestIncome": "None", "interestExpense": "3972000", "nonInterestIncome": "None", "otherNonOperatingIncome": "None", "depreciation": "None", "depreciationAndAmortization": "2985000", "incomeBeforeTax": "1130000", "incomeTaxExpense": "2375000", "interestAndDebtExpense": "None", "netIncomeFromContinuingOperations": "None", "comprehensiveIncomeNetOfTax": "None", "ebit": "2156000", "ebitda": "5141000", "netIncome": "1051000"}, {"fiscalDateEnding": "2013-03-31", "reportedCurrency": "USD", "grossProfit": "846000", "totalRevenue": "225459000", "costOfRevenue": "224613000", "costofGoodsAndServicesSold": "224613000", "operatingIncome": "-3159000", "sellingGeneralAndAdministrative": "None", "researchAndDevelopment": "None", "operatingExpenses": "4005000", "investmentIncomeNet": "None", "netInterestIncome": "None", "interestIncome": "None", "interestExpense": "3481000", "nonInterestIncome": "None", "otherNonOperatingIncome": "None", "depreciation": "None", "depreciationAndAmortization": "2974000", "incomeBeforeTax": "-6602000", "incomeTaxExpense": "-728000", "interestAndDebtExpense": "None", "netIncomeFromContinuingOperations": "None", "comprehensiveIncomeNetOfTax": "None", "ebit": "-3121000", "ebitda": "-147000", "netIncome": "-5454000"}, {"fiscalDateEnding": "2012-12-31", "reportedCurrency": "USD", "grossProfit": "-4707000", "totalRevenue": "197018000", "costOfRevenue": "201725000", "costofGoodsAndServicesSold": "201725000", "operatingIncome": "-7448000", "sellingGeneralAndAdministrative": "None", "researchAndDevelopment": "None", "operatingExpenses": "2741000", "investmentIncomeNet": "None", "netInterestIncome": "None", "interestIncome": "None", "interestExpense": "3669000", "nonInterestIncome": "None", "otherNonOperatingIncome": "None", "depreciation": "None", "depreciationAndAmortization": "2989000", "incomeBeforeTax": "-9611000", "incomeTaxExpense": "None", "interestAndDebtExpense": "None", "netIncomeFromContinuingOperations": "None", "comprehensiveIncomeNetOfTax": "None", "ebit": "-7448000", "ebitda": "-4459000", "netIncome": "-5504000"}, {"fiscalDateEnding": "2012-09-30", "reportedCurrency": "USD", "grossProfit": "-2440000", "totalRevenue": "215860000", "costOfRevenue": "218300000", "costofGoodsAndServicesSold": "218300000", "operatingIncome": "-5338000", "sellingGeneralAndAdministrative": "None", "researchAndDevelopment": "None", "operatingExpenses": "2898000", "investmentIncomeNet": "None", "netInterestIncome": "None", "interestIncome": "None", "interestExpense": "3378000", "nonInterestIncome": "None", "otherNonOperatingIncome": "None", "depreciation": "None", "depreciationAndAmortization": "2989000", "incomeBeforeTax": "-9721000", "incomeTaxExpense": "-372000", "interestAndDebtExpense": "None", "netIncomeFromContinuingOperations": "None", "comprehensiveIncomeNetOfTax": "None", "ebit": "-6343000", "ebitda": "-3354000", "netIncome": "-5971000"}, {"fiscalDateEnding": "2012-06-30", "reportedCurrency": "USD", "grossProfit": "-4900000", "totalRevenue": "205447000", "costOfRevenue": "210347000", "costofGoodsAndServicesSold": "210347000", "operatingIncome": "-8024000", "sellingGeneralAndAdministrative": "None", "researchAndDevelopment": "None", "operatingExpenses": "3124000", "investmentIncomeNet": "None", "netInterestIncome": "None", "interestIncome": "None", "interestExpense": "3093000", "nonInterestIncome": "None", "otherNonOperatingIncome": "None", "depreciation": "None", "depreciationAndAmortization": "3093000", "incomeBeforeTax": "-10032000", "incomeTaxExpense": "-7403000", "interestAndDebtExpense": "None", "netIncomeFromContinuingOperations": "None", "comprehensiveIncomeNetOfTax": "None", "ebit": "-8024000", "ebitda": "-4931000", "netIncome": "-2629000"}, {"fiscalDateEnding": "2012-03-31", "reportedCurrency": "USD", "grossProfit": "-7477000", "totalRevenue": "197719000", "costOfRevenue": "205196000", "costofGoodsAndServicesSold": "205196000", "operatingIncome": "-10855000", "sellingGeneralAndAdministrative": "None", "researchAndDevelopment": "None", "operatingExpenses": "3378000", "investmentIncomeNet": "None", "netInterestIncome": "None", "interestIncome": "None", "interestExpense": "2909000", "nonInterestIncome": "None", "otherNonOperatingIncome": "None", "depreciation": "None", "depreciationAndAmortization": "3134000", "incomeBeforeTax": "-13991000", "incomeTaxExpense": "-9038000", "interestAndDebtExpense": "None", "netIncomeFromContinuingOperations": "None", "comprehensiveIncomeNetOfTax": "None", "ebit": "-11082000", "ebitda": "-7948000", "netIncome": "-4953000"}, {"fiscalDateEnding": "2011-12-31", "reportedCurrency": "USD", "grossProfit": "7364000", "totalRevenue": "241798000", "costOfRevenue": "234434000", "costofGoodsAndServicesSold": "234434000", "operatingIncome": "3679000", "sellingGeneralAndAdministrative": "None", "researchAndDevelopment": "None", "operatingExpenses": "3685000", "investmentIncomeNet": "None", "netInterestIncome": "None", "interestIncome": "None", "interestExpense": "3476000", "nonInterestIncome": "None", "otherNonOperatingIncome": "None", "depreciation": "None", "depreciationAndAmortization": "3158000", "incomeBeforeTax": "762000", "incomeTaxExpense": "9905000", "interestAndDebtExpense": "None", "netIncomeFromContinuingOperations": "None", "comprehensiveIncomeNetOfTax": "None", "ebit": "4238000", "ebitda": "7396000", "netIncome": "-2046000"}, {"fiscalDateEnding": "2011-09-30", "reportedCurrency": "USD", "grossProfit": "8188000", "totalRevenue": "271649000", "costOfRevenue": "263461000", "costofGoodsAndServicesSold": "263461000", "operatingIncome": "4693000", "sellingGeneralAndAdministrative": "None", "researchAndDevelopment": "None", "operatingExpenses": "3495000", "investmentIncomeNet": "None", "netInterestIncome": "None", "interestIncome": "None", "interestExpense": "4071000", "nonInterestIncome": "None", "otherNonOperatingIncome": "None", "depreciation": "None", "depreciationAndAmortization": "3171000", "incomeBeforeTax": "4569000", "incomeTaxExpense": "-2830000", "interestAndDebtExpense": "None", "netIncomeFromContinuingOperations": "None", "comprehensiveIncomeNetOfTax": "None", "ebit": "-2425000", "ebitda": "746000", "netIncome": "4352000"}, {"fiscalDateEnding": "2011-06-30", "reportedCurrency": "USD", "grossProfit": "1283000", "totalRevenue": "214593000", "costOfRevenue": "213310000", "costofGoodsAndServicesSold": "213310000", "operatingIncome": "-2776000", "sellingGeneralAndAdministrative": "None", "researchAndDevelopment": "None", "operatingExpenses": "4059000", "investmentIncomeNet": "None", "netInterestIncome": "None", "interestIncome": "None", "interestExpense": "3628000", "nonInterestIncome": "None", "otherNonOperatingIncome": "None", "depreciation": "None", "depreciationAndAmortization": "3183000", "incomeBeforeTax": "-4675000", "incomeTaxExpense": "-4980000", "interestAndDebtExpense": "None", "netIncomeFromContinuingOperations": "None", "comprehensiveIncomeNetOfTax": "None", "ebit": "-1047000", "ebitda": "2136000", "netIncome": "750000"}, {"fiscalDateEnding": "2011-03-31", "reportedCurrency": "USD", "grossProfit": "2564000", "totalRevenue": "173148000", "costOfRevenue": "170584000", "costofGoodsAndServicesSold": "170584000", "operatingIncome": "-1624000", "sellingGeneralAndAdministrative": "None", "researchAndDevelopment": "None", "operatingExpenses": "4188000", "investmentIncomeNet": "None", "netInterestIncome": "None", "interestIncome": "None", "interestExpense": "3638000", "nonInterestIncome": "None", "otherNonOperatingIncome": "None", "depreciation": "None", "depreciationAndAmortization": "3136000", "incomeBeforeTax": "-4679000", "incomeTaxExpense": "-4778000", "interestAndDebtExpense": "None", "netIncomeFromContinuingOperations": "None", "comprehensiveIncomeNetOfTax": "None", "ebit": "-1041000", "ebitda": "2095000", "netIncome": "18000"}, {"fiscalDateEnding": "2010-12-31", "reportedCurrency": "USD", "grossProfit": "985000", "totalRevenue": "134245000", "costOfRevenue": "133260000", "costofGoodsAndServicesSold": "133260000", "operatingIncome": "-2906000", "sellingGeneralAndAdministrative": "None", "researchAndDevelopment": "None", "operatingExpenses": "3891000", "investmentIncomeNet": "None", "netInterestIncome": "None", "interestIncome": "None", "interestExpense": "6261000", "nonInterestIncome": "None", "otherNonOperatingIncome": "None", "depreciation": "None", "depreciationAndAmortization": "3153000", "incomeBeforeTax": "-24197000", "incomeTaxExpense": "-115255000", "interestAndDebtExpense": "None", "netIncomeFromContinuingOperations": "None", "comprehensiveIncomeNetOfTax": "None", "ebit": "-2906000", "ebitda": "247000", "netIncome": "-11647000"}, {"fiscalDateEnding": "2010-09-30", "reportedCurrency": "USD", "grossProfit": "3981000", "totalRevenue": "46039000", "costOfRevenue": "42058000", "costofGoodsAndServicesSold": "42058000", "operatingIncome": "1249000", "sellingGeneralAndAdministrative": "None", "researchAndDevelopment": "None", "operatingExpenses": "2732000", "investmentIncomeNet": "None", "netInterestIncome": "None", "interestIncome": "None", "interestExpense": "599000", "nonInterestIncome": "None", "otherNonOperatingIncome": "None", "depreciation": "None", "depreciationAndAmortization": "249000", "incomeBeforeTax": "-12118000", "incomeTaxExpense": "13367000", "interestAndDebtExpense": "None", "netIncomeFromContinuingOperations": "None", "comprehensiveIncomeNetOfTax": "None", "ebit": "-11519000", "ebitda": "-11270000", "netIncome": "-12118000"}, {"fiscalDateEnding": "2010-06-30", "reportedCurrency": "USD", "grossProfit": "-2729000", "totalRevenue": "76758000", "costOfRevenue": "79487000", "costofGoodsAndServicesSold": "79487000", "operatingIncome": "-5906000", "sellingGeneralAndAdministrative": "None", "researchAndDevelopment": "None", "operatingExpenses": "3177000", "investmentIncomeNet": "None", "netInterestIncome": "None", "interestIncome": "None", "interestExpense": "1271000", "nonInterestIncome": "None", "otherNonOperatingIncome": "None", "depreciation": "None", "depreciationAndAmortization": "2847000", "incomeBeforeTax": "-8142000", "incomeTaxExpense": "-116694000", "interestAndDebtExpense": "None", "netIncomeFromContinuingOperations": "None", "comprehensiveIncomeNetOfTax": "None", "ebit": "109823000", "ebitda": "112670000", "netIncome": "108552000"}, {"fiscalDateEnding": "2010-03-31", "reportedCurrency": "USD", "grossProfit": "-3048000", "totalRevenue": "71290000", "costOfRevenue": "74338000", "costofGoodsAndServicesSold": "74338000", "operatingIncome": "-6204000", "sellingGeneralAndAdministrative": "None", "researchAndDevelopment": "None", "operatingExpenses": "3156000", "investmentIncomeNet": "None", "netInterestIncome": "None", "interestIncome": "None", "interestExpense": "1592000", "nonInterestIncome": "None", "otherNonOperatingIncome": "None", "depreciation": "None", "depreciationAndAmortization": "2861000", "incomeBeforeTax": "-9457000", "incomeTaxExpense": "4692000", "interestAndDebtExpense": "None", "netIncomeFromContinuingOperations": "None", "comprehensiveIncomeNetOfTax": "None", "ebit": "-7865000", "ebitda": "-5004000", "netIncome": "-10896000"}, {"fiscalDateEnding": "2009-12-31", "reportedCurrency": "USD", "grossProfit": "1391000", "totalRevenue": "87875000", "costOfRevenue": "86484000", "costofGoodsAndServicesSold": "86484000", "operatingIncome": "-253112000", "sellingGeneralAndAdministrative": "None", "researchAndDevelopment": "None", "operatingExpenses": "4315000", "investmentIncomeNet": "None", "netInterestIncome": "None", "interestIncome": "None", "interestExpense": "None", "nonInterestIncome": "None", "otherNonOperatingIncome": "None", "depreciation": "None", "depreciationAndAmortization": "8892000", "incomeBeforeTax": "-231239000", "incomeTaxExpense": "11607000", "interestAndDebtExpense": "None", "netIncomeFromContinuingOperations": "None", "comprehensiveIncomeNetOfTax": "None", "ebit": "-268651000", "ebitda": "-259759000", "netIncome": "-244830000"}, {"fiscalDateEnding": "2009-09-30", "reportedCurrency": "USD", "grossProfit": "-4531000", "totalRevenue": "71889000", "costOfRevenue": "76420000", "costofGoodsAndServicesSold": "76420000", "operatingIncome": "-9946000", "sellingGeneralAndAdministrative": "None", "researchAndDevelopment": "None", "operatingExpenses": "3215000", "investmentIncomeNet": "None", "netInterestIncome": "None", "interestIncome": "None", "interestExpense": "None", "nonInterestIncome": "None", "otherNonOperatingIncome": "None", "depreciation": "None", "depreciationAndAmortization": "8645000", "incomeBeforeTax": "-11857000", "incomeTaxExpense": "401000", "interestAndDebtExpense": "None", "netIncomeFromContinuingOperations": "None", "comprehensiveIncomeNetOfTax": "None", "ebit": "-7746000", "ebitda": "899000", "netIncome": "-12007000"}, {"fiscalDateEnding": "2009-06-30", "reportedCurrency": "USD", "grossProfit": "-7821000", "totalRevenue": "70114000", "costOfRevenue": "77935000", "costofGoodsAndServicesSold": "77935000", "operatingIncome": "-14075000", "sellingGeneralAndAdministrative": "None", "researchAndDevelopment": "None", "operatingExpenses": "6254000", "investmentIncomeNet": "None", "netInterestIncome": "None", "interestIncome": "None", "interestExpense": "None", "nonInterestIncome": "None", "otherNonOperatingIncome": "None", "depreciation": "None", "depreciationAndAmortization": "8620000", "incomeBeforeTax": "-18809000", "incomeTaxExpense": "9462000", "interestAndDebtExpense": "None", "netIncomeFromContinuingOperations": "None", "comprehensiveIncomeNetOfTax": "None", "ebit": "-14075000", "ebitda": "-5455000", "netIncome": "-27368000"}, {"fiscalDateEnding": "2009-03-31", "reportedCurrency": "USD", "grossProfit": "-11086000", "totalRevenue": "86682000", "costOfRevenue": "97768000", "costofGoodsAndServicesSold": "97768000", "operatingIncome": "-18760000", "sellingGeneralAndAdministrative": "None", "researchAndDevelopment": "None", "operatingExpenses": "7674000", "investmentIncomeNet": "None", "netInterestIncome": "None", "interestIncome": "None", "interestExpense": "None", "nonInterestIncome": "None", "otherNonOperatingIncome": "None", "depreciation": "None", "depreciationAndAmortization": "8719000", "incomeBeforeTax": "-25731000", "incomeTaxExpense": "5188000", "interestAndDebtExpense": "None", "netIncomeFromContinuingOperations": "None", "comprehensiveIncomeNetOfTax": "None", "ebit": "-18760000", "ebitda": "-10041000", "netIncome": "-23948000"}, {"fiscalDateEnding": "2008-12-31", "reportedCurrency": "USD", "grossProfit": "-29221000", "totalRevenue": "160437000", "costOfRevenue": "189658000", "costofGoodsAndServicesSold": "189658000", "operatingIncome": "-36742000", "sellingGeneralAndAdministrative": "None", "researchAndDevelopment": "None", "operatingExpenses": "-120426000", "investmentIncomeNet": "None", "netInterestIncome": "None", "interestIncome": "None", "interestExpense": "None", "nonInterestIncome": "None", "otherNonOperatingIncome": "None", "depreciation": "None", "depreciationAndAmortization": "8572000", "incomeBeforeTax": "-33896000", "incomeTaxExpense": "52669000", "interestAndDebtExpense": "None", "netIncomeFromContinuingOperations": "None", "comprehensiveIncomeNetOfTax": "None", "ebit": "22130000", "ebitda": "30702000", "netIncome": "-33896000"}, {"fiscalDateEnding": "2008-09-30", "reportedCurrency": "USD", "grossProfit": "-20285000", "totalRevenue": "183980000", "costOfRevenue": "204265000", "costofGoodsAndServicesSold": "204265000", "operatingIncome": "-67916000", "sellingGeneralAndAdministrative": "None", "researchAndDevelopment": "None", "operatingExpenses": "47631000", "investmentIncomeNet": "None", "netInterestIncome": "None", "interestIncome": "None", "interestExpense": "None", "nonInterestIncome": "None", "otherNonOperatingIncome": "None", "depreciation": "None", "depreciationAndAmortization": "6313000", "incomeBeforeTax": "-69167000", "incomeTaxExpense": "1251000", "interestAndDebtExpense": "None", "netIncomeFromContinuingOperations": "None", "comprehensiveIncomeNetOfTax": "None", "ebit": "-74229000", "ebitda": "-67916000", "netIncome": "-69167000"}, {"fiscalDateEnding": "2008-06-30", "reportedCurrency": "USD", "grossProfit": "443000", "totalRevenue": "197974000", "costOfRevenue": "197531000", "costofGoodsAndServicesSold": "197531000", "operatingIncome": "-7235000", "sellingGeneralAndAdministrative": "None", "researchAndDevelopment": "None", "operatingExpenses": "7678000", "investmentIncomeNet": "None", "netInterestIncome": "None", "interestIncome": "None", "interestExpense": "None", "nonInterestIncome": "None", "otherNonOperatingIncome": "None", "depreciation": "None", "depreciationAndAmortization": "6774000", "incomeBeforeTax": "-8333000", "incomeTaxExpense": "1098000", "interestAndDebtExpense": "None", "netIncomeFromContinuingOperations": "None", "comprehensiveIncomeNetOfTax": "None", "ebit": "-7803000", "ebitda": "-1029000", "netIncome": "-8333000"}, {"fiscalDateEnding": "2008-03-31", "reportedCurrency": "USD", "grossProfit": "15658000", "totalRevenue": "161535000", "costOfRevenue": "145877000", "costofGoodsAndServicesSold": "145877000", "operatingIncome": "-81254000", "sellingGeneralAndAdministrative": "None", "researchAndDevelopment": "None", "operatingExpenses": "96912000", "investmentIncomeNet": "None", "netInterestIncome": "None", "interestIncome": "None", "interestExpense": "None", "nonInterestIncome": "None", "otherNonOperatingIncome": "None", "depreciation": "None", "depreciationAndAmortization": "4976000", "incomeBeforeTax": "-83554000", "incomeTaxExpense": "-48403000", "interestAndDebtExpense": "None", "netIncomeFromContinuingOperations": "None", "comprehensiveIncomeNetOfTax": "None", "ebit": "5365000", "ebitda": "10341000", "netIncome": "-35151000"}, {"fiscalDateEnding": "2007-12-31", "reportedCurrency": "USD", "grossProfit": "1678000", "totalRevenue": "130390000", "costOfRevenue": "128712000", "costofGoodsAndServicesSold": "128712000", "operatingIncome": "-5402000", "sellingGeneralAndAdministrative": "None", "researchAndDevelopment": "None", "operatingExpenses": "7080000", "investmentIncomeNet": "None", "netInterestIncome": "None", "interestIncome": "None", "interestExpense": "None", "nonInterestIncome": "None", "otherNonOperatingIncome": "None", "depreciation": "None", "depreciationAndAmortization": "7108000", "incomeBeforeTax": "-5013000", "incomeTaxExpense": "9676000", "interestAndDebtExpense": "None", "netIncomeFromContinuingOperations": "None", "comprehensiveIncomeNetOfTax": "None", "ebit": "-5402000", "ebitda": "1706000", "netIncome": "-14689000"}, {"fiscalDateEnding": "2007-09-30", "reportedCurrency": "USD", "grossProfit": "4759000", "totalRevenue": "118118000", "costOfRevenue": "113359000", "costofGoodsAndServicesSold": "113359000", "operatingIncome": "-1161000", "sellingGeneralAndAdministrative": "None", "researchAndDevelopment": "None", "operatingExpenses": "5920000", "investmentIncomeNet": "None", "netInterestIncome": "None", "interestIncome": "None", "interestExpense": "None", "nonInterestIncome": "None", "otherNonOperatingIncome": "None", "depreciation": "None", "depreciationAndAmortization": "4098000", "incomeBeforeTax": "-4842000", "incomeTaxExpense": "3681000", "interestAndDebtExpense": "None", "netIncomeFromContinuingOperations": "None", "comprehensiveIncomeNetOfTax": "None", "ebit": "-1161000", "ebitda": "2937000", "netIncome": "-4842000"}, {"fiscalDateEnding": "2007-06-30", "reportedCurrency": "USD", "grossProfit": "11121000", "totalRevenue": "113763000", "costOfRevenue": "102642000", "costofGoodsAndServicesSold": "102642000", "operatingIncome": "2801000", "sellingGeneralAndAdministrative": "None", "researchAndDevelopment": "None", "operatingExpenses": "8320000", "investmentIncomeNet": "None", "netInterestIncome": "None", "interestIncome": "None", "interestExpense": "None", "nonInterestIncome": "None", "otherNonOperatingIncome": "None", "depreciation": "None", "depreciationAndAmortization": "5514000", "incomeBeforeTax": "2156000", "incomeTaxExpense": "645000", "interestAndDebtExpense": "None", "netIncomeFromContinuingOperations": "None", "comprehensiveIncomeNetOfTax": "None", "ebit": "-2713000", "ebitda": "2801000", "netIncome": "2156000"}, {"fiscalDateEnding": "2007-03-31", "reportedCurrency": "USD", "grossProfit": "15341000", "totalRevenue": "99242000", "costOfRevenue": "83901000", "costofGoodsAndServicesSold": "83901000", "operatingIncome": "5839000", "sellingGeneralAndAdministrative": "None", "researchAndDevelopment": "None", "operatingExpenses": "9502000", "investmentIncomeNet": "None", "netInterestIncome": "None", "interestIncome": "None", "interestExpense": "None", "nonInterestIncome": "None", "otherNonOperatingIncome": "None", "depreciation": "None", "depreciationAndAmortization": "5519000", "incomeBeforeTax": "2975000", "incomeTaxExpense": "-13181", "interestAndDebtExpense": "None", "netIncomeFromContinuingOperations": "None", "comprehensiveIncomeNetOfTax": "None", "ebit": "320000", "ebitda": "5839000", "netIncome": "2975000"}, {"fiscalDateEnding": "2006-12-31", "reportedCurrency": "USD", "grossProfit": "11747770", "totalRevenue": "80553611", "costOfRevenue": "68805841", "costofGoodsAndServicesSold": "68805841", "operatingIncome": "397750", "sellingGeneralAndAdministrative": "None", "researchAndDevelopment": "None", "operatingExpenses": "11350020", "investmentIncomeNet": "None", "netInterestIncome": "None", "interestIncome": "None", "interestExpense": "None", "nonInterestIncome": "None", "otherNonOperatingIncome": "None", "depreciation": "None", "depreciationAndAmortization": "3752072", "incomeBeforeTax": "653453", "incomeTaxExpense": "-13181", "interestAndDebtExpense": "None", "netIncomeFromContinuingOperations": "None", "comprehensiveIncomeNetOfTax": "None", "ebit": "397750", "ebitda": "4149822", "netIncome": "-3102547"}, {"fiscalDateEnding": "2006-09-30", "reportedCurrency": "USD", "grossProfit": "7448363", "totalRevenue": "61102145", "costOfRevenue": "53653782", "costofGoodsAndServicesSold": "53653782", "operatingIncome": "1900463", "sellingGeneralAndAdministrative": "None", "researchAndDevelopment": "None", "operatingExpenses": "5547900", "investmentIncomeNet": "None", "netInterestIncome": "None", "interestIncome": "None", "interestExpense": "None", "nonInterestIncome": "None", "otherNonOperatingIncome": "None", "depreciation": "None", "depreciationAndAmortization": "590651", "incomeBeforeTax": "3754684", "incomeTaxExpense": "-1854221", "interestAndDebtExpense": "None", "netIncomeFromContinuingOperations": "None", "comprehensiveIncomeNetOfTax": "None", "ebit": "1309812", "ebitda": "1900463", "netIncome": "3754684"}, {"fiscalDateEnding": "2006-06-30", "reportedCurrency": "USD", "grossProfit": "3307620", "totalRevenue": "46461077", "costOfRevenue": "43153457", "costofGoodsAndServicesSold": "43153457", "operatingIncome": "-1451376", "sellingGeneralAndAdministrative": "None", "researchAndDevelopment": "None", "operatingExpenses": "4758996", "investmentIncomeNet": "None", "netInterestIncome": "None", "interestIncome": "None", "interestExpense": "None", "nonInterestIncome": "None", "otherNonOperatingIncome": "None", "depreciation": "None", "depreciationAndAmortization": "450105", "incomeBeforeTax": "-173897", "incomeTaxExpense": "8476", "interestAndDebtExpense": "None", "netIncomeFromContinuingOperations": "None", "comprehensiveIncomeNetOfTax": "None", "ebit": "-1451376", "ebitda": "-1001271", "netIncome": "-182373"}, {"fiscalDateEnding": "2006-03-31", "reportedCurrency": "USD", "grossProfit": "2325247", "totalRevenue": "38239167", "costOfRevenue": "35913920", "costofGoodsAndServicesSold": "35913920", "operatingIncome": "-658837", "sellingGeneralAndAdministrative": "None", "researchAndDevelopment": "None", "operatingExpenses": "2984084", "investmentIncomeNet": "None", "netInterestIncome": "None", "interestIncome": "None", "interestExpense": "102208", "nonInterestIncome": "None", "otherNonOperatingIncome": "None", "depreciation": "None", "depreciationAndAmortization": "274172", "incomeBeforeTax": "-607058", "incomeTaxExpense": "4705", "interestAndDebtExpense": "None", "netIncomeFromContinuingOperations": "None", "comprehensiveIncomeNetOfTax": "None", "ebit": "-658837", "ebitda": "-384665", "netIncome": "-611763"}, {"fiscalDateEnding": "2005-12-31", "reportedCurrency": "USD", "grossProfit": "1319964", "totalRevenue": "36068277", "costOfRevenue": "34748313", "costofGoodsAndServicesSold": "34748313", "operatingIncome": "-4716516", "sellingGeneralAndAdministrative": "None", "researchAndDevelopment": "None", "operatingExpenses": "6036480", "investmentIncomeNet": "None", "netInterestIncome": "None", "interestIncome": "None", "interestExpense": "102208", "nonInterestIncome": "None", "otherNonOperatingIncome": "None", "depreciation": "None", "depreciationAndAmortization": "282664", "incomeBeforeTax": "-5116774", "incomeTaxExpense": "None", "interestAndDebtExpense": "None", "netIncomeFromContinuingOperations": "None", "comprehensiveIncomeNetOfTax": "None", "ebit": "-4716516", "ebitda": "-4433852", "netIncome": "-5116774"}, {"fiscalDateEnding": "2005-09-30", "reportedCurrency": "USD", "grossProfit": "1635713", "totalRevenue": "26414305", "costOfRevenue": "24778592", "costofGoodsAndServicesSold": "24778592", "operatingIncome": "-977603", "sellingGeneralAndAdministrative": "None", "researchAndDevelopment": "None", "operatingExpenses": "2613316", "investmentIncomeNet": "None", "netInterestIncome": "None", "interestIncome": "None", "interestExpense": "134144", "nonInterestIncome": "None", "otherNonOperatingIncome": "None", "depreciation": "None", "depreciationAndAmortization": "228070", "incomeBeforeTax": "-921784", "incomeTaxExpense": "800", "interestAndDebtExpense": "None", "netIncomeFromContinuingOperations": "None", "comprehensiveIncomeNetOfTax": "None", "ebit": "-1097871", "ebitda": "-869801", "netIncome": "-922584"}]}