{"symbol": "EVRG", "annualReports": [{"fiscalDateEnding": "2024-12-31", "reportedCurrency": "USD", "grossProfit": "1897000000", "totalRevenue": "5823700000", "costOfRevenue": "3926700000", "costofGoodsAndServicesSold": "3926700000", "operatingIncome": "1444400000", "sellingGeneralAndAdministrative": "None", "researchAndDevelopment": "None", "operatingExpenses": "452600000", "investmentIncomeNet": "None", "netInterestIncome": "-563100000", "interestIncome": "None", "interestExpense": "563100000", "nonInterestIncome": "None", "otherNonOperatingIncome": "None", "depreciation": "None", "depreciationAndAmortization": "1170500000", "incomeBeforeTax": "915800000", "incomeTaxExpense": "30000000", "interestAndDebtExpense": "None", "netIncomeFromContinuingOperations": "885800000", "comprehensiveIncomeNetOfTax": "None", "ebit": "1471100000", "ebitda": "2641600000", "netIncome": "873500000"}, {"fiscalDateEnding": "2023-12-31", "reportedCurrency": "USD", "grossProfit": "1666100000", "totalRevenue": "5485300000", "costOfRevenue": "3819200000", "costofGoodsAndServicesSold": "3819200000", "operatingIncome": "1259500000", "sellingGeneralAndAdministrative": "None", "researchAndDevelopment": "None", "operatingExpenses": "406600000", "investmentIncomeNet": "None", "netInterestIncome": "-525800000", "interestIncome": "None", "interestExpense": "525800000", "nonInterestIncome": "None", "otherNonOperatingIncome": "None", "depreciation": "None", "depreciationAndAmortization": "1138900000", "incomeBeforeTax": "759200000", "incomeTaxExpense": "15600000", "interestAndDebtExpense": "None", "netIncomeFromContinuingOperations": "743600000", "comprehensiveIncomeNetOfTax": "None", "ebit": "1277600000", "ebitda": "2416500000", "netIncome": "731300000"}, {"fiscalDateEnding": "2022-12-31", "reportedCurrency": "USD", "grossProfit": "1702500000", "totalRevenue": "5859100000", "costOfRevenue": "4156600000", "costofGoodsAndServicesSold": "4156600000", "operatingIncome": "1304400000", "sellingGeneralAndAdministrative": "398100000", "researchAndDevelopment": "None", "operatingExpenses": "398100000", "investmentIncomeNet": "None", "netInterestIncome": "-404000000", "interestIncome": "None", "interestExpense": "404000000", "nonInterestIncome": "None", "otherNonOperatingIncome": "9400000", "depreciation": "None", "depreciationAndAmortization": "984900000", "incomeBeforeTax": "812500000", "incomeTaxExpense": "47500000", "interestAndDebtExpense": "None", "netIncomeFromContinuingOperations": "852700000", "comprehensiveIncomeNetOfTax": "None", "ebit": "1209200000", "ebitda": "2194100000", "netIncome": "752700000"}, {"fiscalDateEnding": "2021-12-31", "reportedCurrency": "USD", "grossProfit": "1739400000", "totalRevenue": "5586700000", "costOfRevenue": "3847300000", "costofGoodsAndServicesSold": "3847300000", "operatingIncome": "1358900000", "sellingGeneralAndAdministrative": "380500000", "researchAndDevelopment": "None", "operatingExpenses": "380500000", "investmentIncomeNet": "None", "netInterestIncome": "-372600000", "interestIncome": "None", "interestExpense": "372600000", "nonInterestIncome": "None", "otherNonOperatingIncome": "59900000", "depreciation": "None", "depreciationAndAmortization": "947800000", "incomeBeforeTax": "1009299999", "incomeTaxExpense": "117400000", "interestAndDebtExpense": "None", "netIncomeFromContinuingOperations": "1118500000", "comprehensiveIncomeNetOfTax": "None", "ebit": "1373700000", "ebitda": "2321500000", "netIncome": "879700000"}, {"fiscalDateEnding": "2020-12-31", "reportedCurrency": "USD", "grossProfit": "1508100000", "totalRevenue": "4913400000", "costOfRevenue": "3405300000", "costofGoodsAndServicesSold": "3405300000", "operatingIncome": "1143900000", "sellingGeneralAndAdministrative": "364200000", "researchAndDevelopment": "None", "operatingExpenses": "364200000", "investmentIncomeNet": "None", "netInterestIncome": "-383900000", "interestIncome": "None", "interestExpense": "383900000", "nonInterestIncome": "None", "otherNonOperatingIncome": "10800000", "depreciation": "None", "depreciationAndAmortization": "938400000", "incomeBeforeTax": "732200000", "incomeTaxExpense": "102200000", "interestAndDebtExpense": "None", "netIncomeFromContinuingOperations": "826100000", "comprehensiveIncomeNetOfTax": "None", "ebit": "1107800000", "ebitda": "2046200000", "netIncome": "618300000"}, {"fiscalDateEnding": "2019-12-31", "reportedCurrency": "USD", "grossProfit": "1551300000", "totalRevenue": "5147800000", "costOfRevenue": "3596500000", "costofGoodsAndServicesSold": "3596500000", "operatingIncome": "1185800000", "sellingGeneralAndAdministrative": "55600000", "researchAndDevelopment": "None", "operatingExpenses": "365500000", "investmentIncomeNet": "None", "netInterestIncome": "-374000000", "interestIncome": "363000000", "interestExpense": "374000000", "nonInterestIncome": "None", "otherNonOperatingIncome": "11000000", "depreciation": "None", "depreciationAndAmortization": "913100000", "incomeBeforeTax": "782600000", "incomeTaxExpense": "97000000", "interestAndDebtExpense": "None", "netIncomeFromContinuingOperations": "685600000", "comprehensiveIncomeNetOfTax": "None", "ebit": "1146800000", "ebitda": "2059900000", "netIncome": "669900000"}, {"fiscalDateEnding": "2018-12-31", "reportedCurrency": "USD", "grossProfit": "1350700000", "totalRevenue": "4275899999", "costOfRevenue": "2925200000", "costofGoodsAndServicesSold": "2925200000", "operatingIncome": "1081600000", "sellingGeneralAndAdministrative": "47800000", "researchAndDevelopment": "0", "operatingExpenses": "269100000", "investmentIncomeNet": "None", "netInterestIncome": "-279600000", "interestIncome": "270800000", "interestExpense": "279600000", "nonInterestIncome": "None", "otherNonOperatingIncome": "-49000000", "depreciation": "None", "depreciationAndAmortization": "662400000", "incomeBeforeTax": "605000000", "incomeTaxExpense": "59000000", "interestAndDebtExpense": "None", "netIncomeFromContinuingOperations": "546000000", "comprehensiveIncomeNetOfTax": "None", "ebit": "879200000", "ebitda": "1541600000", "netIncome": "535800000"}, {"fiscalDateEnding": "2017-12-31", "reportedCurrency": "USD", "grossProfit": "858300000", "totalRevenue": "2571000000", "costOfRevenue": "1712700000", "costofGoodsAndServicesSold": "1712700000", "operatingIncome": "690700000", "sellingGeneralAndAdministrative": "249567000", "researchAndDevelopment": "None", "operatingExpenses": "167600000", "investmentIncomeNet": "None", "netInterestIncome": "-171001000", "interestIncome": "167000000", "interestExpense": "171000000", "nonInterestIncome": "None", "otherNonOperatingIncome": "None", "depreciation": "None", "depreciationAndAmortization": "403900000", "incomeBeforeTax": "487700000", "incomeTaxExpense": "151155000", "interestAndDebtExpense": "None", "netIncomeFromContinuingOperations": "336552000", "comprehensiveIncomeNetOfTax": "None", "ebit": "652000000", "ebitda": "1055900000", "netIncome": "323920000"}, {"fiscalDateEnding": "2016-12-31", "reportedCurrency": "USD", "grossProfit": "1134996000", "totalRevenue": "2562087000", "costOfRevenue": "1427091000", "costofGoodsAndServicesSold": "1427091000", "operatingIncome": "692083000", "sellingGeneralAndAdministrative": "261451000", "researchAndDevelopment": "None", "operatingExpenses": "442913000", "investmentIncomeNet": "None", "netInterestIncome": "-161726000", "interestIncome": "152713000", "interestExpense": "161700000", "nonInterestIncome": "None", "otherNonOperatingIncome": "None", "depreciation": "None", "depreciationAndAmortization": "365233000", "incomeBeforeTax": "545740000", "incomeTaxExpense": "184540000", "interestAndDebtExpense": "None", "netIncomeFromContinuingOperations": "361200000", "comprehensiveIncomeNetOfTax": "None", "ebit": "700867000", "ebitda": "1066100000", "netIncome": "346577000"}, {"fiscalDateEnding": "2015-12-31", "reportedCurrency": "USD", "grossProfit": "1028175999", "totalRevenue": "2459164000", "costOfRevenue": "1430988000", "costofGoodsAndServicesSold": "1430988000", "operatingIncome": "620997000", "sellingGeneralAndAdministrative": "250278000", "researchAndDevelopment": "None", "operatingExpenses": "407179000", "investmentIncomeNet": "None", "netInterestIncome": "None", "interestIncome": "169003000", "interestExpense": "176802000", "nonInterestIncome": "None", "otherNonOperatingIncome": "None", "depreciation": "None", "depreciationAndAmortization": "337565000", "incomeBeforeTax": "453796000", "incomeTaxExpense": "152000000", "interestAndDebtExpense": "None", "netIncomeFromContinuingOperations": "301796000", "comprehensiveIncomeNetOfTax": "None", "ebit": "630598000", "ebitda": "968163000", "netIncome": "291929000"}, {"fiscalDateEnding": "2014-12-31", "reportedCurrency": "USD", "grossProfit": "1023699000", "totalRevenue": "2601703000", "costOfRevenue": "1578004000", "costofGoodsAndServicesSold": "1578004000", "operatingIncome": "632958000", "sellingGeneralAndAdministrative": "250439000", "researchAndDevelopment": "None", "operatingExpenses": "390741000", "investmentIncomeNet": "None", "netInterestIncome": "None", "interestIncome": "None", "interestExpense": "183118000", "nonInterestIncome": "None", "otherNonOperatingIncome": "None", "depreciation": "None", "depreciationAndAmortization": "312493000", "incomeBeforeTax": "473595000", "incomeTaxExpense": "151270000", "interestAndDebtExpense": "None", "netIncomeFromContinuingOperations": "322325000", "comprehensiveIncomeNetOfTax": "None", "ebit": "656713000", "ebitda": "969206000", "netIncome": "313259000"}, {"fiscalDateEnding": "2013-12-31", "reportedCurrency": "USD", "grossProfit": "925600000", "totalRevenue": "2370654000", "costOfRevenue": "1445054000", "costofGoodsAndServicesSold": "1445054000", "operatingIncome": "579185000", "sellingGeneralAndAdministrative": "None", "researchAndDevelopment": "None", "operatingExpenses": "346415000", "investmentIncomeNet": "None", "netInterestIncome": "None", "interestIncome": "None", "interestExpense": "182167000", "nonInterestIncome": "None", "otherNonOperatingIncome": "None", "depreciation": "None", "depreciationAndAmortization": "295283000", "incomeBeforeTax": "424584000", "incomeTaxExpense": "123721000", "interestAndDebtExpense": "None", "netIncomeFromContinuingOperations": "None", "comprehensiveIncomeNetOfTax": "None", "ebit": "606751000", "ebitda": "902034000", "netIncome": "292520000"}, {"fiscalDateEnding": "2012-12-31", "reportedCurrency": "USD", "grossProfit": "789645000", "totalRevenue": "2261470000", "costOfRevenue": "1471825000", "costofGoodsAndServicesSold": "1471825000", "operatingIncome": "562133000", "sellingGeneralAndAdministrative": "None", "researchAndDevelopment": "None", "operatingExpenses": "227512000", "investmentIncomeNet": "None", "netInterestIncome": "None", "interestIncome": "None", "interestExpense": "176337000", "nonInterestIncome": "None", "otherNonOperatingIncome": "None", "depreciation": "None", "depreciationAndAmortization": "294833000", "incomeBeforeTax": "408598000", "incomeTaxExpense": "126136000", "interestAndDebtExpense": "None", "netIncomeFromContinuingOperations": "None", "comprehensiveIncomeNetOfTax": "None", "ebit": "584935000", "ebitda": "879768000", "netIncome": "275146000"}, {"fiscalDateEnding": "2011-12-31", "reportedCurrency": "USD", "grossProfit": "697055000", "totalRevenue": "2169422000", "costOfRevenue": "1472367000", "costofGoodsAndServicesSold": "1472367000", "operatingIncome": "493629000", "sellingGeneralAndAdministrative": "None", "researchAndDevelopment": "None", "operatingExpenses": "214395000", "investmentIncomeNet": "None", "netInterestIncome": "None", "interestIncome": "None", "interestExpense": "172460000", "nonInterestIncome": "None", "otherNonOperatingIncome": "None", "depreciation": "None", "depreciationAndAmortization": "306473000", "incomeBeforeTax": "339524000", "incomeTaxExpense": "103344000", "interestAndDebtExpense": "None", "netIncomeFromContinuingOperations": "None", "comprehensiveIncomeNetOfTax": "None", "ebit": "511984000", "ebitda": "818457000", "netIncome": "230239000"}, {"fiscalDateEnding": "2010-12-31", "reportedCurrency": "USD", "grossProfit": "1201602000", "totalRevenue": "2056900000", "costOfRevenue": "855298000", "costofGoodsAndServicesSold": "855298000", "operatingIncome": "472857000", "sellingGeneralAndAdministrative": "None", "researchAndDevelopment": "None", "operatingExpenses": "728745000", "investmentIncomeNet": "None", "netInterestIncome": "None", "interestIncome": "None", "interestExpense": "174941000", "nonInterestIncome": "None", "otherNonOperatingIncome": "None", "depreciation": "None", "depreciationAndAmortization": "271937000", "incomeBeforeTax": "293656000", "incomeTaxExpense": "85032000", "interestAndDebtExpense": "None", "netIncomeFromContinuingOperations": "None", "comprehensiveIncomeNetOfTax": "None", "ebit": "493686000", "ebitda": "765623000", "netIncome": "203896000"}, {"fiscalDateEnding": "2009-12-31", "reportedCurrency": "USD", "grossProfit": "1071833000", "totalRevenue": "1858231000", "costOfRevenue": "786398000", "costofGoodsAndServicesSold": "786398000", "operatingIncome": "354942000", "sellingGeneralAndAdministrative": "None", "researchAndDevelopment": "None", "operatingExpenses": "716891000", "investmentIncomeNet": "None", "netInterestIncome": "None", "interestIncome": "None", "interestExpense": "157360000", "nonInterestIncome": "None", "otherNonOperatingIncome": "None", "depreciation": "None", "depreciationAndAmortization": "251534000", "incomeBeforeTax": "200180000", "incomeTaxExpense": "58850000", "interestAndDebtExpense": "None", "netIncomeFromContinuingOperations": "None", "comprehensiveIncomeNetOfTax": "None", "ebit": "373701000", "ebitda": "625235000", "netIncome": "175075000"}, {"fiscalDateEnding": "2008-12-31", "reportedCurrency": "USD", "grossProfit": "940910000", "totalRevenue": "1838996000", "costOfRevenue": "898086000", "costofGoodsAndServicesSold": "898086000", "operatingIncome": "284645000", "sellingGeneralAndAdministrative": "None", "researchAndDevelopment": "None", "operatingExpenses": "656265000", "investmentIncomeNet": "None", "netInterestIncome": "None", "interestIncome": "None", "interestExpense": "106450000", "nonInterestIncome": "None", "otherNonOperatingIncome": "None", "depreciation": "None", "depreciationAndAmortization": "231626000", "incomeBeforeTax": "182076000", "incomeTaxExpense": "3936000", "interestAndDebtExpense": "None", "netIncomeFromContinuingOperations": "None", "comprehensiveIncomeNetOfTax": "None", "ebit": "260638000", "ebitda": "492264000", "netIncome": "178140000"}, {"fiscalDateEnding": "2007-12-31", "reportedCurrency": "USD", "grossProfit": "989503000", "totalRevenue": "1726834000", "costOfRevenue": "737331000", "costofGoodsAndServicesSold": "737331000", "operatingIncome": "337391000", "sellingGeneralAndAdministrative": "None", "researchAndDevelopment": "None", "operatingExpenses": "652112000", "investmentIncomeNet": "None", "netInterestIncome": "None", "interestIncome": "None", "interestExpense": "0", "nonInterestIncome": "None", "otherNonOperatingIncome": "None", "depreciation": "None", "depreciationAndAmortization": "217819000", "incomeBeforeTax": "232193000", "incomeTaxExpense": "63839000", "interestAndDebtExpense": "None", "netIncomeFromContinuingOperations": "None", "comprehensiveIncomeNetOfTax": "None", "ebit": "337391000", "ebitda": "555210000", "netIncome": "168354000"}, {"fiscalDateEnding": "2006-12-31", "reportedCurrency": "USD", "grossProfit": "941556000", "totalRevenue": "1605743000", "costOfRevenue": "664187000", "costofGoodsAndServicesSold": "664187000", "operatingIncome": "306770000", "sellingGeneralAndAdministrative": "None", "researchAndDevelopment": "None", "operatingExpenses": "634786000", "investmentIncomeNet": "None", "netInterestIncome": "None", "interestIncome": "None", "interestExpense": "98650000", "nonInterestIncome": "None", "otherNonOperatingIncome": "None", "depreciation": "None", "depreciationAndAmortization": "203920000", "incomeBeforeTax": "221621000", "incomeTaxExpense": "56312000", "interestAndDebtExpense": "None", "netIncomeFromContinuingOperations": "None", "comprehensiveIncomeNetOfTax": "None", "ebit": "1605743000", "ebitda": "1809663000", "netIncome": "165309000"}, {"fiscalDateEnding": "2005-12-31", "reportedCurrency": "USD", "grossProfit": "904529000", "totalRevenue": "1583278000", "costOfRevenue": "678749000", "costofGoodsAndServicesSold": "678749000", "operatingIncome": "353978000", "sellingGeneralAndAdministrative": "None", "researchAndDevelopment": "None", "operatingExpenses": "550551000", "investmentIncomeNet": "None", "netInterestIncome": "None", "interestIncome": "None", "interestExpense": "109080000", "nonInterestIncome": "None", "otherNonOperatingIncome": "None", "depreciation": "None", "depreciationAndAmortization": "150520000", "incomeBeforeTax": "195381000", "incomeTaxExpense": "60513000", "interestAndDebtExpense": "None", "netIncomeFromContinuingOperations": "None", "comprehensiveIncomeNetOfTax": "None", "ebit": "300728000", "ebitda": "451248000", "netIncome": "134868000"}], "quarterlyReports": [{"fiscalDateEnding": "2025-09-30", "reportedCurrency": "USD", "grossProfit": "749000000", "totalRevenue": "1795900000", "costOfRevenue": "1046900000", "costofGoodsAndServicesSold": "1046900000", "operatingIncome": "644500000", "sellingGeneralAndAdministrative": "6400000", "researchAndDevelopment": "None", "operatingExpenses": "104500000", "investmentIncomeNet": "None", "netInterestIncome": "-152000000", "interestIncome": "None", "interestExpense": "152000000", "nonInterestIncome": "None", "otherNonOperatingIncome": "None", "depreciation": "None", "depreciationAndAmortization": "290300000", "incomeBeforeTax": "504000000", "incomeTaxExpense": "26000000", "interestAndDebtExpense": "None", "netIncomeFromContinuingOperations": "478000000", "comprehensiveIncomeNetOfTax": "None", "ebit": "656000000", "ebitda": "946300000", "netIncome": "475000000"}, {"fiscalDateEnding": "2025-06-30", "reportedCurrency": "USD", "grossProfit": "438100000", "totalRevenue": "1426900000", "costOfRevenue": "988800000", "costofGoodsAndServicesSold": "988800000", "operatingIncome": "333700000", "sellingGeneralAndAdministrative": "4700000", "researchAndDevelopment": "None", "operatingExpenses": "104400000", "investmentIncomeNet": "None", "netInterestIncome": "-153800000", "interestIncome": "None", "interestExpense": "153800000", "nonInterestIncome": "None", "otherNonOperatingIncome": "None", "depreciation": "None", "depreciationAndAmortization": "304600000", "incomeBeforeTax": "184400000", "incomeTaxExpense": "10000000", "interestAndDebtExpense": "None", "netIncomeFromContinuingOperations": "174400000", "comprehensiveIncomeNetOfTax": "None", "ebit": "336400000", "ebitda": "641000000", "netIncome": "171300000"}, {"fiscalDateEnding": "2025-03-31", "reportedCurrency": "USD", "grossProfit": "397000000", "totalRevenue": "1368800000", "costOfRevenue": "971800000", "costofGoodsAndServicesSold": "971800000", "operatingIncome": "285900000", "sellingGeneralAndAdministrative": "None", "researchAndDevelopment": "None", "operatingExpenses": "111100000", "investmentIncomeNet": "None", "netInterestIncome": "-152500000", "interestIncome": "None", "interestExpense": "152500000", "nonInterestIncome": "None", "otherNonOperatingIncome": "None", "depreciation": "None", "depreciationAndAmortization": "304300000", "incomeBeforeTax": "137700000", "incomeTaxExpense": "9600000", "interestAndDebtExpense": "None", "netIncomeFromContinuingOperations": "128100000", "comprehensiveIncomeNetOfTax": "None", "ebit": "288600000", "ebitda": "592900000", "netIncome": "125000000"}, {"fiscalDateEnding": "2024-12-31", "reportedCurrency": "USD", "grossProfit": "287200000", "totalRevenue": "1213100000", "costOfRevenue": "925900000", "costofGoodsAndServicesSold": "925900000", "operatingIncome": "177900000", "sellingGeneralAndAdministrative": "21400000", "researchAndDevelopment": "None", "operatingExpenses": "109300000", "investmentIncomeNet": "None", "netInterestIncome": "-142400000", "interestIncome": "None", "interestExpense": "142400000", "nonInterestIncome": "None", "otherNonOperatingIncome": "None", "depreciation": "None", "depreciationAndAmortization": "291900000", "incomeBeforeTax": "76600000", "incomeTaxExpense": "-4700000", "interestAndDebtExpense": "None", "netIncomeFromContinuingOperations": "81300000", "comprehensiveIncomeNetOfTax": "None", "ebit": "217000000", "ebitda": "508900000", "netIncome": "78200000"}, {"fiscalDateEnding": "2024-09-30", "reportedCurrency": "USD", "grossProfit": "754900000", "totalRevenue": "1822200000", "costOfRevenue": "1067300000", "costofGoodsAndServicesSold": "1067300000", "operatingIncome": "638300000", "sellingGeneralAndAdministrative": "5900000", "researchAndDevelopment": "None", "operatingExpenses": "116600000", "investmentIncomeNet": "None", "netInterestIncome": "-143900000", "interestIncome": "None", "interestExpense": "143900000", "nonInterestIncome": "None", "otherNonOperatingIncome": "None", "depreciation": "None", "depreciationAndAmortization": "298000000", "incomeBeforeTax": "488600000", "incomeTaxExpense": "20000000", "interestAndDebtExpense": "None", "netIncomeFromContinuingOperations": "468600000", "comprehensiveIncomeNetOfTax": "None", "ebit": "630500000", "ebitda": "928500000", "netIncome": "465600000"}, {"fiscalDateEnding": "2024-06-30", "reportedCurrency": "USD", "grossProfit": "474600000", "totalRevenue": "1451400000", "costOfRevenue": "976800000", "costofGoodsAndServicesSold": "976800000", "operatingIncome": "362000000", "sellingGeneralAndAdministrative": "6300000", "researchAndDevelopment": "None", "operatingExpenses": "112600000", "investmentIncomeNet": "None", "netInterestIncome": "-143600000", "interestIncome": "None", "interestExpense": "143600000", "nonInterestIncome": "None", "otherNonOperatingIncome": "None", "depreciation": "None", "depreciationAndAmortization": "288800000", "incomeBeforeTax": "217500000", "incomeTaxExpense": "7400000", "interestAndDebtExpense": "None", "netIncomeFromContinuingOperations": "210100000", "comprehensiveIncomeNetOfTax": "None", "ebit": "359100000", "ebitda": "647900000", "netIncome": "207000000"}, {"fiscalDateEnding": "2024-03-31", "reportedCurrency": "USD", "grossProfit": "380300000", "totalRevenue": "1337000000", "costOfRevenue": "956700000", "costofGoodsAndServicesSold": "956700000", "operatingIncome": "266200000", "sellingGeneralAndAdministrative": "4600000", "researchAndDevelopment": "None", "operatingExpenses": "114100000", "investmentIncomeNet": "None", "netInterestIncome": "-133200000", "interestIncome": "None", "interestExpense": "133200000", "nonInterestIncome": "None", "otherNonOperatingIncome": "None", "depreciation": "None", "depreciationAndAmortization": "291800000", "incomeBeforeTax": "133100000", "incomeTaxExpense": "7300000", "interestAndDebtExpense": "None", "netIncomeFromContinuingOperations": "125800000", "comprehensiveIncomeNetOfTax": "None", "ebit": "264500000", "ebitda": "556300000", "netIncome": "122700000"}, {"fiscalDateEnding": "2023-12-31", "reportedCurrency": "USD", "grossProfit": "281300000", "totalRevenue": "1187900000", "costOfRevenue": "906600000", "costofGoodsAndServicesSold": "906600000", "operatingIncome": "180600000", "sellingGeneralAndAdministrative": "None", "researchAndDevelopment": "None", "operatingExpenses": "100700000", "investmentIncomeNet": "None", "netInterestIncome": "-132200000", "interestIncome": "None", "interestExpense": "132200000", "nonInterestIncome": "None", "otherNonOperatingIncome": "None", "depreciation": "None", "depreciationAndAmortization": "286000000", "incomeBeforeTax": "44700000", "incomeTaxExpense": "-16400000", "interestAndDebtExpense": "None", "netIncomeFromContinuingOperations": "61100000", "comprehensiveIncomeNetOfTax": "None", "ebit": "174800000", "ebitda": "460800000", "netIncome": "58000000"}, {"fiscalDateEnding": "2023-09-30", "reportedCurrency": "USD", "grossProfit": "589000000", "totalRevenue": "1669300000", "costOfRevenue": "1080300000", "costofGoodsAndServicesSold": "1080300000", "operatingIncome": "485900000", "sellingGeneralAndAdministrative": "5900000", "researchAndDevelopment": "None", "operatingExpenses": "103100000", "investmentIncomeNet": "None", "netInterestIncome": "-136800000", "interestIncome": "None", "interestExpense": "136800000", "nonInterestIncome": "None", "otherNonOperatingIncome": "None", "depreciation": "None", "depreciationAndAmortization": "289500000", "incomeBeforeTax": "363400000", "incomeTaxExpense": "8800000", "interestAndDebtExpense": "None", "netIncomeFromContinuingOperations": "354600000", "comprehensiveIncomeNetOfTax": "None", "ebit": "498600000", "ebitda": "788100000", "netIncome": "351600000"}, {"fiscalDateEnding": "2023-06-30", "reportedCurrency": "USD", "grossProfit": "437000000", "totalRevenue": "1354200000", "costOfRevenue": "917200000", "costofGoodsAndServicesSold": "917200000", "operatingIncome": "336600000", "sellingGeneralAndAdministrative": "4600000", "researchAndDevelopment": "None", "operatingExpenses": "100400000", "investmentIncomeNet": "None", "netInterestIncome": "-133700000", "interestIncome": "None", "interestExpense": "133700000", "nonInterestIncome": "None", "otherNonOperatingIncome": "6700000", "depreciation": "None", "depreciationAndAmortization": "284900000", "incomeBeforeTax": "193000000", "incomeTaxExpense": "10800000", "interestAndDebtExpense": "None", "netIncomeFromContinuingOperations": "202000000", "comprehensiveIncomeNetOfTax": "None", "ebit": "324900000", "ebitda": "609800000", "netIncome": "179100000"}, {"fiscalDateEnding": "2023-03-31", "reportedCurrency": "USD", "grossProfit": "381700000", "totalRevenue": "1296800000", "costOfRevenue": "915100000", "costofGoodsAndServicesSold": "915100000", "operatingIncome": "279300000", "sellingGeneralAndAdministrative": "14800000", "researchAndDevelopment": "None", "operatingExpenses": "102400000", "investmentIncomeNet": "None", "netInterestIncome": "-123100000", "interestIncome": "None", "interestExpense": "123100000", "nonInterestIncome": "None", "otherNonOperatingIncome": "9100000", "depreciation": "None", "depreciationAndAmortization": "278500000", "incomeBeforeTax": "158100000", "incomeTaxExpense": "12400000", "interestAndDebtExpense": "None", "netIncomeFromContinuingOperations": "168600000", "comprehensiveIncomeNetOfTax": "None", "ebit": "279300000", "ebitda": "557800000", "netIncome": "142600000"}, {"fiscalDateEnding": "2022-12-31", "reportedCurrency": "USD", "grossProfit": "226600000", "totalRevenue": "1279600000", "costOfRevenue": "1053000000", "costofGoodsAndServicesSold": "1053000000", "operatingIncome": "131400000", "sellingGeneralAndAdministrative": "95200000", "researchAndDevelopment": "None", "operatingExpenses": "95200000", "investmentIncomeNet": "None", "netInterestIncome": "-110600000", "interestIncome": "None", "interestExpense": "110600000", "nonInterestIncome": "None", "otherNonOperatingIncome": "6800000", "depreciation": "None", "depreciationAndAmortization": "242900000", "incomeBeforeTax": "-25000000", "incomeTaxExpense": "-35600000", "interestAndDebtExpense": "None", "netIncomeFromContinuingOperations": "-62400000", "comprehensiveIncomeNetOfTax": "None", "ebit": "83800000", "ebitda": "326700000", "netIncome": "7500000"}, {"fiscalDateEnding": "2022-09-30", "reportedCurrency": "USD", "grossProfit": "685100000", "totalRevenue": "1909100000", "costOfRevenue": "1224000000", "costofGoodsAndServicesSold": "1224000000", "operatingIncome": "584400000", "sellingGeneralAndAdministrative": "10200000", "researchAndDevelopment": "None", "operatingExpenses": "100700000", "investmentIncomeNet": "None", "netInterestIncome": "-102300000", "interestIncome": "None", "interestExpense": "102300000", "nonInterestIncome": "None", "otherNonOperatingIncome": "13100000", "depreciation": "None", "depreciationAndAmortization": "249100000", "incomeBeforeTax": "480700000", "incomeTaxExpense": "49500000", "interestAndDebtExpense": "None", "netIncomeFromContinuingOperations": "528200000", "comprehensiveIncomeNetOfTax": "None", "ebit": "581000000", "ebitda": "830100000", "netIncome": "428200000"}, {"fiscalDateEnding": "2022-06-30", "reportedCurrency": "USD", "grossProfit": "435800000", "totalRevenue": "1446500000", "costOfRevenue": "1010700000", "costofGoodsAndServicesSold": "1010700000", "operatingIncome": "335500000", "sellingGeneralAndAdministrative": "17900000", "researchAndDevelopment": "None", "operatingExpenses": "100300000", "investmentIncomeNet": "None", "netInterestIncome": "-99300000", "interestIncome": "None", "interestExpense": "99300000", "nonInterestIncome": "None", "otherNonOperatingIncome": "-900000", "depreciation": "None", "depreciationAndAmortization": "248100000", "incomeBeforeTax": "219700000", "incomeTaxExpense": "22100000", "interestAndDebtExpense": "None", "netIncomeFromContinuingOperations": "240400000", "comprehensiveIncomeNetOfTax": "None", "ebit": "317600000", "ebitda": "565700000", "netIncome": "194500000"}, {"fiscalDateEnding": "2022-03-31", "reportedCurrency": "USD", "grossProfit": "355000000", "totalRevenue": "1223900000", "costOfRevenue": "868900000", "costofGoodsAndServicesSold": "868900000", "operatingIncome": "253100000", "sellingGeneralAndAdministrative": "18400000", "researchAndDevelopment": "None", "operatingExpenses": "101900000", "investmentIncomeNet": "None", "netInterestIncome": "-91800000", "interestIncome": "None", "interestExpense": "91800000", "nonInterestIncome": "None", "otherNonOperatingIncome": "-9600000", "depreciation": "None", "depreciationAndAmortization": "244800000", "incomeBeforeTax": "137100000", "incomeTaxExpense": "11500000", "interestAndDebtExpense": "None", "netIncomeFromContinuingOperations": "146500000", "comprehensiveIncomeNetOfTax": "None", "ebit": "226800000", "ebitda": "471600000", "netIncome": "122500000"}, {"fiscalDateEnding": "2021-12-31", "reportedCurrency": "USD", "grossProfit": "233900000", "totalRevenue": "1122100000", "costOfRevenue": "888200000", "costofGoodsAndServicesSold": "888200000", "operatingIncome": "142400000", "sellingGeneralAndAdministrative": "91500000", "researchAndDevelopment": "None", "operatingExpenses": "91500000", "investmentIncomeNet": "None", "netInterestIncome": "-91200000", "interestIncome": "None", "interestExpense": "91200000", "nonInterestIncome": "None", "otherNonOperatingIncome": "41100000", "depreciation": "None", "depreciationAndAmortization": "242600000", "incomeBeforeTax": "74100000", "incomeTaxExpense": "17600000", "interestAndDebtExpense": "None", "netIncomeFromContinuingOperations": "89600000", "comprehensiveIncomeNetOfTax": "None", "ebit": "156200000", "ebitda": "398800000", "netIncome": "53400000"}, {"fiscalDateEnding": "2021-09-30", "reportedCurrency": "USD", "grossProfit": "696900000", "totalRevenue": "1616500000", "costOfRevenue": "919600000", "costofGoodsAndServicesSold": "919600000", "operatingIncome": "600700000", "sellingGeneralAndAdministrative": "12800000", "researchAndDevelopment": "None", "operatingExpenses": "96200000", "investmentIncomeNet": "None", "netInterestIncome": "-93600000", "interestIncome": "None", "interestExpense": "93600000", "nonInterestIncome": "None", "otherNonOperatingIncome": "8800000", "depreciation": "None", "depreciationAndAmortization": "240900000", "incomeBeforeTax": "509700000", "incomeTaxExpense": "57200000", "interestAndDebtExpense": "None", "netIncomeFromContinuingOperations": "564900000", "comprehensiveIncomeNetOfTax": "None", "ebit": "601300000", "ebitda": "842200000", "netIncome": "449400000"}, {"fiscalDateEnding": "2021-06-30", "reportedCurrency": "USD", "grossProfit": "393200000", "totalRevenue": "1236200000", "costOfRevenue": "843000000", "costofGoodsAndServicesSold": "843000000", "operatingIncome": "295300000", "sellingGeneralAndAdministrative": "13800000", "researchAndDevelopment": "None", "operatingExpenses": "97900000", "investmentIncomeNet": "None", "netInterestIncome": "-93800000", "interestIncome": "None", "interestExpense": "93800000", "nonInterestIncome": "None", "otherNonOperatingIncome": "8400000", "depreciation": "None", "depreciationAndAmortization": "231700000", "incomeBeforeTax": "207900000", "incomeTaxExpense": "19600000", "interestAndDebtExpense": "None", "netIncomeFromContinuingOperations": "188300000", "comprehensiveIncomeNetOfTax": "None", "ebit": "299600000", "ebitda": "531300000", "netIncome": "185300000"}, {"fiscalDateEnding": "2021-03-31", "reportedCurrency": "USD", "grossProfit": "412600000", "totalRevenue": "1611900000", "costOfRevenue": "1199300000", "costofGoodsAndServicesSold": "1199300000", "operatingIncome": "317700000", "sellingGeneralAndAdministrative": "14800000", "researchAndDevelopment": "None", "operatingExpenses": "94900000", "investmentIncomeNet": "None", "netInterestIncome": "-94000000", "interestIncome": "None", "interestExpense": "94000000", "nonInterestIncome": "None", "otherNonOperatingIncome": "1600000", "depreciation": "None", "depreciationAndAmortization": "232600000", "incomeBeforeTax": "217600000", "incomeTaxExpense": "23000000", "interestAndDebtExpense": "None", "netIncomeFromContinuingOperations": "238600000", "comprehensiveIncomeNetOfTax": "None", "ebit": "309600000", "ebitda": "542200000", "netIncome": "191600000"}, {"fiscalDateEnding": "2020-12-31", "reportedCurrency": "USD", "grossProfit": "243000000", "totalRevenue": "1094400000", "costOfRevenue": "851400000", "costofGoodsAndServicesSold": "851400000", "operatingIncome": "153000000", "sellingGeneralAndAdministrative": "453800000", "researchAndDevelopment": "None", "operatingExpenses": "90000000", "investmentIncomeNet": "None", "netInterestIncome": "-93400000", "interestIncome": "None", "interestExpense": "93400000", "nonInterestIncome": "None", "otherNonOperatingIncome": "19000000", "depreciation": "None", "depreciationAndAmortization": "236500000", "incomeBeforeTax": "62400000", "incomeTaxExpense": "8400000", "interestAndDebtExpense": "None", "netIncomeFromContinuingOperations": "236000000", "comprehensiveIncomeNetOfTax": "None", "ebit": "153600000", "ebitda": "390100000", "netIncome": "51000000"}, {"fiscalDateEnding": "2020-09-30", "reportedCurrency": "USD", "grossProfit": "612700000", "totalRevenue": "1517600000", "costOfRevenue": "904900000", "costofGoodsAndServicesSold": "904900000", "operatingIncome": "521700000", "sellingGeneralAndAdministrative": "13700000", "researchAndDevelopment": "None", "operatingExpenses": "91000000", "investmentIncomeNet": "None", "netInterestIncome": "-94800000", "interestIncome": "None", "interestExpense": "94800000", "nonInterestIncome": "None", "otherNonOperatingIncome": "-9400000", "depreciation": "None", "depreciationAndAmortization": "232800000", "incomeBeforeTax": "417500000", "incomeTaxExpense": "50000000", "interestAndDebtExpense": "None", "netIncomeFromContinuingOperations": "365600000", "comprehensiveIncomeNetOfTax": "None", "ebit": "510400000", "ebitda": "743200000", "netIncome": "364500000"}, {"fiscalDateEnding": "2020-06-30", "reportedCurrency": "USD", "grossProfit": "362600000", "totalRevenue": "1184700000", "costOfRevenue": "822100000", "costofGoodsAndServicesSold": "822100000", "operatingIncome": "271700000", "sellingGeneralAndAdministrative": "13800000", "researchAndDevelopment": "None", "operatingExpenses": "90900000", "investmentIncomeNet": "None", "netInterestIncome": "-99500000", "interestIncome": "None", "interestExpense": "99500000", "nonInterestIncome": "None", "otherNonOperatingIncome": "2000000", "depreciation": "None", "depreciationAndAmortization": "236200000", "incomeBeforeTax": "170000000", "incomeTaxExpense": "33700000", "interestAndDebtExpense": "None", "netIncomeFromContinuingOperations": "136300000", "comprehensiveIncomeNetOfTax": "None", "ebit": "267500000", "ebitda": "503700000", "netIncome": "133400000"}, {"fiscalDateEnding": "2020-03-31", "reportedCurrency": "USD", "grossProfit": "289800000", "totalRevenue": "1116700000", "costOfRevenue": "826900000", "costofGoodsAndServicesSold": "826900000", "operatingIncome": "197500000", "sellingGeneralAndAdministrative": "92300000", "researchAndDevelopment": "None", "operatingExpenses": "92300000", "investmentIncomeNet": "None", "netInterestIncome": "-96200000", "interestIncome": "97000000", "interestExpense": "96200000", "nonInterestIncome": "None", "otherNonOperatingIncome": "-800000", "depreciation": "None", "depreciationAndAmortization": "232900000", "incomeBeforeTax": "82300000", "incomeTaxExpense": "10100000", "interestAndDebtExpense": "None", "netIncomeFromContinuingOperations": "72200000", "comprehensiveIncomeNetOfTax": "None", "ebit": "176300000", "ebitda": "409200000", "netIncome": "69400000"}, {"fiscalDateEnding": "2019-12-31", "reportedCurrency": "USD", "grossProfit": "254900000", "totalRevenue": "1131600000", "costOfRevenue": "876700000", "costofGoodsAndServicesSold": "876700000", "operatingIncome": "165800000", "sellingGeneralAndAdministrative": "10200000", "researchAndDevelopment": "None", "operatingExpenses": "89100000", "investmentIncomeNet": "None", "netInterestIncome": "-96700000", "interestIncome": "93300000", "interestExpense": "96700000", "nonInterestIncome": "None", "otherNonOperatingIncome": "None", "depreciation": "None", "depreciationAndAmortization": "-218300000", "incomeBeforeTax": "64500000", "incomeTaxExpense": "-2200000", "interestAndDebtExpense": "None", "netIncomeFromContinuingOperations": "66700000", "comprehensiveIncomeNetOfTax": "None", "ebit": "603000000", "ebitda": "384700000", "netIncome": "63900000"}, {"fiscalDateEnding": "2019-09-30", "reportedCurrency": "USD", "grossProfit": "630200000", "totalRevenue": "1577600000", "costOfRevenue": "947400000", "costofGoodsAndServicesSold": "947400000", "operatingIncome": "538700000", "sellingGeneralAndAdministrative": "26400000", "researchAndDevelopment": "None", "operatingExpenses": "91500000", "investmentIncomeNet": "None", "netInterestIncome": "-90800000", "interestIncome": "89000000", "interestExpense": "90800000", "nonInterestIncome": "None", "otherNonOperatingIncome": "1800000", "depreciation": "None", "depreciationAndAmortization": "229300000", "incomeBeforeTax": "436400000", "incomeTaxExpense": "65500000", "interestAndDebtExpense": "None", "netIncomeFromContinuingOperations": "370900000", "comprehensiveIncomeNetOfTax": "None", "ebit": "523600000", "ebitda": "752900000", "netIncome": "366800000"}, {"fiscalDateEnding": "2019-06-30", "reportedCurrency": "USD", "grossProfit": "363300000", "totalRevenue": "1221700000", "costOfRevenue": "858400000", "costofGoodsAndServicesSold": "858400000", "operatingIncome": "271700000", "sellingGeneralAndAdministrative": "14100000", "researchAndDevelopment": "None", "operatingExpenses": "91600000", "investmentIncomeNet": "None", "netInterestIncome": "-95400000", "interestIncome": "92800000", "interestExpense": "95400000", "nonInterestIncome": "None", "otherNonOperatingIncome": "2600000", "depreciation": "None", "depreciationAndAmortization": "230200000", "incomeBeforeTax": "169000000", "incomeTaxExpense": "24400000", "interestAndDebtExpense": "None", "netIncomeFromContinuingOperations": "144600000", "comprehensiveIncomeNetOfTax": "None", "ebit": "262300000", "ebitda": "492500000", "netIncome": "139700000"}, {"fiscalDateEnding": "2019-03-31", "reportedCurrency": "USD", "grossProfit": "302900000", "totalRevenue": "1216900000", "costOfRevenue": "914000000", "costofGoodsAndServicesSold": "914000000", "operatingIncome": "209600000", "sellingGeneralAndAdministrative": "13100000", "researchAndDevelopment": "None", "operatingExpenses": "93300000", "investmentIncomeNet": "None", "netInterestIncome": "-91100000", "interestIncome": "87900000", "interestExpense": "91100000", "nonInterestIncome": "None", "otherNonOperatingIncome": "3200000", "depreciation": "None", "depreciationAndAmortization": "228200000", "incomeBeforeTax": "112700000", "incomeTaxExpense": "9300000", "interestAndDebtExpense": "None", "netIncomeFromContinuingOperations": "103400000", "comprehensiveIncomeNetOfTax": "None", "ebit": "201600000", "ebitda": "429800000", "netIncome": "99500000"}, {"fiscalDateEnding": "2018-12-31", "reportedCurrency": "USD", "grossProfit": "249400000", "totalRevenue": "1199800000", "costOfRevenue": "950400000", "costofGoodsAndServicesSold": "950400000", "operatingIncome": "163800000", "sellingGeneralAndAdministrative": "19700000", "researchAndDevelopment": "0", "operatingExpenses": "85600000", "investmentIncomeNet": "None", "netInterestIncome": "None", "interestIncome": "None", "interestExpense": "88300000", "nonInterestIncome": "None", "otherNonOperatingIncome": "None", "depreciation": "None", "depreciationAndAmortization": "222200000", "incomeBeforeTax": "51800000", "incomeTaxExpense": "30700000", "interestAndDebtExpense": "None", "netIncomeFromContinuingOperations": "21100000", "comprehensiveIncomeNetOfTax": "None", "ebit": "139400000", "ebitda": "361600000", "netIncome": "18500000"}, {"fiscalDateEnding": "2018-09-30", "reportedCurrency": "USD", "grossProfit": "626400000", "totalRevenue": "1582500000", "costOfRevenue": "956100000", "costofGoodsAndServicesSold": "956100000", "operatingIncome": "543400000", "sellingGeneralAndAdministrative": "83000000", "researchAndDevelopment": "0", "operatingExpenses": "83000000", "investmentIncomeNet": "None", "netInterestIncome": "None", "interestIncome": "None", "interestExpense": "89100000", "nonInterestIncome": "None", "otherNonOperatingIncome": "-22300000", "depreciation": "None", "depreciationAndAmortization": "208800000", "incomeBeforeTax": "421700000", "incomeTaxExpense": "64100000", "interestAndDebtExpense": "None", "netIncomeFromContinuingOperations": "355600000", "comprehensiveIncomeNetOfTax": "None", "ebit": "508800000", "ebitda": "717600000", "netIncome": "355000000"}, {"fiscalDateEnding": "2018-06-30", "reportedCurrency": "USD", "grossProfit": "306800000", "totalRevenue": "893400000", "costOfRevenue": "586600000", "costofGoodsAndServicesSold": "586600000", "operatingIncome": "250200000", "sellingGeneralAndAdministrative": "56600000", "researchAndDevelopment": "0", "operatingExpenses": "56600000", "investmentIncomeNet": "None", "netInterestIncome": "None", "interestIncome": "None", "interestExpense": "58400000", "nonInterestIncome": "None", "otherNonOperatingIncome": "-9100000", "depreciation": "None", "depreciationAndAmortization": "134043000", "incomeBeforeTax": "59400000", "incomeTaxExpense": "-45000000", "interestAndDebtExpense": "None", "netIncomeFromContinuingOperations": "103000000", "comprehensiveIncomeNetOfTax": "None", "ebit": "116457000", "ebitda": "250500000", "netIncome": "101800000"}, {"fiscalDateEnding": "2018-03-31", "reportedCurrency": "USD", "grossProfit": "167869000", "totalRevenue": "600204000", "costOfRevenue": "432335000", "costofGoodsAndServicesSold": "432335000", "operatingIncome": "123930000", "sellingGeneralAndAdministrative": "9900000", "researchAndDevelopment": "0", "operatingExpenses": "43939000", "investmentIncomeNet": "None", "netInterestIncome": "None", "interestIncome": "None", "interestExpense": "43800000", "nonInterestIncome": "None", "otherNonOperatingIncome": "None", "depreciation": "None", "depreciationAndAmortization": "97357000", "incomeBeforeTax": "72078000", "incomeTaxExpense": "9174000", "interestAndDebtExpense": "None", "netIncomeFromContinuingOperations": "62904000", "comprehensiveIncomeNetOfTax": "None", "ebit": "114443000", "ebitda": "211800000", "netIncome": "60485000"}, {"fiscalDateEnding": "2017-12-31", "reportedCurrency": "USD", "grossProfit": "166500000", "totalRevenue": "594800000", "costOfRevenue": "428300000", "costofGoodsAndServicesSold": "428300000", "operatingIncome": "125300000", "sellingGeneralAndAdministrative": "180937000", "researchAndDevelopment": "0", "operatingExpenses": "41200000", "investmentIncomeNet": "None", "netInterestIncome": "None", "interestIncome": "None", "interestExpense": "42769000", "nonInterestIncome": "None", "otherNonOperatingIncome": "None", "depreciation": "None", "depreciationAndAmortization": "94424000", "incomeBeforeTax": "74900000", "incomeTaxExpense": "38596000", "interestAndDebtExpense": "None", "netIncomeFromContinuingOperations": "175828000", "comprehensiveIncomeNetOfTax": "None", "ebit": "125690000", "ebitda": "220114000", "netIncome": "33888000"}, {"fiscalDateEnding": "2017-09-30", "reportedCurrency": "USD", "grossProfit": "314600000", "totalRevenue": "794300000", "costOfRevenue": "479700000", "costofGoodsAndServicesSold": "479700000", "operatingIncome": "272800000", "sellingGeneralAndAdministrative": "551000", "researchAndDevelopment": "0", "operatingExpenses": "41800000", "investmentIncomeNet": "None", "netInterestIncome": "None", "interestIncome": "None", "interestExpense": "43400000", "nonInterestIncome": "None", "otherNonOperatingIncome": "None", "depreciation": "None", "depreciationAndAmortization": "102869000", "incomeBeforeTax": "216500000", "incomeTaxExpense": "55743000", "interestAndDebtExpense": "None", "netIncomeFromContinuingOperations": "84685000", "comprehensiveIncomeNetOfTax": "None", "ebit": "258331000", "ebitda": "361200000", "netIncome": "158306000"}, {"fiscalDateEnding": "2017-06-30", "reportedCurrency": "USD", "grossProfit": "202600000", "totalRevenue": "609300000", "costOfRevenue": "406700000", "costofGoodsAndServicesSold": "406700000", "operatingIncome": "160700000", "sellingGeneralAndAdministrative": "57279000", "researchAndDevelopment": "0", "operatingExpenses": "41900000", "investmentIncomeNet": "None", "netInterestIncome": "None", "interestIncome": "None", "interestExpense": "43700000", "nonInterestIncome": "None", "otherNonOperatingIncome": "None", "depreciation": "None", "depreciationAndAmortization": "101909000", "incomeBeforeTax": "111900000", "incomeTaxExpense": "35906000", "interestAndDebtExpense": "None", "netIncomeFromContinuingOperations": "76039000", "comprehensiveIncomeNetOfTax": "None", "ebit": "154097000", "ebitda": "256006000", "netIncome": "72065000"}, {"fiscalDateEnding": "2017-03-31", "reportedCurrency": "USD", "grossProfit": "228222000", "totalRevenue": "572574000", "costOfRevenue": "344352000", "costofGoodsAndServicesSold": "344352000", "operatingIncome": "126749000", "sellingGeneralAndAdministrative": "0", "researchAndDevelopment": "0", "operatingExpenses": "101473000", "investmentIncomeNet": "None", "netInterestIncome": "None", "interestIncome": "None", "interestExpense": "41095000", "nonInterestIncome": "None", "otherNonOperatingIncome": "None", "depreciation": "None", "depreciationAndAmortization": "96694000", "incomeBeforeTax": "84393000", "incomeTaxExpense": "20911000", "interestAndDebtExpense": "None", "netIncomeFromContinuingOperations": "0", "comprehensiveIncomeNetOfTax": "None", "ebit": "125488000", "ebitda": "222182000", "netIncome": "59661000"}, {"fiscalDateEnding": "2016-12-31", "reportedCurrency": "USD", "grossProfit": "230703000", "totalRevenue": "606535000", "costOfRevenue": "375832000", "costofGoodsAndServicesSold": "375832000", "operatingIncome": "116281000", "sellingGeneralAndAdministrative": "251251000", "researchAndDevelopment": "0", "operatingExpenses": "114422000", "investmentIncomeNet": "None", "netInterestIncome": "None", "interestIncome": "None", "interestExpense": "40715000", "nonInterestIncome": "None", "otherNonOperatingIncome": "None", "depreciation": "None", "depreciationAndAmortization": "85681000", "incomeBeforeTax": "81960000", "incomeTaxExpense": "24165000", "interestAndDebtExpense": "None", "netIncomeFromContinuingOperations": "361200000", "comprehensiveIncomeNetOfTax": "None", "ebit": "126870000", "ebitda": "212551000", "netIncome": "53932000"}, {"fiscalDateEnding": "2016-09-30", "reportedCurrency": "USD", "grossProfit": "379312000", "totalRevenue": "764654000", "costOfRevenue": "385342000", "costofGoodsAndServicesSold": "385342000", "operatingIncome": "272476000", "sellingGeneralAndAdministrative": "0", "researchAndDevelopment": "0", "operatingExpenses": "106836000", "investmentIncomeNet": "None", "netInterestIncome": "None", "interestIncome": "None", "interestExpense": "40897000", "nonInterestIncome": "None", "otherNonOperatingIncome": "None", "depreciation": "None", "depreciationAndAmortization": "90659000", "incomeBeforeTax": "239764000", "incomeTaxExpense": "81211000", "interestAndDebtExpense": "None", "netIncomeFromContinuingOperations": "0", "comprehensiveIncomeNetOfTax": "None", "ebit": "280661000", "ebitda": "371320000", "netIncome": "154720000"}, {"fiscalDateEnding": "2016-06-30", "reportedCurrency": "USD", "grossProfit": "361972000", "totalRevenue": "621448000", "costOfRevenue": "259476000", "costofGoodsAndServicesSold": "259476000", "operatingIncome": "153615000", "sellingGeneralAndAdministrative": "0", "researchAndDevelopment": "0", "operatingExpenses": "208357000", "investmentIncomeNet": "None", "netInterestIncome": "None", "interestIncome": "None", "interestExpense": "39683000", "nonInterestIncome": "None", "otherNonOperatingIncome": "None", "depreciation": "None", "depreciationAndAmortization": "92728000", "incomeBeforeTax": "116686000", "incomeTaxExpense": "40542000", "interestAndDebtExpense": "None", "netIncomeFromContinuingOperations": "0", "comprehensiveIncomeNetOfTax": "None", "ebit": "156369000", "ebitda": "249097000", "netIncome": "72340000"}, {"fiscalDateEnding": "2016-03-31", "reportedCurrency": "USD", "grossProfit": "330875000", "totalRevenue": "569450000", "costOfRevenue": "238575000", "costofGoodsAndServicesSold": "238575000", "operatingIncome": "141811000", "sellingGeneralAndAdministrative": "0", "researchAndDevelopment": "0", "operatingExpenses": "189064000", "investmentIncomeNet": "None", "netInterestIncome": "None", "interestIncome": "None", "interestExpense": "40431000", "nonInterestIncome": "None", "otherNonOperatingIncome": "None", "depreciation": "None", "depreciationAndAmortization": "91969000", "incomeBeforeTax": "107330000", "incomeTaxExpense": "38622000", "interestAndDebtExpense": "None", "netIncomeFromContinuingOperations": "0", "comprehensiveIncomeNetOfTax": "None", "ebit": "147761000", "ebitda": "239730000", "netIncome": "65585000"}, {"fiscalDateEnding": "2015-12-31", "reportedCurrency": "USD", "grossProfit": "304986000", "totalRevenue": "545965000", "costOfRevenue": "240979000", "costofGoodsAndServicesSold": "240979000", "operatingIncome": "108359000", "sellingGeneralAndAdministrative": "250278000", "researchAndDevelopment": "0", "operatingExpenses": "196627000", "investmentIncomeNet": "None", "netInterestIncome": "None", "interestIncome": "None", "interestExpense": "42682000", "nonInterestIncome": "None", "otherNonOperatingIncome": "None", "depreciation": "None", "depreciationAndAmortization": "82062000", "incomeBeforeTax": "66016000", "incomeTaxExpense": "24190000", "interestAndDebtExpense": "None", "netIncomeFromContinuingOperations": "301796000", "comprehensiveIncomeNetOfTax": "None", "ebit": "117144000", "ebitda": "199206000", "netIncome": "39235000"}, {"fiscalDateEnding": "2015-09-30", "reportedCurrency": "USD", "grossProfit": "430955000", "totalRevenue": "732829000", "costOfRevenue": "301874000", "costofGoodsAndServicesSold": "301874000", "operatingIncome": "255604000", "sellingGeneralAndAdministrative": "0", "researchAndDevelopment": "0", "operatingExpenses": "175351000", "investmentIncomeNet": "None", "netInterestIncome": "None", "interestIncome": "None", "interestExpense": "44306000", "nonInterestIncome": "None", "otherNonOperatingIncome": "None", "depreciation": "None", "depreciationAndAmortization": "85627000", "incomeBeforeTax": "206857000", "incomeTaxExpense": "66293000", "interestAndDebtExpense": "None", "netIncomeFromContinuingOperations": "0", "comprehensiveIncomeNetOfTax": "None", "ebit": "251163000", "ebitda": "336790000", "netIncome": "138003000"}, {"fiscalDateEnding": "2015-06-30", "reportedCurrency": "USD", "grossProfit": "309392000", "totalRevenue": "589563000", "costOfRevenue": "280171000", "costofGoodsAndServicesSold": "280171000", "operatingIncome": "131476000", "sellingGeneralAndAdministrative": "0", "researchAndDevelopment": "0", "operatingExpenses": "177916000", "investmentIncomeNet": "None", "netInterestIncome": "None", "interestIncome": "None", "interestExpense": "45516000", "nonInterestIncome": "None", "otherNonOperatingIncome": "None", "depreciation": "None", "depreciationAndAmortization": "81884000", "incomeBeforeTax": "100082000", "incomeTaxExpense": "33839000", "interestAndDebtExpense": "None", "netIncomeFromContinuingOperations": "0", "comprehensiveIncomeNetOfTax": "None", "ebit": "145598000", "ebitda": "227482000", "netIncome": "63710000"}, {"fiscalDateEnding": "2015-03-31", "reportedCurrency": "USD", "grossProfit": "293433000", "totalRevenue": "590807000", "costOfRevenue": "297374000", "costofGoodsAndServicesSold": "297374000", "operatingIncome": "125558000", "sellingGeneralAndAdministrative": "0", "researchAndDevelopment": "0", "operatingExpenses": "167875000", "investmentIncomeNet": "None", "netInterestIncome": "None", "interestIncome": "None", "interestExpense": "44298000", "nonInterestIncome": "None", "otherNonOperatingIncome": "None", "depreciation": "None", "depreciationAndAmortization": "79546000", "incomeBeforeTax": "80841000", "incomeTaxExpense": "27678000", "interestAndDebtExpense": "None", "netIncomeFromContinuingOperations": "0", "comprehensiveIncomeNetOfTax": "None", "ebit": "125139000", "ebitda": "204685000", "netIncome": "50980000"}, {"fiscalDateEnding": "2014-12-31", "reportedCurrency": "USD", "grossProfit": "285302000", "totalRevenue": "596439000", "costOfRevenue": "311137000", "costofGoodsAndServicesSold": "311137000", "operatingIncome": "105269000", "sellingGeneralAndAdministrative": "250439000", "researchAndDevelopment": "0", "operatingExpenses": "180032000", "investmentIncomeNet": "None", "netInterestIncome": "None", "interestIncome": "None", "interestExpense": "45043000", "nonInterestIncome": "None", "otherNonOperatingIncome": "None", "depreciation": "None", "depreciationAndAmortization": "73172000", "incomeBeforeTax": "64400000", "incomeTaxExpense": "18627000", "interestAndDebtExpense": "None", "netIncomeFromContinuingOperations": "322325000", "comprehensiveIncomeNetOfTax": "None", "ebit": "117276000", "ebitda": "190448000", "netIncome": "43449000"}, {"fiscalDateEnding": "2014-09-30", "reportedCurrency": "USD", "grossProfit": "423352000", "totalRevenue": "764040000", "costOfRevenue": "340688000", "costofGoodsAndServicesSold": "340688000", "operatingIncome": "255419000", "sellingGeneralAndAdministrative": "0", "researchAndDevelopment": "0", "operatingExpenses": "167933000", "investmentIncomeNet": "None", "netInterestIncome": "None", "interestIncome": "None", "interestExpense": "44531000", "nonInterestIncome": "None", "otherNonOperatingIncome": "None", "depreciation": "None", "depreciationAndAmortization": "80192000", "incomeBeforeTax": "221292000", "incomeTaxExpense": "71532000", "interestAndDebtExpense": "None", "netIncomeFromContinuingOperations": "0", "comprehensiveIncomeNetOfTax": "None", "ebit": "265823000", "ebitda": "346015000", "netIncome": "147382000"}, {"fiscalDateEnding": "2014-06-30", "reportedCurrency": "USD", "grossProfit": "290517000", "totalRevenue": "612668000", "costOfRevenue": "322151000", "costofGoodsAndServicesSold": "322151000", "operatingIncome": "122729000", "sellingGeneralAndAdministrative": "0", "researchAndDevelopment": "0", "operatingExpenses": "167788000", "investmentIncomeNet": "None", "netInterestIncome": "None", "interestIncome": "None", "interestExpense": "47303000", "nonInterestIncome": "None", "otherNonOperatingIncome": "None", "depreciation": "None", "depreciationAndAmortization": "75220000", "incomeBeforeTax": "81972000", "incomeTaxExpense": "26150000", "interestAndDebtExpense": "None", "netIncomeFromContinuingOperations": "0", "comprehensiveIncomeNetOfTax": "None", "ebit": "129275000", "ebitda": "204495000", "netIncome": "53473000"}, {"fiscalDateEnding": "2014-03-31", "reportedCurrency": "USD", "grossProfit": "310969000", "totalRevenue": "628556000", "costOfRevenue": "317587000", "costofGoodsAndServicesSold": "317587000", "operatingIncome": "149541000", "sellingGeneralAndAdministrative": "0", "researchAndDevelopment": "0", "operatingExpenses": "161428000", "investmentIncomeNet": "None", "netInterestIncome": "None", "interestIncome": "None", "interestExpense": "46241000", "nonInterestIncome": "None", "otherNonOperatingIncome": "None", "depreciation": "None", "depreciationAndAmortization": "76076000", "incomeBeforeTax": "105931000", "incomeTaxExpense": "34961000", "interestAndDebtExpense": "None", "netIncomeFromContinuingOperations": "0", "comprehensiveIncomeNetOfTax": "None", "ebit": "152172000", "ebitda": "228248000", "netIncome": "68955000"}, {"fiscalDateEnding": "2013-12-31", "reportedCurrency": "USD", "grossProfit": "361563000", "totalRevenue": "559878000", "costOfRevenue": "198315000", "costofGoodsAndServicesSold": "198315000", "operatingIncome": "103528000", "sellingGeneralAndAdministrative": "0", "researchAndDevelopment": "0", "operatingExpenses": "258035000", "investmentIncomeNet": "None", "netInterestIncome": "None", "interestIncome": "None", "interestExpense": "46377000", "nonInterestIncome": "None", "otherNonOperatingIncome": "None", "depreciation": "None", "depreciationAndAmortization": "76708000", "incomeBeforeTax": "60268000", "incomeTaxExpense": "17207000", "interestAndDebtExpense": "None", "netIncomeFromContinuingOperations": "0", "comprehensiveIncomeNetOfTax": "None", "ebit": "106645000", "ebitda": "183353000", "netIncome": "41062000"}, {"fiscalDateEnding": "2013-09-30", "reportedCurrency": "USD", "grossProfit": "377720000", "totalRevenue": "694974000", "costOfRevenue": "317254000", "costofGoodsAndServicesSold": "317254000", "operatingIncome": "224206000", "sellingGeneralAndAdministrative": "0", "researchAndDevelopment": "0", "operatingExpenses": "153514000", "investmentIncomeNet": "None", "netInterestIncome": "None", "interestIncome": "None", "interestExpense": "45708000", "nonInterestIncome": "None", "otherNonOperatingIncome": "None", "depreciation": "None", "depreciationAndAmortization": "75501000", "incomeBeforeTax": "187487000", "incomeTaxExpense": "52392000", "interestAndDebtExpense": "None", "netIncomeFromContinuingOperations": "0", "comprehensiveIncomeNetOfTax": "None", "ebit": "233195000", "ebitda": "308696000", "netIncome": "133125000"}, {"fiscalDateEnding": "2013-06-30", "reportedCurrency": "USD", "grossProfit": "284290000", "totalRevenue": "569589000", "costOfRevenue": "285299000", "costofGoodsAndServicesSold": "285299000", "operatingIncome": "131512000", "sellingGeneralAndAdministrative": "0", "researchAndDevelopment": "0", "operatingExpenses": "152778000", "investmentIncomeNet": "None", "netInterestIncome": "None", "interestIncome": "None", "interestExpense": "45798000", "nonInterestIncome": "None", "otherNonOperatingIncome": "None", "depreciation": "None", "depreciationAndAmortization": "73371000", "incomeBeforeTax": "98761000", "incomeTaxExpense": "29310000", "interestAndDebtExpense": "None", "netIncomeFromContinuingOperations": "0", "comprehensiveIncomeNetOfTax": "None", "ebit": "144559000", "ebitda": "217930000", "netIncome": "67188000"}, {"fiscalDateEnding": "2013-03-31", "reportedCurrency": "USD", "grossProfit": "266509000", "totalRevenue": "546212000", "costOfRevenue": "279703000", "costofGoodsAndServicesSold": "279703000", "operatingIncome": "119940000", "sellingGeneralAndAdministrative": "0", "researchAndDevelopment": "0", "operatingExpenses": "146569000", "investmentIncomeNet": "None", "netInterestIncome": "None", "interestIncome": "None", "interestExpense": "44284000", "nonInterestIncome": "None", "otherNonOperatingIncome": "None", "depreciation": "None", "depreciationAndAmortization": "69703000", "incomeBeforeTax": "78069000", "incomeTaxExpense": "24813000", "interestAndDebtExpense": "None", "netIncomeFromContinuingOperations": "0", "comprehensiveIncomeNetOfTax": "None", "ebit": "122353000", "ebitda": "192056000", "netIncome": "51144000"}, {"fiscalDateEnding": "2012-12-31", "reportedCurrency": "USD", "grossProfit": "-226249000", "totalRevenue": "523772000", "costOfRevenue": "750021000", "costofGoodsAndServicesSold": "750021000", "operatingIncome": "107776000", "sellingGeneralAndAdministrative": "0", "researchAndDevelopment": "0", "operatingExpenses": "-334025000", "investmentIncomeNet": "None", "netInterestIncome": "None", "interestIncome": "None", "interestExpense": "44451000", "nonInterestIncome": "None", "otherNonOperatingIncome": "None", "depreciation": "None", "depreciationAndAmortization": "73535000", "incomeBeforeTax": "66675000", "incomeTaxExpense": "18980000", "interestAndDebtExpense": "None", "netIncomeFromContinuingOperations": "0", "comprehensiveIncomeNetOfTax": "None", "ebit": "111126000", "ebitda": "184661000", "netIncome": "45607000"}, {"fiscalDateEnding": "2012-09-30", "reportedCurrency": "USD", "grossProfit": "369251000", "totalRevenue": "695758000", "costOfRevenue": "326507000", "costofGoodsAndServicesSold": "326507000", "operatingIncome": "249890000", "sellingGeneralAndAdministrative": "0", "researchAndDevelopment": "0", "operatingExpenses": "119361000", "investmentIncomeNet": "None", "netInterestIncome": "None", "interestIncome": "None", "interestExpense": "45017000", "nonInterestIncome": "None", "otherNonOperatingIncome": "None", "depreciation": "None", "depreciationAndAmortization": "72693000", "incomeBeforeTax": "207439000", "incomeTaxExpense": "66372000", "interestAndDebtExpense": "None", "netIncomeFromContinuingOperations": "0", "comprehensiveIncomeNetOfTax": "None", "ebit": "252456000", "ebitda": "325149000", "netIncome": "139281000"}, {"fiscalDateEnding": "2012-06-30", "reportedCurrency": "USD", "grossProfit": "262112000", "totalRevenue": "566262000", "costOfRevenue": "304150000", "costofGoodsAndServicesSold": "304150000", "operatingIncome": "133102000", "sellingGeneralAndAdministrative": "0", "researchAndDevelopment": "0", "operatingExpenses": "129010000", "investmentIncomeNet": "None", "netInterestIncome": "None", "interestIncome": "None", "interestExpense": "44823000", "nonInterestIncome": "None", "otherNonOperatingIncome": "None", "depreciation": "None", "depreciationAndAmortization": "73947000", "incomeBeforeTax": "92802000", "incomeTaxExpense": "28340000", "interestAndDebtExpense": "None", "netIncomeFromContinuingOperations": "0", "comprehensiveIncomeNetOfTax": "None", "ebit": "137625000", "ebitda": "211572000", "netIncome": "62734000"}, {"fiscalDateEnding": "2012-03-31", "reportedCurrency": "USD", "grossProfit": "191979000", "totalRevenue": "475677000", "costOfRevenue": "283698000", "costofGoodsAndServicesSold": "283698000", "operatingIncome": "71365000", "sellingGeneralAndAdministrative": "0", "researchAndDevelopment": "0", "operatingExpenses": "120614000", "investmentIncomeNet": "None", "netInterestIncome": "None", "interestIncome": "None", "interestExpense": "42046000", "nonInterestIncome": "None", "otherNonOperatingIncome": "None", "depreciation": "None", "depreciationAndAmortization": "74658000", "incomeBeforeTax": "41680000", "incomeTaxExpense": "12443000", "interestAndDebtExpense": "None", "netIncomeFromContinuingOperations": "0", "comprehensiveIncomeNetOfTax": "None", "ebit": "83726000", "ebitda": "158384000", "netIncome": "27524000"}, {"fiscalDateEnding": "2011-12-31", "reportedCurrency": "USD", "grossProfit": "342132000", "totalRevenue": "486228000", "costOfRevenue": "144096000", "costofGoodsAndServicesSold": "144096000", "operatingIncome": "72576000", "sellingGeneralAndAdministrative": "0", "researchAndDevelopment": "0", "operatingExpenses": "269556000", "investmentIncomeNet": "None", "netInterestIncome": "None", "interestIncome": "None", "interestExpense": "41779000", "nonInterestIncome": "None", "otherNonOperatingIncome": "None", "depreciation": "None", "depreciationAndAmortization": "79511000", "incomeBeforeTax": "29838000", "incomeTaxExpense": "8532000", "interestAndDebtExpense": "None", "netIncomeFromContinuingOperations": "0", "comprehensiveIncomeNetOfTax": "None", "ebit": "71617000", "ebitda": "151128000", "netIncome": "19577000"}, {"fiscalDateEnding": "2011-09-30", "reportedCurrency": "USD", "grossProfit": "478612000", "totalRevenue": "678152000", "costOfRevenue": "199540000", "costofGoodsAndServicesSold": "199540000", "operatingIncome": "241088000", "sellingGeneralAndAdministrative": "0", "researchAndDevelopment": "0", "operatingExpenses": "237524000", "investmentIncomeNet": "None", "netInterestIncome": "None", "interestIncome": "None", "interestExpense": "43844000", "nonInterestIncome": "None", "otherNonOperatingIncome": "None", "depreciation": "None", "depreciationAndAmortization": "79701000", "incomeBeforeTax": "198092000", "incomeTaxExpense": "61700000", "interestAndDebtExpense": "None", "netIncomeFromContinuingOperations": "0", "comprehensiveIncomeNetOfTax": "None", "ebit": "241936000", "ebitda": "321637000", "netIncome": "134950000"}, {"fiscalDateEnding": "2011-06-30", "reportedCurrency": "USD", "grossProfit": "371919000", "totalRevenue": "524892000", "costOfRevenue": "152973000", "costofGoodsAndServicesSold": "152973000", "operatingIncome": "107606000", "sellingGeneralAndAdministrative": "0", "researchAndDevelopment": "0", "operatingExpenses": "264313000", "investmentIncomeNet": "None", "netInterestIncome": "None", "interestIncome": "None", "interestExpense": "43300000", "nonInterestIncome": "None", "otherNonOperatingIncome": "None", "depreciation": "None", "depreciationAndAmortization": "71215000", "incomeBeforeTax": "65124000", "incomeTaxExpense": "19599000", "interestAndDebtExpense": "None", "netIncomeFromContinuingOperations": "0", "comprehensiveIncomeNetOfTax": "None", "ebit": "108424000", "ebitda": "179639000", "netIncome": "44129000"}, {"fiscalDateEnding": "2011-03-31", "reportedCurrency": "USD", "grossProfit": "347536000", "totalRevenue": "481720000", "costOfRevenue": "134184000", "costofGoodsAndServicesSold": "134184000", "operatingIncome": "91159000", "sellingGeneralAndAdministrative": "0", "researchAndDevelopment": "0", "operatingExpenses": "256377000", "investmentIncomeNet": "None", "netInterestIncome": "None", "interestIncome": "None", "interestExpense": "43538000", "nonInterestIncome": "None", "otherNonOperatingIncome": "None", "depreciation": "None", "depreciationAndAmortization": "76046000", "incomeBeforeTax": "46470000", "incomeTaxExpense": "13513000", "interestAndDebtExpense": "None", "netIncomeFromContinuingOperations": "0", "comprehensiveIncomeNetOfTax": "None", "ebit": "90008000", "ebitda": "166054000", "netIncome": "31584000"}, {"fiscalDateEnding": "2010-12-31", "reportedCurrency": "USD", "grossProfit": "332155000", "totalRevenue": "456723000", "costOfRevenue": "124568000", "costofGoodsAndServicesSold": "124568000", "operatingIncome": "48240000", "sellingGeneralAndAdministrative": "0", "researchAndDevelopment": "0", "operatingExpenses": "283915000", "investmentIncomeNet": "None", "netInterestIncome": "None", "interestIncome": "None", "interestExpense": "43079000", "nonInterestIncome": "None", "otherNonOperatingIncome": "None", "depreciation": "None", "depreciationAndAmortization": "95071000", "incomeBeforeTax": "4802000", "incomeTaxExpense": "-1748000", "interestAndDebtExpense": "None", "netIncomeFromContinuingOperations": "0", "comprehensiveIncomeNetOfTax": "None", "ebit": "47881000", "ebitda": "142952000", "netIncome": "5160000"}, {"fiscalDateEnding": "2010-09-30", "reportedCurrency": "USD", "grossProfit": "456560000", "totalRevenue": "644437000", "costOfRevenue": "187877000", "costofGoodsAndServicesSold": "187877000", "operatingIncome": "211622000", "sellingGeneralAndAdministrative": "0", "researchAndDevelopment": "0", "operatingExpenses": "244938000", "investmentIncomeNet": "None", "netInterestIncome": "None", "interestIncome": "None", "interestExpense": "43956000", "nonInterestIncome": "None", "otherNonOperatingIncome": "None", "depreciation": "None", "depreciationAndAmortization": "67918000", "incomeBeforeTax": "167665000", "incomeTaxExpense": "51802000", "interestAndDebtExpense": "None", "netIncomeFromContinuingOperations": "0", "comprehensiveIncomeNetOfTax": "None", "ebit": "218446000", "ebitda": "286364000", "netIncome": "114744000"}, {"fiscalDateEnding": "2010-06-30", "reportedCurrency": "USD", "grossProfit": "358065000", "totalRevenue": "495181000", "costOfRevenue": "137116000", "costofGoodsAndServicesSold": "137116000", "operatingIncome": "120994000", "sellingGeneralAndAdministrative": "0", "researchAndDevelopment": "0", "operatingExpenses": "237071000", "investmentIncomeNet": "None", "netInterestIncome": "None", "interestIncome": "None", "interestExpense": "43289000", "nonInterestIncome": "None", "otherNonOperatingIncome": "None", "depreciation": "None", "depreciationAndAmortization": "67107000", "incomeBeforeTax": "75688000", "incomeTaxExpense": "21158000", "interestAndDebtExpense": "None", "netIncomeFromContinuingOperations": "0", "comprehensiveIncomeNetOfTax": "None", "ebit": "125725000", "ebitda": "192832000", "netIncome": "53311000"}, {"fiscalDateEnding": "2010-03-31", "reportedCurrency": "USD", "grossProfit": "326030000", "totalRevenue": "459830000", "costOfRevenue": "133800000", "costofGoodsAndServicesSold": "133800000", "operatingIncome": "92001000", "sellingGeneralAndAdministrative": "0", "researchAndDevelopment": "0", "operatingExpenses": "234029000", "investmentIncomeNet": "None", "netInterestIncome": "None", "interestIncome": "None", "interestExpense": "44616000", "nonInterestIncome": "None", "otherNonOperatingIncome": "None", "depreciation": "None", "depreciationAndAmortization": "66930000", "incomeBeforeTax": "45502000", "incomeTaxExpense": "13820000", "interestAndDebtExpense": "None", "netIncomeFromContinuingOperations": "0", "comprehensiveIncomeNetOfTax": "None", "ebit": "96202000", "ebitda": "163132000", "netIncome": "30680000"}, {"fiscalDateEnding": "2009-12-31", "reportedCurrency": "USD", "grossProfit": "307876000", "totalRevenue": "440118000", "costOfRevenue": "132242000", "costofGoodsAndServicesSold": "132242000", "operatingIncome": "61807000", "sellingGeneralAndAdministrative": "0", "researchAndDevelopment": "0", "operatingExpenses": "246069000", "investmentIncomeNet": "None", "netInterestIncome": "None", "interestIncome": "None", "interestExpense": "40591000", "nonInterestIncome": "None", "otherNonOperatingIncome": "None", "depreciation": "None", "depreciationAndAmortization": "64990000", "incomeBeforeTax": "21112000", "incomeTaxExpense": "10496000", "interestAndDebtExpense": "None", "netIncomeFromContinuingOperations": "0", "comprehensiveIncomeNetOfTax": "None", "ebit": "61703000", "ebitda": "126693000", "netIncome": "11383000"}, {"fiscalDateEnding": "2009-09-30", "reportedCurrency": "USD", "grossProfit": "387064000", "totalRevenue": "528534000", "costOfRevenue": "141470000", "costofGoodsAndServicesSold": "141470000", "operatingIncome": "150333000", "sellingGeneralAndAdministrative": "0", "researchAndDevelopment": "0", "operatingExpenses": "236731000", "investmentIncomeNet": "None", "netInterestIncome": "None", "interestIncome": "None", "interestExpense": "41599000", "nonInterestIncome": "None", "otherNonOperatingIncome": "None", "depreciation": "None", "depreciationAndAmortization": "64516000", "incomeBeforeTax": "109398000", "incomeTaxExpense": "28256000", "interestAndDebtExpense": "None", "netIncomeFromContinuingOperations": "0", "comprehensiveIncomeNetOfTax": "None", "ebit": "150997000", "ebitda": "215513000", "netIncome": "81142000"}, {"fiscalDateEnding": "2009-06-30", "reportedCurrency": "USD", "grossProfit": "347304000", "totalRevenue": "467812000", "costOfRevenue": "120508000", "costofGoodsAndServicesSold": "120508000", "operatingIncome": "90042000", "sellingGeneralAndAdministrative": "0", "researchAndDevelopment": "0", "operatingExpenses": "257262000", "investmentIncomeNet": "None", "netInterestIncome": "None", "interestIncome": "None", "interestExpense": "40094000", "nonInterestIncome": "None", "otherNonOperatingIncome": "None", "depreciation": "None", "depreciationAndAmortization": "63814000", "incomeBeforeTax": "54082000", "incomeTaxExpense": "15696000", "interestAndDebtExpense": "None", "netIncomeFromContinuingOperations": "0", "comprehensiveIncomeNetOfTax": "None", "ebit": "94176000", "ebitda": "157990000", "netIncome": "38386000"}, {"fiscalDateEnding": "2009-03-31", "reportedCurrency": "USD", "grossProfit": "281123000", "totalRevenue": "421767000", "costOfRevenue": "140644000", "costofGoodsAndServicesSold": "140644000", "operatingIncome": "52760000", "sellingGeneralAndAdministrative": "0", "researchAndDevelopment": "0", "operatingExpenses": "228363000", "investmentIncomeNet": "None", "netInterestIncome": "None", "interestIncome": "None", "interestExpense": "35077000", "nonInterestIncome": "None", "otherNonOperatingIncome": "None", "depreciation": "None", "depreciationAndAmortization": "58214000", "incomeBeforeTax": "15587000", "incomeTaxExpense": "4401000", "interestAndDebtExpense": "None", "netIncomeFromContinuingOperations": "0", "comprehensiveIncomeNetOfTax": "None", "ebit": "50664000", "ebitda": "108878000", "netIncome": "44164000"}, {"fiscalDateEnding": "2008-12-31", "reportedCurrency": "USD", "grossProfit": "269693000", "totalRevenue": "406097000", "costOfRevenue": "136404000", "costofGoodsAndServicesSold": "136404000", "operatingIncome": "51525000", "sellingGeneralAndAdministrative": "0", "researchAndDevelopment": "0", "operatingExpenses": "218168000", "investmentIncomeNet": "None", "netInterestIncome": "None", "interestIncome": "None", "interestExpense": "38797000", "nonInterestIncome": "None", "otherNonOperatingIncome": "None", "depreciation": "None", "depreciationAndAmortization": "81159000", "incomeBeforeTax": "13001000", "incomeTaxExpense": "-9872000", "interestAndDebtExpense": "None", "netIncomeFromContinuingOperations": "0", "comprehensiveIncomeNetOfTax": "None", "ebit": "51525000", "ebitda": "132684000", "netIncome": "22873000"}, {"fiscalDateEnding": "2008-09-30", "reportedCurrency": "USD", "grossProfit": "354713000", "totalRevenue": "574853000", "costOfRevenue": "220140000", "costofGoodsAndServicesSold": "220140000", "operatingIncome": "144273000", "sellingGeneralAndAdministrative": "0", "researchAndDevelopment": "0", "operatingExpenses": "210440000", "investmentIncomeNet": "None", "netInterestIncome": "None", "interestIncome": "None", "interestExpense": "31920000", "nonInterestIncome": "None", "otherNonOperatingIncome": "None", "depreciation": "None", "depreciationAndAmortization": "41455000", "incomeBeforeTax": "117646000", "incomeTaxExpense": "29361000", "interestAndDebtExpense": "None", "netIncomeFromContinuingOperations": "0", "comprehensiveIncomeNetOfTax": "None", "ebit": "160077000", "ebitda": "201532000", "netIncome": "88285000"}, {"fiscalDateEnding": "2008-06-30", "reportedCurrency": "USD", "grossProfit": "259864000", "totalRevenue": "451219000", "costOfRevenue": "191355000", "costofGoodsAndServicesSold": "191355000", "operatingIncome": "35039000", "sellingGeneralAndAdministrative": "0", "researchAndDevelopment": "0", "operatingExpenses": "224825000", "investmentIncomeNet": "None", "netInterestIncome": "None", "interestIncome": "None", "interestExpense": "30311000", "nonInterestIncome": "None", "otherNonOperatingIncome": "None", "depreciation": "None", "depreciationAndAmortization": "53742000", "incomeBeforeTax": "8532000", "incomeTaxExpense": "2687000", "interestAndDebtExpense": "None", "netIncomeFromContinuingOperations": "0", "comprehensiveIncomeNetOfTax": "None", "ebit": "34706000", "ebitda": "88448000", "netIncome": "5845000"}, {"fiscalDateEnding": "2008-03-31", "reportedCurrency": "USD", "grossProfit": "260378000", "totalRevenue": "406827000", "costOfRevenue": "146449000", "costofGoodsAndServicesSold": "146449000", "operatingIncome": "53808000", "sellingGeneralAndAdministrative": "0", "researchAndDevelopment": "0", "operatingExpenses": "206570000", "investmentIncomeNet": "None", "netInterestIncome": "None", "interestIncome": "None", "interestExpense": "10690000", "nonInterestIncome": "None", "otherNonOperatingIncome": "None", "depreciation": "None", "depreciationAndAmortization": "55270000", "incomeBeforeTax": "42896000", "incomeTaxExpense": "-18240000", "interestAndDebtExpense": "None", "netIncomeFromContinuingOperations": "0", "comprehensiveIncomeNetOfTax": "None", "ebit": "47212000", "ebitda": "102482000", "netIncome": "61136000"}, {"fiscalDateEnding": "2007-12-31", "reportedCurrency": "USD", "grossProfit": "265874000", "totalRevenue": "392853000", "costOfRevenue": "126979000", "costofGoodsAndServicesSold": "126979000", "operatingIncome": "46117000", "sellingGeneralAndAdministrative": "0", "researchAndDevelopment": "0", "operatingExpenses": "219757000", "investmentIncomeNet": "None", "netInterestIncome": "None", "interestIncome": "None", "interestExpense": "23225000", "nonInterestIncome": "None", "otherNonOperatingIncome": "None", "depreciation": "None", "depreciationAndAmortization": "56974000", "incomeBeforeTax": "28340000", "incomeTaxExpense": "14575000", "interestAndDebtExpense": "None", "netIncomeFromContinuingOperations": "0", "comprehensiveIncomeNetOfTax": "None", "ebit": "46117000", "ebitda": "103091000", "netIncome": "13765000"}, {"fiscalDateEnding": "2007-09-30", "reportedCurrency": "USD", "grossProfit": "365810000", "totalRevenue": "548496000", "costOfRevenue": "182686000", "costofGoodsAndServicesSold": "182686000", "operatingIncome": "150567000", "sellingGeneralAndAdministrative": "0", "researchAndDevelopment": "0", "operatingExpenses": "215243000", "investmentIncomeNet": "None", "netInterestIncome": "None", "interestIncome": "None", "interestExpense": "32396000", "nonInterestIncome": "None", "otherNonOperatingIncome": "None", "depreciation": "None", "depreciationAndAmortization": "67074000", "incomeBeforeTax": "119327000", "incomeTaxExpense": "27621000", "interestAndDebtExpense": "None", "netIncomeFromContinuingOperations": "0", "comprehensiveIncomeNetOfTax": "None", "ebit": "150567000", "ebitda": "217641000", "netIncome": "91706000"}, {"fiscalDateEnding": "2007-06-30", "reportedCurrency": "USD", "grossProfit": "283830000", "totalRevenue": "415178000", "costOfRevenue": "131348000", "costofGoodsAndServicesSold": "131348000", "operatingIncome": "70762000", "sellingGeneralAndAdministrative": "0", "researchAndDevelopment": "0", "operatingExpenses": "213068000", "investmentIncomeNet": "None", "netInterestIncome": "None", "interestIncome": "None", "interestExpense": "30419000", "nonInterestIncome": "None", "otherNonOperatingIncome": "None", "depreciation": "None", "depreciationAndAmortization": "40228000", "incomeBeforeTax": "42338000", "incomeTaxExpense": "9630000", "interestAndDebtExpense": "None", "netIncomeFromContinuingOperations": "0", "comprehensiveIncomeNetOfTax": "None", "ebit": "78586000", "ebitda": "118814000", "netIncome": "32708000"}, {"fiscalDateEnding": "2007-03-31", "reportedCurrency": "USD", "grossProfit": "266897000", "totalRevenue": "370306000", "costOfRevenue": "103409000", "costofGoodsAndServicesSold": "103409000", "operatingIncome": "69945000", "sellingGeneralAndAdministrative": "0", "researchAndDevelopment": "0", "operatingExpenses": "196952000", "investmentIncomeNet": "None", "netInterestIncome": "None", "interestIncome": "None", "interestExpense": "28117000", "nonInterestIncome": "None", "otherNonOperatingIncome": "None", "depreciation": "None", "depreciationAndAmortization": "53543000", "incomeBeforeTax": "42189000", "incomeTaxExpense": "12014000", "interestAndDebtExpense": "None", "netIncomeFromContinuingOperations": "0", "comprehensiveIncomeNetOfTax": "None", "ebit": "69945000", "ebitda": "123488000", "netIncome": "30175000"}, {"fiscalDateEnding": "2006-12-31", "reportedCurrency": "USD", "grossProfit": "249995000", "totalRevenue": "343151000", "costOfRevenue": "93156000", "costofGoodsAndServicesSold": "93156000", "operatingIncome": "46490000", "sellingGeneralAndAdministrative": "0", "researchAndDevelopment": "0", "operatingExpenses": "203505000", "investmentIncomeNet": "None", "netInterestIncome": "None", "interestIncome": "None", "interestExpense": "24447000", "nonInterestIncome": "None", "otherNonOperatingIncome": "None", "depreciation": "None", "depreciationAndAmortization": "35899000", "incomeBeforeTax": "23151000", "incomeTaxExpense": "10079000", "interestAndDebtExpense": "None", "netIncomeFromContinuingOperations": "0", "comprehensiveIncomeNetOfTax": "None", "ebit": "46490000", "ebitda": "82389000", "netIncome": "13072000"}, {"fiscalDateEnding": "2006-09-30", "reportedCurrency": "USD", "grossProfit": "346894000", "totalRevenue": "515947000", "costOfRevenue": "169053000", "costofGoodsAndServicesSold": "169053000", "operatingIncome": "139586000", "sellingGeneralAndAdministrative": "0", "researchAndDevelopment": "0", "operatingExpenses": "207308000", "investmentIncomeNet": "None", "netInterestIncome": "None", "interestIncome": "None", "interestExpense": "26742000", "nonInterestIncome": "None", "otherNonOperatingIncome": "None", "depreciation": "None", "depreciationAndAmortization": "57378000", "incomeBeforeTax": "114983000", "incomeTaxExpense": "24949000", "interestAndDebtExpense": "None", "netIncomeFromContinuingOperations": "0", "comprehensiveIncomeNetOfTax": "None", "ebit": "139586000", "ebitda": "196964000", "netIncome": "90034000"}, {"fiscalDateEnding": "2006-06-30", "reportedCurrency": "USD", "grossProfit": "276872000", "totalRevenue": "406622000", "costOfRevenue": "129750000", "costofGoodsAndServicesSold": "129750000", "operatingIncome": "69010000", "sellingGeneralAndAdministrative": "0", "researchAndDevelopment": "0", "operatingExpenses": "207862000", "investmentIncomeNet": "None", "netInterestIncome": "None", "interestIncome": "None", "interestExpense": "26097000", "nonInterestIncome": "None", "otherNonOperatingIncome": "None", "depreciation": "None", "depreciationAndAmortization": "56304000", "incomeBeforeTax": "47900000", "incomeTaxExpense": "12535000", "interestAndDebtExpense": "None", "netIncomeFromContinuingOperations": "0", "comprehensiveIncomeNetOfTax": "None", "ebit": "69010000", "ebitda": "125314000", "netIncome": "35365000"}, {"fiscalDateEnding": "2006-03-31", "reportedCurrency": "USD", "grossProfit": "229520000", "totalRevenue": "340023000", "costOfRevenue": "110503000", "costofGoodsAndServicesSold": "110503000", "operatingIncome": "51683000", "sellingGeneralAndAdministrative": "0", "researchAndDevelopment": "0", "operatingExpenses": "177837000", "investmentIncomeNet": "None", "netInterestIncome": "None", "interestIncome": "None", "interestExpense": "24194000", "nonInterestIncome": "None", "otherNonOperatingIncome": "None", "depreciation": "None", "depreciationAndAmortization": "54339000", "incomeBeforeTax": "35587000", "incomeTaxExpense": "8749000", "interestAndDebtExpense": "None", "netIncomeFromContinuingOperations": "0", "comprehensiveIncomeNetOfTax": "None", "ebit": "51683000", "ebitda": "106022000", "netIncome": "26838000"}, {"fiscalDateEnding": "2005-12-31", "reportedCurrency": "USD", "grossProfit": "209285000", "totalRevenue": "394077000", "costOfRevenue": "184792000", "costofGoodsAndServicesSold": "184792000", "operatingIncome": "30136000", "sellingGeneralAndAdministrative": "0", "researchAndDevelopment": "0", "operatingExpenses": "179149000", "investmentIncomeNet": "None", "netInterestIncome": "None", "interestIncome": "None", "interestExpense": "24592000", "nonInterestIncome": "None", "otherNonOperatingIncome": "None", "depreciation": "None", "depreciationAndAmortization": "7637000", "incomeBeforeTax": "5196000", "incomeTaxExpense": "-1705000", "interestAndDebtExpense": "None", "netIncomeFromContinuingOperations": "0", "comprehensiveIncomeNetOfTax": "None", "ebit": "45337000", "ebitda": "52974000", "netIncome": "6901000"}, {"fiscalDateEnding": "2005-09-30", "reportedCurrency": "USD", "grossProfit": "345866000", "totalRevenue": "477896000", "costOfRevenue": "132030000", "costofGoodsAndServicesSold": "132030000", "operatingIncome": "153255000", "sellingGeneralAndAdministrative": "0", "researchAndDevelopment": "0", "operatingExpenses": "192611000", "investmentIncomeNet": "None", "netInterestIncome": "None", "interestIncome": "None", "interestExpense": "26886000", "nonInterestIncome": "None", "otherNonOperatingIncome": "None", "depreciation": "None", "depreciationAndAmortization": "50739000", "incomeBeforeTax": "126855000", "incomeTaxExpense": "42380000", "interestAndDebtExpense": "None", "netIncomeFromContinuingOperations": "0", "comprehensiveIncomeNetOfTax": "None", "ebit": "153255000", "ebitda": "203994000", "netIncome": "84475000"}]}