{"symbol": "ALAB", "annualReports": [{"fiscalDateEnding": "2025-12-31", "reportedCurrency": "None", "grossProfit": "645261000", "totalRevenue": "852525000", "costOfRevenue": "207264000", "costofGoodsAndServicesSold": "207264000", "operatingIncome": "173423000", "sellingGeneralAndAdministrative": "88066000", "researchAndDevelopment": "303998000", "operatingExpenses": "471838000", "investmentIncomeNet": "None", "netInterestIncome": "None", "interestIncome": "None", "interestExpense": "None", "nonInterestIncome": "None", "otherNonOperatingIncome": "None", "depreciation": "None", "depreciationAndAmortization": "6829000", "incomeBeforeTax": "218153000", "incomeTaxExpense": "-981000", "interestAndDebtExpense": "None", "netIncomeFromContinuingOperations": "None", "comprehensiveIncomeNetOfTax": "None", "ebit": "218153000", "ebitda": "224982000", "netIncome": "219134000"}, {"fiscalDateEnding": "2024-12-31", "reportedCurrency": "USD", "grossProfit": "302699000", "totalRevenue": "396290000", "costOfRevenue": "93591000", "costofGoodsAndServicesSold": "93591000", "operatingIncome": "-116066000", "sellingGeneralAndAdministrative": "94283000", "researchAndDevelopment": "200830000", "operatingExpenses": "418765000", "investmentIncomeNet": "None", "netInterestIncome": "34288000", "interestIncome": "34288000", "interestExpense": "None", "nonInterestIncome": "None", "otherNonOperatingIncome": "None", "depreciation": "None", "depreciationAndAmortization": "3154000", "incomeBeforeTax": "-81778000", "incomeTaxExpense": "1643000", "interestAndDebtExpense": "None", "netIncomeFromContinuingOperations": "-83421000", "comprehensiveIncomeNetOfTax": "None", "ebit": "-116066000", "ebitda": "-112912000", "netIncome": "-83421000"}, {"fiscalDateEnding": "2023-12-31", "reportedCurrency": "USD", "grossProfit": "79827000", "totalRevenue": "115794000", "costOfRevenue": "35967000", "costofGoodsAndServicesSold": "35967000", "operatingIncome": "-29497000", "sellingGeneralAndAdministrative": "15925000", "researchAndDevelopment": "73407000", "operatingExpenses": "109324000", "investmentIncomeNet": "None", "netInterestIncome": "6549000", "interestIncome": "6549000", "interestExpense": "None", "nonInterestIncome": "None", "otherNonOperatingIncome": "None", "depreciation": "None", "depreciationAndAmortization": "1781000", "incomeBeforeTax": "-22948000", "incomeTaxExpense": "3309000", "interestAndDebtExpense": "None", "netIncomeFromContinuingOperations": "-26257000", "comprehensiveIncomeNetOfTax": "None", "ebit": "-29497000", "ebitda": "-27716000", "netIncome": "-26257000"}, {"fiscalDateEnding": "2022-12-31", "reportedCurrency": "USD", "grossProfit": "58681000", "totalRevenue": "79872000", "costOfRevenue": "21191000", "costofGoodsAndServicesSold": "21191000", "operatingIncome": "-60194000", "sellingGeneralAndAdministrative": "20757000", "researchAndDevelopment": "73711000", "operatingExpenses": "118875000", "investmentIncomeNet": "None", "netInterestIncome": "2613000", "interestIncome": "2613000", "interestExpense": "None", "nonInterestIncome": "None", "otherNonOperatingIncome": "None", "depreciation": "None", "depreciationAndAmortization": "807000", "incomeBeforeTax": "-57581000", "incomeTaxExpense": "764000", "interestAndDebtExpense": "None", "netIncomeFromContinuingOperations": "-58345000", "comprehensiveIncomeNetOfTax": "None", "ebit": "-60194000", "ebitda": "-59387000", "netIncome": "-58345000"}], "quarterlyReports": [{"fiscalDateEnding": "2025-12-31", "reportedCurrency": "None", "grossProfit": "204475000", "totalRevenue": "270583000", "costOfRevenue": "66108000", "costofGoodsAndServicesSold": "66108000", "operatingIncome": "66958000", "sellingGeneralAndAdministrative": "23621000", "researchAndDevelopment": "93792000", "operatingExpenses": "137517000", "investmentIncomeNet": "None", "netInterestIncome": "None", "interestIncome": "None", "interestExpense": "None", "nonInterestIncome": "None", "otherNonOperatingIncome": "None", "depreciation": "None", "depreciationAndAmortization": "2812000", "incomeBeforeTax": "78915000", "incomeTaxExpense": "33933000", "interestAndDebtExpense": "None", "netIncomeFromContinuingOperations": "None", "comprehensiveIncomeNetOfTax": "None", "ebit": "100232000", "ebitda": "103044000", "netIncome": "44982000"}, {"fiscalDateEnding": "2025-09-30", "reportedCurrency": "USD", "grossProfit": "175812000", "totalRevenue": "230575000", "costOfRevenue": "54763000", "costofGoodsAndServicesSold": "54763000", "operatingIncome": "55406000", "sellingGeneralAndAdministrative": "22119000", "researchAndDevelopment": "78928000", "operatingExpenses": "120406000", "investmentIncomeNet": "None", "netInterestIncome": "11456000", "interestIncome": "11456000", "interestExpense": "None", "nonInterestIncome": "None", "otherNonOperatingIncome": "None", "depreciation": "None", "depreciationAndAmortization": "1500000", "incomeBeforeTax": "66862000", "incomeTaxExpense": "-24252000", "interestAndDebtExpense": "None", "netIncomeFromContinuingOperations": "91114000", "comprehensiveIncomeNetOfTax": "None", "ebit": "66862000", "ebitda": "68362000", "netIncome": "91114000"}, {"fiscalDateEnding": "2025-06-30", "reportedCurrency": "USD", "grossProfit": "145563000", "totalRevenue": "191925000", "costOfRevenue": "46362000", "costofGoodsAndServicesSold": "46362000", "operatingIncome": "39774000", "sellingGeneralAndAdministrative": "20456000", "researchAndDevelopment": "66724000", "operatingExpenses": "105789000", "investmentIncomeNet": "None", "netInterestIncome": "10885000", "interestIncome": "10885000", "interestExpense": "None", "nonInterestIncome": "None", "otherNonOperatingIncome": "None", "depreciation": "None", "depreciationAndAmortization": "1392000", "incomeBeforeTax": "50659000", "incomeTaxExpense": "-560000", "interestAndDebtExpense": "None", "netIncomeFromContinuingOperations": "51219000", "comprehensiveIncomeNetOfTax": "None", "ebit": "39774000", "ebitda": "41166000", "netIncome": "51219000"}, {"fiscalDateEnding": "2025-03-31", "reportedCurrency": "USD", "grossProfit": "119411000", "totalRevenue": "159442000", "costOfRevenue": "40031000", "costofGoodsAndServicesSold": "40031000", "operatingIncome": "11285000", "sellingGeneralAndAdministrative": "21870000", "researchAndDevelopment": "64554000", "operatingExpenses": "108126000", "investmentIncomeNet": "None", "netInterestIncome": "10432000", "interestIncome": "10432000", "interestExpense": "None", "nonInterestIncome": "None", "otherNonOperatingIncome": "None", "depreciation": "None", "depreciationAndAmortization": "1125000", "incomeBeforeTax": "21717000", "incomeTaxExpense": "-10102000", "interestAndDebtExpense": "None", "netIncomeFromContinuingOperations": "31819000", "comprehensiveIncomeNetOfTax": "None", "ebit": "11285000", "ebitda": "12410000", "netIncome": "31819000"}, {"fiscalDateEnding": "2024-12-31", "reportedCurrency": "USD", "grossProfit": "104448000", "totalRevenue": "141096000", "costOfRevenue": "36648000", "costofGoodsAndServicesSold": "36648000", "operatingIncome": "144000", "sellingGeneralAndAdministrative": "24962000", "researchAndDevelopment": "56524000", "operatingExpenses": "104304000", "investmentIncomeNet": "None", "netInterestIncome": "10558000", "interestIncome": "10558000", "interestExpense": "None", "nonInterestIncome": "None", "otherNonOperatingIncome": "None", "depreciation": "None", "depreciationAndAmortization": "974000", "incomeBeforeTax": "10702000", "incomeTaxExpense": "-14011000", "interestAndDebtExpense": "None", "netIncomeFromContinuingOperations": "24713000", "comprehensiveIncomeNetOfTax": "None", "ebit": "144000", "ebitda": "1118000", "netIncome": "24713000"}, {"fiscalDateEnding": "2024-09-30", "reportedCurrency": "USD", "grossProfit": "87877000", "totalRevenue": "113086000", "costOfRevenue": "25209000", "costofGoodsAndServicesSold": "25209000", "operatingIncome": "-8896000", "sellingGeneralAndAdministrative": "22866000", "researchAndDevelopment": "50659000", "operatingExpenses": "96773000", "investmentIncomeNet": "None", "netInterestIncome": "10912000", "interestIncome": "10912000", "interestExpense": "None", "nonInterestIncome": "None", "otherNonOperatingIncome": "None", "depreciation": "None", "depreciationAndAmortization": "849000", "incomeBeforeTax": "2016000", "incomeTaxExpense": "9609000", "interestAndDebtExpense": "None", "netIncomeFromContinuingOperations": "-7593000", "comprehensiveIncomeNetOfTax": "None", "ebit": "-8896000", "ebitda": "-8047000", "netIncome": "-7593000"}, {"fiscalDateEnding": "2024-06-30", "reportedCurrency": "USD", "grossProfit": "59854000", "totalRevenue": "76850000", "costOfRevenue": "16996000", "costofGoodsAndServicesSold": "16996000", "operatingIncome": "-24347000", "sellingGeneralAndAdministrative": "22036000", "researchAndDevelopment": "40089000", "operatingExpenses": "84201000", "investmentIncomeNet": "None", "netInterestIncome": "10264000", "interestIncome": "10264000", "interestExpense": "None", "nonInterestIncome": "None", "otherNonOperatingIncome": "None", "depreciation": "None", "depreciationAndAmortization": "717000", "incomeBeforeTax": "-14083000", "incomeTaxExpense": "-6537000", "interestAndDebtExpense": "None", "netIncomeFromContinuingOperations": "-7546000", "comprehensiveIncomeNetOfTax": "None", "ebit": "-24347000", "ebitda": "-23630000", "netIncome": "-7546000"}, {"fiscalDateEnding": "2024-03-31", "reportedCurrency": "USD", "grossProfit": "50520000", "totalRevenue": "65258000", "costOfRevenue": "14738000", "costofGoodsAndServicesSold": "14738000", "operatingIncome": "-82967000", "sellingGeneralAndAdministrative": "24419000", "researchAndDevelopment": "53558000", "operatingExpenses": "133487000", "investmentIncomeNet": "None", "netInterestIncome": "2554000", "interestIncome": "2554000", "interestExpense": "None", "nonInterestIncome": "None", "otherNonOperatingIncome": "None", "depreciation": "None", "depreciationAndAmortization": "614000", "incomeBeforeTax": "-80413000", "incomeTaxExpense": "12582000", "interestAndDebtExpense": "None", "netIncomeFromContinuingOperations": "-92995000", "comprehensiveIncomeNetOfTax": "None", "ebit": "-82967000", "ebitda": "-82353000", "netIncome": "-92995000"}, {"fiscalDateEnding": "2023-12-31", "reportedCurrency": "USD", "grossProfit": "39025000", "totalRevenue": "50514000", "costOfRevenue": "11489000", "costofGoodsAndServicesSold": "11489000", "operatingIncome": "9020000", "sellingGeneralAndAdministrative": "5356000", "researchAndDevelopment": "19654000", "operatingExpenses": "30005000", "investmentIncomeNet": "None", "netInterestIncome": "1674000", "interestIncome": "1674000", "interestExpense": "None", "nonInterestIncome": "None", "otherNonOperatingIncome": "None", "depreciation": "None", "depreciationAndAmortization": "540000", "incomeBeforeTax": "10694000", "incomeTaxExpense": "-3631000", "interestAndDebtExpense": "None", "netIncomeFromContinuingOperations": "14325000", "comprehensiveIncomeNetOfTax": "None", "ebit": "9020000", "ebitda": "9560000", "netIncome": "14325000"}, {"fiscalDateEnding": "2023-09-30", "reportedCurrency": "USD", "grossProfit": "28105000", "totalRevenue": "36928000", "costOfRevenue": "8823000", "costofGoodsAndServicesSold": "8823000", "operatingIncome": "-1977000", "sellingGeneralAndAdministrative": "3949000", "researchAndDevelopment": "20626000", "operatingExpenses": "30082000", "investmentIncomeNet": "None", "netInterestIncome": "1724000", "interestIncome": "1724000", "interestExpense": "None", "nonInterestIncome": "None", "otherNonOperatingIncome": "None", "depreciation": "None", "depreciationAndAmortization": "478000", "incomeBeforeTax": "-253000", "incomeTaxExpense": "2871000", "interestAndDebtExpense": "None", "netIncomeFromContinuingOperations": "-3124000", "comprehensiveIncomeNetOfTax": "None", "ebit": "-1977000", "ebitda": "-1499000", "netIncome": "-3124000"}, {"fiscalDateEnding": "2023-06-30", "reportedCurrency": "USD", "grossProfit": "8439000", "totalRevenue": "10688000", "costOfRevenue": "2249000", "costofGoodsAndServicesSold": "2249000", "operatingIncome": "-17613000", "sellingGeneralAndAdministrative": "3095000", "researchAndDevelopment": "17860000", "operatingExpenses": "26052000", "investmentIncomeNet": "None", "netInterestIncome": "1555000", "interestIncome": "1555000", "interestExpense": "None", "nonInterestIncome": "None", "otherNonOperatingIncome": "None", "depreciation": "None", "depreciationAndAmortization": "406000", "incomeBeforeTax": "-16058000", "incomeTaxExpense": "3946000", "interestAndDebtExpense": "None", "netIncomeFromContinuingOperations": "-20004000", "comprehensiveIncomeNetOfTax": "None", "ebit": "-17613000", "ebitda": "-17207000", "netIncome": "-20004000"}, {"fiscalDateEnding": "2023-03-31", "reportedCurrency": "USD", "grossProfit": "4258000", "totalRevenue": "17664000", "costOfRevenue": "13406000", "costofGoodsAndServicesSold": "13406000", "operatingIncome": "-18927000", "sellingGeneralAndAdministrative": "3525000", "researchAndDevelopment": "15267000", "operatingExpenses": "23185000", "investmentIncomeNet": "None", "netInterestIncome": "1596000", "interestIncome": "1596000", "interestExpense": "None", "nonInterestIncome": "None", "otherNonOperatingIncome": "None", "depreciation": "None", "depreciationAndAmortization": "357000", "incomeBeforeTax": "-17331000", "incomeTaxExpense": "123000", "interestAndDebtExpense": "None", "netIncomeFromContinuingOperations": "-17454000", "comprehensiveIncomeNetOfTax": "None", "ebit": "-18927000", "ebitda": "-18570000", "netIncome": "-17454000"}, {"fiscalDateEnding": "2022-12-31", "reportedCurrency": "None", "grossProfit": "14637000", "totalRevenue": "20355000", "costOfRevenue": "5718000", "costofGoodsAndServicesSold": "5718000", "operatingIncome": "-21838000", "sellingGeneralAndAdministrative": "None", "researchAndDevelopment": "27765000", "operatingExpenses": "36475000", "investmentIncomeNet": "None", "netInterestIncome": "None", "interestIncome": "None", "interestExpense": "None", "nonInterestIncome": "None", "otherNonOperatingIncome": "None", "depreciation": "None", "depreciationAndAmortization": "None", "incomeBeforeTax": "-20341000", "incomeTaxExpense": "-244000", "interestAndDebtExpense": "None", "netIncomeFromContinuingOperations": "None", "comprehensiveIncomeNetOfTax": "None", "ebit": "None", "ebitda": "-20341000", "netIncome": "-20097000"}, {"fiscalDateEnding": "2022-09-30", "reportedCurrency": "None", "grossProfit": "17197000", "totalRevenue": "23103000", "costOfRevenue": "5906000", "costofGoodsAndServicesSold": "5906000", "operatingIncome": "-6099000", "sellingGeneralAndAdministrative": "3700000", "researchAndDevelopment": "14240000", "operatingExpenses": "23296000", "investmentIncomeNet": "None", "netInterestIncome": "None", "interestIncome": "None", "interestExpense": "None", "nonInterestIncome": "None", "otherNonOperatingIncome": "None", "depreciation": "None", "depreciationAndAmortization": "6099000", "incomeBeforeTax": "-5198000", "incomeTaxExpense": "144000", "interestAndDebtExpense": "None", "netIncomeFromContinuingOperations": "None", "comprehensiveIncomeNetOfTax": "None", "ebit": "-5198000", "ebitda": "901000", "netIncome": "-5342000"}, {"fiscalDateEnding": "2022-06-30", "reportedCurrency": "None", "grossProfit": "16037000", "totalRevenue": "21396000", "costOfRevenue": "5359000", "costofGoodsAndServicesSold": "5359000", "operatingIncome": "-28072000", "sellingGeneralAndAdministrative": "None", "researchAndDevelopment": "22431000", "operatingExpenses": "44109000", "investmentIncomeNet": "None", "netInterestIncome": "None", "interestIncome": "None", "interestExpense": "None", "nonInterestIncome": "None", "otherNonOperatingIncome": "None", "depreciation": "None", "depreciationAndAmortization": "None", "incomeBeforeTax": "-27857000", "incomeTaxExpense": "-523000", "interestAndDebtExpense": "None", "netIncomeFromContinuingOperations": "None", "comprehensiveIncomeNetOfTax": "None", "ebit": "None", "ebitda": "-27857000", "netIncome": "-27334000"}, {"fiscalDateEnding": "2022-03-31", "reportedCurrency": "None", "grossProfit": "10810000", "totalRevenue": "15018000", "costOfRevenue": "4208000", "costofGoodsAndServicesSold": "4208000", "operatingIncome": "-4185000", "sellingGeneralAndAdministrative": "None", "researchAndDevelopment": "9275000", "operatingExpenses": "14995000", "investmentIncomeNet": "None", "netInterestIncome": "None", "interestIncome": "None", "interestExpense": "None", "nonInterestIncome": "None", "otherNonOperatingIncome": "None", "depreciation": "None", "depreciationAndAmortization": "-1", "incomeBeforeTax": "-4185000", "incomeTaxExpense": "1387000", "interestAndDebtExpense": "None", "netIncomeFromContinuingOperations": "None", "comprehensiveIncomeNetOfTax": "None", "ebit": "-4184999", "ebitda": "-4185000", "netIncome": "-5572000"}]}