{"symbol": "DLR", "annualReports": [{"fiscalDateEnding": "2025-12-31", "reportedCurrency": "USD", "grossProfit": "3385955000", "totalRevenue": "6112692000", "costOfRevenue": "2726737000", "costofGoodsAndServicesSold": "2726737000", "operatingIncome": "658492000", "sellingGeneralAndAdministrative": "560545000", "researchAndDevelopment": "None", "operatingExpenses": "2727463000", "investmentIncomeNet": "None", "netInterestIncome": "None", "interestIncome": "308882000", "interestExpense": "437947000", "nonInterestIncome": "None", "otherNonOperatingIncome": "None", "depreciation": "None", "depreciationAndAmortization": "1894636000", "incomeBeforeTax": "1345205000", "incomeTaxExpense": "32040000", "interestAndDebtExpense": "None", "netIncomeFromContinuingOperations": "None", "comprehensiveIncomeNetOfTax": "None", "ebit": "1692822000", "ebitda": "3587458000", "netIncome": "1308589000"}, {"fiscalDateEnding": "2024-12-31", "reportedCurrency": "USD", "grossProfit": "3035853000", "totalRevenue": "5554968000", "costOfRevenue": "2519115000", "costofGoodsAndServicesSold": "2519115000", "operatingIncome": "471864000", "sellingGeneralAndAdministrative": "480023000", "researchAndDevelopment": "None", "operatingExpenses": "2563989000", "investmentIncomeNet": "None", "netInterestIncome": "-452836000", "interestIncome": "572974000", "interestExpense": "452836000", "nonInterestIncome": "None", "otherNonOperatingIncome": "None", "depreciation": "None", "depreciationAndAmortization": "1771797000", "incomeBeforeTax": "643087000", "incomeTaxExpense": "54760000", "interestAndDebtExpense": "None", "netIncomeFromContinuingOperations": "588327000", "comprehensiveIncomeNetOfTax": "None", "ebit": "1095923000", "ebitda": "2867720000", "netIncome": "602490000"}, {"fiscalDateEnding": "2023-12-31", "reportedCurrency": "USD", "grossProfit": "2878990000", "totalRevenue": "5477061000", "costOfRevenue": "2598071000", "costofGoodsAndServicesSold": "2598071000", "operatingIncome": "524461000", "sellingGeneralAndAdministrative": "449056000", "researchAndDevelopment": "0.19", "operatingExpenses": "2354529000", "investmentIncomeNet": "None", "netInterestIncome": "-410985000", "interestIncome": "467532000", "interestExpense": "437741000", "nonInterestIncome": "None", "otherNonOperatingIncome": "None", "depreciation": "None", "depreciationAndAmortization": "1694859000", "incomeBeforeTax": "1025891000", "incomeTaxExpense": "75579000", "interestAndDebtExpense": "None", "netIncomeFromContinuingOperations": "880047000", "comprehensiveIncomeNetOfTax": "None", "ebit": "1463632000", "ebitda": "3158491000", "netIncome": "948838000"}, {"fiscalDateEnding": "2022-12-31", "reportedCurrency": "USD", "grossProfit": "2674272000", "totalRevenue": "4691834000", "costOfRevenue": "2017562000", "costofGoodsAndServicesSold": "2017562000", "operatingIncome": "589968000", "sellingGeneralAndAdministrative": "422167000", "researchAndDevelopment": "0.09", "operatingExpenses": "2084304000", "investmentIncomeNet": "None", "netInterestIncome": "-290214000", "interestIncome": "303710000", "interestExpense": "299132000", "nonInterestIncome": "None", "otherNonOperatingIncome": "None", "depreciation": "None", "depreciationAndAmortization": "1577933000", "incomeBeforeTax": "411875000", "incomeTaxExpense": "31550000", "interestAndDebtExpense": "None", "netIncomeFromContinuingOperations": "380327000", "comprehensiveIncomeNetOfTax": "None", "ebit": "711007000", "ebitda": "2288940000", "netIncome": "377684000"}, {"fiscalDateEnding": "2021-12-31", "reportedCurrency": "USD", "grossProfit": "2649562000", "totalRevenue": "4427882000", "costOfRevenue": "1778320000", "costofGoodsAndServicesSold": "1778320000", "operatingIncome": "694009000", "sellingGeneralAndAdministrative": "400654000", "researchAndDevelopment": "0.41", "operatingExpenses": "1955553000", "investmentIncomeNet": "None", "netInterestIncome": "-298204000", "interestIncome": "235922000", "interestExpense": "293846000", "nonInterestIncome": "None", "otherNonOperatingIncome": "1420048000", "depreciation": "None", "depreciationAndAmortization": "1486632000", "incomeBeforeTax": "1820211000", "incomeTaxExpense": "72799000", "interestAndDebtExpense": "None", "netIncomeFromContinuingOperations": "1747412000", "comprehensiveIncomeNetOfTax": "None", "ebit": "2114057000", "ebitda": "3600689000", "netIncome": "1709259000"}, {"fiscalDateEnding": "2020-12-31", "reportedCurrency": "USD", "grossProfit": "2389493000", "totalRevenue": "3903609000", "costOfRevenue": "1514116000", "costofGoodsAndServicesSold": "1514116000", "operatingIncome": "557526000", "sellingGeneralAndAdministrative": "351369000", "researchAndDevelopment": "0.10", "operatingExpenses": "1831967000", "investmentIncomeNet": "None", "netInterestIncome": "-312799000", "interestIncome": "20222000", "interestExpense": "333021000", "nonInterestIncome": "None", "otherNonOperatingIncome": "176272000", "depreciation": "None", "depreciationAndAmortization": "1366379000", "incomeBeforeTax": "400777000", "incomeTaxExpense": "38047000", "interestAndDebtExpense": "None", "netIncomeFromContinuingOperations": "362730000", "comprehensiveIncomeNetOfTax": "None", "ebit": "733798000", "ebitda": "2100177000", "netIncome": "356398000"}, {"fiscalDateEnding": "2019-12-31", "reportedCurrency": "USD", "grossProfit": "2016480000", "totalRevenue": "3209241000", "costOfRevenue": "1192761000", "costofGoodsAndServicesSold": "1192761000", "operatingIncome": "594215000", "sellingGeneralAndAdministrative": "211097000", "researchAndDevelopment": "0.19", "operatingExpenses": "1422265000", "investmentIncomeNet": "None", "netInterestIncome": "-287057000", "interestIncome": "66000000", "interestExpense": "353057000", "nonInterestIncome": "None", "otherNonOperatingIncome": "370058000", "depreciation": "None", "depreciationAndAmortization": "1163774000", "incomeBeforeTax": "611216000", "incomeTaxExpense": "11995000", "interestAndDebtExpense": "None", "netIncomeFromContinuingOperations": "599221000", "comprehensiveIncomeNetOfTax": "None", "ebit": "964273000", "ebitda": "2128047000", "netIncome": "579761000"}, {"fiscalDateEnding": "2018-12-31", "reportedCurrency": "USD", "grossProfit": "1948495000", "totalRevenue": "3046478000", "costOfRevenue": "1097983000", "costofGoodsAndServicesSold": "1097983000", "operatingIncome": "549787000", "sellingGeneralAndAdministrative": "163667000", "researchAndDevelopment": "0.11", "operatingExpenses": "1398708000", "investmentIncomeNet": "None", "netInterestIncome": "-318048000", "interestIncome": "3481000", "interestExpense": "321529000", "nonInterestIncome": "None", "otherNonOperatingIncome": "114941000", "depreciation": "None", "depreciationAndAmortization": "1186896000", "incomeBeforeTax": "343199000", "incomeTaxExpense": "2084000", "interestAndDebtExpense": "None", "netIncomeFromContinuingOperations": "341115000", "comprehensiveIncomeNetOfTax": "None", "ebit": "664728000", "ebitda": "1851624000", "netIncome": "331246000"}, {"fiscalDateEnding": "2017-12-31", "reportedCurrency": "USD", "grossProfit": "1563317000", "totalRevenue": "2457928000", "costOfRevenue": "894611000", "costofGoodsAndServicesSold": "894611000", "operatingIncome": "451295000", "sellingGeneralAndAdministrative": "161441000", "researchAndDevelopment": "0.11", "operatingExpenses": "1112022000", "investmentIncomeNet": "None", "netInterestIncome": "-254987000", "interestIncome": "3655000", "interestExpense": "258642000", "nonInterestIncome": "None", "otherNonOperatingIncome": "71515000", "depreciation": "None", "depreciationAndAmortization": "842464000", "incomeBeforeTax": "264168000", "incomeTaxExpense": "7901000", "interestAndDebtExpense": "None", "netIncomeFromContinuingOperations": "256267000", "comprehensiveIncomeNetOfTax": "None", "ebit": "522810000", "ebitda": "1365274000", "netIncome": "248259000"}, {"fiscalDateEnding": "2016-12-31", "reportedCurrency": "USD", "grossProfit": "1379539000", "totalRevenue": "2142213000", "costOfRevenue": "762674000", "costofGoodsAndServicesSold": "762674000", "operatingIncome": "497286000", "sellingGeneralAndAdministrative": "162225000", "researchAndDevelopment": "0.21", "operatingExpenses": "882253000", "investmentIncomeNet": "None", "netInterestIncome": "-241044000", "interestIncome": "4564000", "interestExpense": "241044000", "nonInterestIncome": "None", "otherNonOperatingIncome": "181431000", "depreciation": "None", "depreciationAndAmortization": "699324000", "incomeBeforeTax": "442237000", "incomeTaxExpense": "10385000", "interestAndDebtExpense": "None", "netIncomeFromContinuingOperations": "431852000", "comprehensiveIncomeNetOfTax": "None", "ebit": "683281000", "ebitda": "1382605000", "netIncome": "426187000"}, {"fiscalDateEnding": "2015-12-31", "reportedCurrency": "USD", "grossProfit": "1120863000", "totalRevenue": "1763336000", "costOfRevenue": "642473000", "costofGoodsAndServicesSold": "642473000", "operatingIncome": "401911000", "sellingGeneralAndAdministrative": "109212000", "researchAndDevelopment": "0", "operatingExpenses": "740682000", "investmentIncomeNet": "None", "netInterestIncome": "None", "interestIncome": "188325000", "interestExpense": "203816000", "nonInterestIncome": "None", "otherNonOperatingIncome": "107566000", "depreciation": "None", "depreciationAndAmortization": "570527000", "incomeBeforeTax": "308042000", "incomeTaxExpense": "6452000", "interestAndDebtExpense": "None", "netIncomeFromContinuingOperations": "301591000", "comprehensiveIncomeNetOfTax": "None", "ebit": "395672000", "ebitda": "966199000", "netIncome": "296688000"}, {"fiscalDateEnding": "2014-12-31", "reportedCurrency": "USD", "grossProfit": "1021760000", "totalRevenue": "1617587000", "costOfRevenue": "594678000", "costofGoodsAndServicesSold": "594678000", "operatingIncome": "258666000", "sellingGeneralAndAdministrative": "101831000", "researchAndDevelopment": "0", "operatingExpenses": "763094000", "investmentIncomeNet": "None", "netInterestIncome": "None", "interestIncome": "None", "interestExpense": "191085000", "nonInterestIncome": "None", "otherNonOperatingIncome": "29723000", "depreciation": "None", "depreciationAndAmortization": "538513000", "incomeBeforeTax": "208653000", "incomeTaxExpense": "5238000", "interestAndDebtExpense": "None", "netIncomeFromContinuingOperations": "92066000", "comprehensiveIncomeNetOfTax": "None", "ebit": "399738000", "ebitda": "938251000", "netIncome": "200183000"}, {"fiscalDateEnding": "2013-12-31", "reportedCurrency": "USD", "grossProfit": "935342000", "totalRevenue": "1482259000", "costOfRevenue": "546917000", "costofGoodsAndServicesSold": "546917000", "operatingIncome": "381812000", "sellingGeneralAndAdministrative": "74396000", "researchAndDevelopment": "0", "operatingExpenses": "553530000", "investmentIncomeNet": "None", "netInterestIncome": "None", "interestIncome": "None", "interestExpense": "189399000", "nonInterestIncome": "None", "otherNonOperatingIncome": "8122000", "depreciation": "None", "depreciationAndAmortization": "475464000", "incomeBeforeTax": "321741000", "incomeTaxExpense": "1292000", "interestAndDebtExpense": "None", "netIncomeFromContinuingOperations": "199243000", "comprehensiveIncomeNetOfTax": "None", "ebit": "511140000", "ebitda": "986604000", "netIncome": "314488000"}, {"fiscalDateEnding": "2012-12-31", "reportedCurrency": "USD", "grossProfit": "826769000", "totalRevenue": "1274520000", "costOfRevenue": "452298000", "costofGoodsAndServicesSold": "452298000", "operatingIncome": "366078000", "sellingGeneralAndAdministrative": "66809000", "researchAndDevelopment": "0", "operatingExpenses": "460691000", "investmentIncomeNet": "None", "netInterestIncome": "None", "interestIncome": "None", "interestExpense": "157108000", "nonInterestIncome": "None", "otherNonOperatingIncome": "9724000", "depreciation": "None", "depreciationAndAmortization": "382553000", "incomeBeforeTax": "218694000", "incomeTaxExpense": "2647000", "interestAndDebtExpense": "None", "netIncomeFromContinuingOperations": "216047000", "comprehensiveIncomeNetOfTax": "None", "ebit": "375802000", "ebitda": "758355000", "netIncome": "210334000"}, {"fiscalDateEnding": "2011-12-31", "reportedCurrency": "USD", "grossProfit": "682127000", "totalRevenue": "1062710000", "costOfRevenue": "380583000", "costofGoodsAndServicesSold": "380583000", "operatingIncome": "304310000", "sellingGeneralAndAdministrative": "61648000", "researchAndDevelopment": "0", "operatingExpenses": "377817000", "investmentIncomeNet": "None", "netInterestIncome": "None", "interestIncome": "None", "interestExpense": "149350000", "nonInterestIncome": "None", "otherNonOperatingIncome": "None", "depreciation": "None", "depreciationAndAmortization": "302488000", "incomeBeforeTax": "162084000", "incomeTaxExpense": "-42000", "interestAndDebtExpense": "None", "netIncomeFromContinuingOperations": "None", "comprehensiveIncomeNetOfTax": "None", "ebit": "319371000", "ebitda": "621859000", "netIncome": "156265000"}, {"fiscalDateEnding": "2010-12-31", "reportedCurrency": "USD", "grossProfit": "569202000", "totalRevenue": "865401000", "costOfRevenue": "296199000", "costofGoodsAndServicesSold": "296199000", "operatingIncome": "242306000", "sellingGeneralAndAdministrative": "55329000", "researchAndDevelopment": "None", "operatingExpenses": "326896000", "investmentIncomeNet": "None", "netInterestIncome": "None", "interestIncome": "None", "interestExpense": "137384000", "nonInterestIncome": "None", "otherNonOperatingIncome": "None", "depreciation": "None", "depreciationAndAmortization": "255586000", "incomeBeforeTax": "107263000", "incomeTaxExpense": "1851000", "interestAndDebtExpense": "None", "netIncomeFromContinuingOperations": "None", "comprehensiveIncomeNetOfTax": "None", "ebit": "252964000", "ebitda": "508550000", "netIncome": "102294000"}, {"fiscalDateEnding": "2009-12-31", "reportedCurrency": "USD", "grossProfit": "424900000", "totalRevenue": "637142000", "costOfRevenue": "212242000", "costofGoodsAndServicesSold": "212242000", "operatingIncome": "177789000", "sellingGeneralAndAdministrative": "48276000", "researchAndDevelopment": "None", "operatingExpenses": "247111000", "investmentIncomeNet": "None", "netInterestIncome": "None", "interestIncome": "None", "interestExpense": "88442000", "nonInterestIncome": "None", "otherNonOperatingIncome": "None", "depreciation": "None", "depreciationAndAmortization": "198052000", "incomeBeforeTax": "92272000", "incomeTaxExpense": "1038000", "interestAndDebtExpense": "None", "netIncomeFromContinuingOperations": "None", "comprehensiveIncomeNetOfTax": "None", "ebit": "180714000", "ebitda": "378766000", "netIncome": "87662000"}, {"fiscalDateEnding": "2008-12-31", "reportedCurrency": "USD", "grossProfit": "345196000", "totalRevenue": "527445000", "costOfRevenue": "182249000", "costofGoodsAndServicesSold": "182249000", "operatingIncome": "128355000", "sellingGeneralAndAdministrative": "43379000", "researchAndDevelopment": "None", "operatingExpenses": "216841000", "investmentIncomeNet": "None", "netInterestIncome": "None", "interestIncome": "None", "interestExpense": "63621000", "nonInterestIncome": "None", "otherNonOperatingIncome": "None", "depreciation": "None", "depreciationAndAmortization": "172280000", "incomeBeforeTax": "70547000", "incomeTaxExpense": "59683000", "interestAndDebtExpense": "None", "netIncomeFromContinuingOperations": "None", "comprehensiveIncomeNetOfTax": "None", "ebit": "132746000", "ebitda": "305026000", "netIncome": "67661000"}, {"fiscalDateEnding": "2007-12-31", "reportedCurrency": "USD", "grossProfit": "258841000", "totalRevenue": "384835000", "costOfRevenue": "136406000", "costofGoodsAndServicesSold": "136406000", "operatingIncome": "87678000", "sellingGeneralAndAdministrative": "36313000", "researchAndDevelopment": "None", "operatingExpenses": "171163000", "investmentIncomeNet": "None", "netInterestIncome": "None", "interestIncome": "None", "interestExpense": "67054000", "nonInterestIncome": "None", "otherNonOperatingIncome": "None", "depreciation": "None", "depreciationAndAmortization": "124386000", "incomeBeforeTax": "25221000", "incomeTaxExpense": "99411000", "interestAndDebtExpense": "None", "netIncomeFromContinuingOperations": "None", "comprehensiveIncomeNetOfTax": "None", "ebit": "100447000", "ebitda": "224833000", "netIncome": "22543000"}, {"fiscalDateEnding": "2006-12-31", "reportedCurrency": "USD", "grossProfit": "185931000", "totalRevenue": "274659000", "costOfRevenue": "86145000", "costofGoodsAndServicesSold": "86145000", "operatingIncome": "74568000", "sellingGeneralAndAdministrative": "24123000", "researchAndDevelopment": "None", "operatingExpenses": "111363000", "investmentIncomeNet": "None", "netInterestIncome": "None", "interestIncome": "None", "interestExpense": "49595000", "nonInterestIncome": "None", "otherNonOperatingIncome": "None", "depreciation": "None", "depreciationAndAmortization": "82692000", "incomeBeforeTax": "26555000", "incomeTaxExpense": "83830000", "interestAndDebtExpense": "None", "netIncomeFromContinuingOperations": "None", "comprehensiveIncomeNetOfTax": "None", "ebit": "78925000", "ebitda": "161617000", "netIncome": "13296000"}], "quarterlyReports": [{"fiscalDateEnding": "2025-12-31", "reportedCurrency": "USD", "grossProfit": "-24158000", "totalRevenue": "1712393000", "costOfRevenue": "1736551000", "costofGoodsAndServicesSold": "1736551000", "operatingIncome": "304982000", "sellingGeneralAndAdministrative": "159283000", "researchAndDevelopment": "None", "operatingExpenses": "-329140000", "investmentIncomeNet": "None", "netInterestIncome": "None", "interestIncome": "69060000", "interestExpense": "116516000", "nonInterestIncome": "None", "otherNonOperatingIncome": "None", "depreciation": "None", "depreciationAndAmortization": "493458000", "incomeBeforeTax": "164160000", "incomeTaxExpense": "-9673000", "interestAndDebtExpense": "None", "netIncomeFromContinuingOperations": "None", "comprehensiveIncomeNetOfTax": "None", "ebit": "311175000", "ebitda": "804633000", "netIncome": "98647000"}, {"fiscalDateEnding": "2025-09-30", "reportedCurrency": "USD", "grossProfit": "866984000", "totalRevenue": "1577234000", "costOfRevenue": "710250000", "costofGoodsAndServicesSold": "710250000", "operatingIncome": "138421000", "sellingGeneralAndAdministrative": "141705000", "researchAndDevelopment": "None", "operatingExpenses": "728563000", "investmentIncomeNet": "None", "netInterestIncome": "-113584000", "interestIncome": "130528000", "interestExpense": "113584000", "nonInterestIncome": "None", "otherNonOperatingIncome": "None", "depreciation": "None", "depreciationAndAmortization": "497002000", "incomeBeforeTax": "75408000", "incomeTaxExpense": "11695000", "interestAndDebtExpense": "None", "netIncomeFromContinuingOperations": "63713000", "comprehensiveIncomeNetOfTax": "None", "ebit": "188992000", "ebitda": "685994000", "netIncome": "67812000"}, {"fiscalDateEnding": "2025-06-30", "reportedCurrency": "USD", "grossProfit": "831622000", "totalRevenue": "1493150000", "costOfRevenue": "661528000", "costofGoodsAndServicesSold": "661528000", "operatingIncome": "211697000", "sellingGeneralAndAdministrative": "136017000", "researchAndDevelopment": "None", "operatingExpenses": "619925000", "investmentIncomeNet": "None", "netInterestIncome": "-109383000", "interestIncome": "121445000", "interestExpense": "109383000", "nonInterestIncome": "None", "otherNonOperatingIncome": "None", "depreciation": "None", "depreciationAndAmortization": "461167000", "incomeBeforeTax": "1059829000", "incomeTaxExpense": "12883000", "interestAndDebtExpense": "None", "netIncomeFromContinuingOperations": "1046946000", "comprehensiveIncomeNetOfTax": "None", "ebit": "1169212000", "ebitda": "1630379000", "netIncome": "1032156000"}, {"fiscalDateEnding": "2025-03-31", "reportedCurrency": "USD", "grossProfit": "802313000", "totalRevenue": "1407637000", "costOfRevenue": "605324000", "costofGoodsAndServicesSold": "605324000", "operatingIncome": "195750000", "sellingGeneralAndAdministrative": "123540000", "researchAndDevelopment": "None", "operatingExpenses": "606563000", "investmentIncomeNet": "None", "netInterestIncome": "-98464000", "interestIncome": "106104000", "interestExpense": "98464000", "nonInterestIncome": "None", "otherNonOperatingIncome": "None", "depreciation": "None", "depreciationAndAmortization": "443009000", "incomeBeforeTax": "123530000", "incomeTaxExpense": "17135000", "interestAndDebtExpense": "None", "netIncomeFromContinuingOperations": "106395000", "comprehensiveIncomeNetOfTax": "None", "ebit": "221994000", "ebitda": "665003000", "netIncome": "109974000"}, {"fiscalDateEnding": "2024-12-31", "reportedCurrency": "USD", "grossProfit": "773173000", "totalRevenue": "1435862000", "costOfRevenue": "662689000", "costofGoodsAndServicesSold": "662689000", "operatingIncome": "144322000", "sellingGeneralAndAdministrative": "126816000", "researchAndDevelopment": "None", "operatingExpenses": "628851000", "investmentIncomeNet": "None", "netInterestIncome": "-104742000", "interestIncome": "140943000", "interestExpense": "104742000", "nonInterestIncome": "None", "otherNonOperatingIncome": "None", "depreciation": "None", "depreciationAndAmortization": "455355000", "incomeBeforeTax": "190616000", "incomeTaxExpense": "4928000", "interestAndDebtExpense": "None", "netIncomeFromContinuingOperations": "185688000", "comprehensiveIncomeNetOfTax": "None", "ebit": "295358000", "ebitda": "750713000", "netIncome": "189569000"}, {"fiscalDateEnding": "2024-09-30", "reportedCurrency": "USD", "grossProfit": "774853000", "totalRevenue": "1431214000", "costOfRevenue": "656361000", "costofGoodsAndServicesSold": "656361000", "operatingIncome": "168286000", "sellingGeneralAndAdministrative": "117602000", "researchAndDevelopment": "None", "operatingExpenses": "606567000", "investmentIncomeNet": "None", "netInterestIncome": "-123803000", "interestIncome": "150289000", "interestExpense": "123803000", "nonInterestIncome": "None", "otherNonOperatingIncome": "None", "depreciation": "None", "depreciationAndAmortization": "459997000", "incomeBeforeTax": "52561000", "incomeTaxExpense": "12427000", "interestAndDebtExpense": "None", "netIncomeFromContinuingOperations": "40134000", "comprehensiveIncomeNetOfTax": "None", "ebit": "176364000", "ebitda": "636361000", "netIncome": "51193000"}, {"fiscalDateEnding": "2024-06-30", "reportedCurrency": "USD", "grossProfit": "749473000", "totalRevenue": "1356749000", "costOfRevenue": "607276000", "costofGoodsAndServicesSold": "607276000", "operatingIncome": "9889000", "sellingGeneralAndAdministrative": "120395000", "researchAndDevelopment": "None", "operatingExpenses": "739584000", "investmentIncomeNet": "None", "netInterestIncome": "-114756000", "interestIncome": "None", "interestExpense": "114756000", "nonInterestIncome": "None", "otherNonOperatingIncome": "None", "depreciation": "None", "depreciationAndAmortization": "425343000", "incomeBeforeTax": "89660000", "incomeTaxExpense": "14992000", "interestAndDebtExpense": "None", "netIncomeFromContinuingOperations": "74668000", "comprehensiveIncomeNetOfTax": "None", "ebit": "204416000", "ebitda": "629759000", "netIncome": "80220000"}, {"fiscalDateEnding": "2024-03-31", "reportedCurrency": "USD", "grossProfit": "738354000", "totalRevenue": "1331143000", "costOfRevenue": "592789000", "costofGoodsAndServicesSold": "592789000", "operatingIncome": "149367000", "sellingGeneralAndAdministrative": "115210000", "researchAndDevelopment": "None", "operatingExpenses": "588987000", "investmentIncomeNet": "None", "netInterestIncome": "-109535000", "interestIncome": "None", "interestExpense": "109535000", "nonInterestIncome": "None", "otherNonOperatingIncome": "None", "depreciation": "None", "depreciationAndAmortization": "431102000", "incomeBeforeTax": "310250000", "incomeTaxExpense": "22413000", "interestAndDebtExpense": "None", "netIncomeFromContinuingOperations": "287837000", "comprehensiveIncomeNetOfTax": "None", "ebit": "419785000", "ebitda": "850887000", "netIncome": "281508000"}, {"fiscalDateEnding": "2023-12-31", "reportedCurrency": "USD", "grossProfit": "722483000", "totalRevenue": "1369639000", "costOfRevenue": "647156000", "costofGoodsAndServicesSold": "647156000", "operatingIncome": "134041000", "sellingGeneralAndAdministrative": "116799000", "researchAndDevelopment": "None", "operatingExpenses": "588442000", "investmentIncomeNet": "None", "netInterestIncome": "-113638000", "interestIncome": "None", "interestExpense": "113638000", "nonInterestIncome": "None", "otherNonOperatingIncome": "None", "depreciation": "None", "depreciationAndAmortization": "420475000", "incomeBeforeTax": "40615000", "incomeTaxExpense": "20724000", "interestAndDebtExpense": "None", "netIncomeFromContinuingOperations": "19891000", "comprehensiveIncomeNetOfTax": "None", "ebit": "154253000", "ebitda": "574728000", "netIncome": "28310000"}, {"fiscalDateEnding": "2023-09-30", "reportedCurrency": "USD", "grossProfit": "718320000", "totalRevenue": "1402432000", "costOfRevenue": "684112000", "costofGoodsAndServicesSold": "684112000", "operatingIncome": "58226000", "sellingGeneralAndAdministrative": "110721000", "researchAndDevelopment": "None", "operatingExpenses": "660094000", "investmentIncomeNet": "None", "netInterestIncome": "-85955000", "interestIncome": "105748000", "interestExpense": "110767000", "nonInterestIncome": "None", "otherNonOperatingIncome": "None", "depreciation": "None", "depreciationAndAmortization": "420613000", "incomeBeforeTax": "763166000", "incomeTaxExpense": "17228000", "interestAndDebtExpense": "None", "netIncomeFromContinuingOperations": "745943000", "comprehensiveIncomeNetOfTax": "None", "ebit": "873933000", "ebitda": "1294546000", "netIncome": "733618000"}, {"fiscalDateEnding": "2023-06-30", "reportedCurrency": "USD", "grossProfit": "715468000", "totalRevenue": "1366267000", "costOfRevenue": "650799000", "costofGoodsAndServicesSold": "650799000", "operatingIncome": "154860000", "sellingGeneralAndAdministrative": "109616000", "researchAndDevelopment": "None", "operatingExpenses": "560608000", "investmentIncomeNet": "None", "netInterestIncome": "-118046000", "interestIncome": "112987000", "interestExpense": "111116000", "nonInterestIncome": "None", "otherNonOperatingIncome": "88075000", "depreciation": "None", "depreciationAndAmortization": "432573000", "incomeBeforeTax": "131818999", "incomeTaxExpense": "16172999", "interestAndDebtExpense": "None", "netIncomeFromContinuingOperations": "115646000", "comprehensiveIncomeNetOfTax": "None", "ebit": "242935000", "ebitda": "675508000", "netIncome": "118184000"}, {"fiscalDateEnding": "2023-03-31", "reportedCurrency": "USD", "grossProfit": "722719000", "totalRevenue": "1338723000", "costOfRevenue": "616004000", "costofGoodsAndServicesSold": "616004000", "operatingIncome": "177334000", "sellingGeneralAndAdministrative": "111920000", "researchAndDevelopment": "None", "operatingExpenses": "545385000", "investmentIncomeNet": "None", "netInterestIncome": "-101940000", "interestIncome": "87043000", "interestExpense": "102220000", "nonInterestIncome": "None", "otherNonOperatingIncome": "15177000", "depreciation": "None", "depreciationAndAmortization": "421198000", "incomeBeforeTax": "90291000", "incomeTaxExpense": "21454000", "interestAndDebtExpense": "None", "netIncomeFromContinuingOperations": "68836000", "comprehensiveIncomeNetOfTax": "None", "ebit": "192511000", "ebitda": "613709000", "netIncome": "68726000"}, {"fiscalDateEnding": "2022-12-31", "reportedCurrency": "USD", "grossProfit": "695506000", "totalRevenue": "1233108000", "costOfRevenue": "537601000", "costofGoodsAndServicesSold": "537601000", "operatingIncome": "120980000", "sellingGeneralAndAdministrative": "120431000", "researchAndDevelopment": "None", "operatingExpenses": "574526000", "investmentIncomeNet": "None", "netInterestIncome": "-109776000", "interestIncome": "137888000", "interestExpense": "86882000", "nonInterestIncome": "None", "otherNonOperatingIncome": "None", "depreciation": "None", "depreciationAndAmortization": "430130000", "incomeBeforeTax": "-16913000", "incomeTaxExpense": "-17676000", "interestAndDebtExpense": "None", "netIncomeFromContinuingOperations": "761000", "comprehensiveIncomeNetOfTax": "None", "ebit": "69967000", "ebitda": "500097000", "netIncome": "3901000"}, {"fiscalDateEnding": "2022-09-30", "reportedCurrency": "USD", "grossProfit": "670490000", "totalRevenue": "1192083000", "costOfRevenue": "521593000", "costofGoodsAndServicesSold": "521593000", "operatingIncome": "157381000", "sellingGeneralAndAdministrative": "97447000", "researchAndDevelopment": "None", "operatingExpenses": "513109000", "investmentIncomeNet": "None", "netInterestIncome": "-60750000", "interestIncome": "15752000", "interestExpense": "76502000", "nonInterestIncome": "None", "otherNonOperatingIncome": "177488000", "depreciation": "None", "depreciationAndAmortization": "388704000", "incomeBeforeTax": "258367000", "incomeTaxExpense": "19576000", "interestAndDebtExpense": "None", "netIncomeFromContinuingOperations": "238791000", "comprehensiveIncomeNetOfTax": "None", "ebit": "334869000", "ebitda": "723573000", "netIncome": "237075000"}, {"fiscalDateEnding": "2022-06-30", "reportedCurrency": "USD", "grossProfit": "666771000", "totalRevenue": "1139322000", "costOfRevenue": "472551000", "costofGoodsAndServicesSold": "472551000", "operatingIncome": "170372000", "sellingGeneralAndAdministrative": "105776000", "researchAndDevelopment": "None", "operatingExpenses": "496399000", "investmentIncomeNet": "None", "netInterestIncome": "-56015000", "interestIncome": "13008000", "interestExpense": "69023000", "nonInterestIncome": "None", "otherNonOperatingIncome": "-21080000", "depreciation": "None", "depreciationAndAmortization": "376967000", "incomeBeforeTax": "80269000", "incomeTaxExpense": "16405999", "interestAndDebtExpense": "None", "netIncomeFromContinuingOperations": "63862000", "comprehensiveIncomeNetOfTax": "None", "ebit": "149292000", "ebitda": "526259000", "netIncome": "63427000"}, {"fiscalDateEnding": "2022-03-31", "reportedCurrency": "USD", "grossProfit": "641505000", "totalRevenue": "1127322000", "costOfRevenue": "485817000", "costofGoodsAndServicesSold": "485817000", "operatingIncome": "141235000", "sellingGeneralAndAdministrative": "98513000", "researchAndDevelopment": "None", "operatingExpenses": "500270000", "investmentIncomeNet": "None", "netInterestIncome": "-63674000", "interestIncome": "3051000", "interestExpense": "66725000", "nonInterestIncome": "None", "otherNonOperatingIncome": "15644000", "depreciation": "None", "depreciationAndAmortization": "382132000", "incomeBeforeTax": "90154000", "incomeTaxExpense": "13244000", "interestAndDebtExpense": "None", "netIncomeFromContinuingOperations": "76911000", "comprehensiveIncomeNetOfTax": "None", "ebit": "156879000", "ebitda": "539011000", "netIncome": "73281000"}, {"fiscalDateEnding": "2021-12-31", "reportedCurrency": "USD", "grossProfit": "645805000", "totalRevenue": "1111167000", "costOfRevenue": "465362000", "costofGoodsAndServicesSold": "465362000", "operatingIncome": "131497000", "sellingGeneralAndAdministrative": "104708000", "researchAndDevelopment": "None", "operatingExpenses": "514308000", "investmentIncomeNet": "None", "netInterestIncome": "-76111000", "interestIncome": "83825000", "interestExpense": "71762000", "nonInterestIncome": "None", "otherNonOperatingIncome": "1034623000", "depreciation": "None", "depreciationAndAmortization": "378883000", "incomeBeforeTax": "1094358000", "incomeTaxExpense": "3961000", "interestAndDebtExpense": "None", "netIncomeFromContinuingOperations": "1090397000", "comprehensiveIncomeNetOfTax": "None", "ebit": "1166120000", "ebitda": "1545003000", "netIncome": "1067810000"}, {"fiscalDateEnding": "2021-09-30", "reportedCurrency": "USD", "grossProfit": "666174000", "totalRevenue": "1133136000", "costOfRevenue": "466962000", "costofGoodsAndServicesSold": "466962000", "operatingIncome": "184365000", "sellingGeneralAndAdministrative": "98460000", "researchAndDevelopment": "None", "operatingExpenses": "481809000", "investmentIncomeNet": "None", "netInterestIncome": "-74364000", "interestIncome": "33480000", "interestExpense": "71417000", "nonInterestIncome": "None", "otherNonOperatingIncome": "37302000", "depreciation": "None", "depreciationAndAmortization": "369035000", "incomeBeforeTax": "150250000", "incomeTaxExpense": "13709000", "interestAndDebtExpense": "None", "netIncomeFromContinuingOperations": "136543000", "comprehensiveIncomeNetOfTax": "None", "ebit": "221667000", "ebitda": "590702000", "netIncome": "134275000"}, {"fiscalDateEnding": "2021-06-30", "reportedCurrency": "USD", "grossProfit": "661474000", "totalRevenue": "1093188000", "costOfRevenue": "431714000", "costofGoodsAndServicesSold": "431714000", "operatingIncome": "185628000", "sellingGeneralAndAdministrative": "97492000", "researchAndDevelopment": "None", "operatingExpenses": "475846000", "investmentIncomeNet": "None", "netInterestIncome": "-64890000", "interestIncome": "10124000", "interestExpense": "75014000", "nonInterestIncome": "None", "otherNonOperatingIncome": "62766000", "depreciation": "None", "depreciationAndAmortization": "368981000", "incomeBeforeTax": "173380000", "incomeTaxExpense": "47582000", "interestAndDebtExpense": "None", "netIncomeFromContinuingOperations": "125797000", "comprehensiveIncomeNetOfTax": "None", "ebit": "248394000", "ebitda": "617375000", "netIncome": "121254000"}, {"fiscalDateEnding": "2021-03-31", "reportedCurrency": "USD", "grossProfit": "676109000", "totalRevenue": "1090391000", "costOfRevenue": "414282000", "costofGoodsAndServicesSold": "414282000", "operatingIncome": "192519000", "sellingGeneralAndAdministrative": "99994000", "researchAndDevelopment": "None", "operatingExpenses": "483590000", "investmentIncomeNet": "None", "netInterestIncome": "-82839000", "interestIncome": "105870000", "interestExpense": "82839000", "nonInterestIncome": "None", "otherNonOperatingIncome": "285357000", "depreciation": "None", "depreciationAndAmortization": "369733000", "incomeBeforeTax": "402223000", "incomeTaxExpense": "7547000", "interestAndDebtExpense": "None", "netIncomeFromContinuingOperations": "394676000", "comprehensiveIncomeNetOfTax": "None", "ebit": "485062000", "ebitda": "854795000", "netIncome": "385920000"}, {"fiscalDateEnding": "2020-12-31", "reportedCurrency": "USD", "grossProfit": "642297000", "totalRevenue": "1062608999", "costOfRevenue": "420312000", "costofGoodsAndServicesSold": "420312000", "operatingIncome": "160263000", "sellingGeneralAndAdministrative": "102188000", "researchAndDevelopment": "None", "operatingExpenses": "482034000", "investmentIncomeNet": "None", "netInterestIncome": "-80595000", "interestIncome": "49540000", "interestExpense": "80595000", "nonInterestIncome": "None", "otherNonOperatingIncome": "-19585000", "depreciation": "None", "depreciationAndAmortization": "359915000", "incomeBeforeTax": "62830000", "incomeTaxExpense": "3322000", "interestAndDebtExpense": "None", "netIncomeFromContinuingOperations": "59508000", "comprehensiveIncomeNetOfTax": "None", "ebit": "140678000", "ebitda": "500593000", "netIncome": "57691000"}, {"fiscalDateEnding": "2020-09-30", "reportedCurrency": "USD", "grossProfit": "623330000", "totalRevenue": "1024667999", "costOfRevenue": "401338000", "costofGoodsAndServicesSold": "401338000", "operatingIncome": "144403000", "sellingGeneralAndAdministrative": "91352000", "researchAndDevelopment": "None", "operatingExpenses": "478927000", "investmentIncomeNet": "None", "netInterestIncome": "-85151000", "interestIncome": "87207000", "interestExpense": "89499000", "nonInterestIncome": "None", "otherNonOperatingIncome": "-40305000", "depreciation": "None", "depreciationAndAmortization": "365842000", "incomeBeforeTax": "14599000", "incomeTaxExpense": "16053000", "interestAndDebtExpense": "None", "netIncomeFromContinuingOperations": "-1454000", "comprehensiveIncomeNetOfTax": "None", "ebit": "104098000", "ebitda": "469940000", "netIncome": "-138000"}, {"fiscalDateEnding": "2020-06-30", "reportedCurrency": "USD", "grossProfit": "611907000", "totalRevenue": "992995000", "costOfRevenue": "381088000", "costofGoodsAndServicesSold": "381088000", "operatingIncome": "152811000", "sellingGeneralAndAdministrative": "94291000", "researchAndDevelopment": "None", "operatingExpenses": "459096000", "investmentIncomeNet": "None", "netInterestIncome": "-57711000", "interestIncome": "22163000", "interestExpense": "79874000", "nonInterestIncome": "None", "otherNonOperatingIncome": "14531000", "depreciation": "None", "depreciationAndAmortization": "349165000", "incomeBeforeTax": "87468000", "incomeTaxExpense": "11490000", "interestAndDebtExpense": "None", "netIncomeFromContinuingOperations": "75978000", "comprehensiveIncomeNetOfTax": "None", "ebit": "167342000", "ebitda": "516507000", "netIncome": "74831000"}, {"fiscalDateEnding": "2020-03-31", "reportedCurrency": "USD", "grossProfit": "511959000", "totalRevenue": "823337000", "costOfRevenue": "311378000", "costofGoodsAndServicesSold": "311378000", "operatingIncome": "100049000", "sellingGeneralAndAdministrative": "63538000", "researchAndDevelopment": "None", "operatingExpenses": "411910000", "investmentIncomeNet": "None", "netInterestIncome": "-89342000", "interestIncome": "3542000", "interestExpense": "89342000", "nonInterestIncome": "None", "otherNonOperatingIncome": "221631000", "depreciation": "None", "depreciationAndAmortization": "291457000", "incomeBeforeTax": "235880000", "incomeTaxExpense": "7182000", "interestAndDebtExpense": "None", "netIncomeFromContinuingOperations": "228698000", "comprehensiveIncomeNetOfTax": "None", "ebit": "325222000", "ebitda": "616679000", "netIncome": "224014000"}, {"fiscalDateEnding": "2019-12-31", "reportedCurrency": "USD", "grossProfit": "487706000", "totalRevenue": "787463000", "costOfRevenue": "299757000", "costofGoodsAndServicesSold": "299757000", "operatingIncome": "138933000", "sellingGeneralAndAdministrative": "54670000", "researchAndDevelopment": "None", "operatingExpenses": "348773000", "investmentIncomeNet": "None", "netInterestIncome": "-70146000", "interestIncome": "10734000", "interestExpense": "80880000", "nonInterestIncome": "None", "otherNonOperatingIncome": "289542000", "depreciation": "None", "depreciationAndAmortization": "275008000", "incomeBeforeTax": "347595000", "incomeTaxExpense": "-1731000", "interestAndDebtExpense": "None", "netIncomeFromContinuingOperations": "349326000", "comprehensiveIncomeNetOfTax": "None", "ebit": "428475000", "ebitda": "703483000", "netIncome": "336284000"}, {"fiscalDateEnding": "2019-09-30", "reportedCurrency": "USD", "grossProfit": "505677000", "totalRevenue": "806466000", "costOfRevenue": "300789000", "costofGoodsAndServicesSold": "300789000", "operatingIncome": "164767000", "sellingGeneralAndAdministrative": "49985000", "researchAndDevelopment": "None", "operatingExpenses": "340910000", "investmentIncomeNet": "None", "netInterestIncome": "-67732000", "interestIncome": "16842000", "interestExpense": "84574000", "nonInterestIncome": "None", "otherNonOperatingIncome": "-7793000", "depreciation": "None", "depreciationAndAmortization": "286718000", "incomeBeforeTax": "72400000", "incomeTaxExpense": "4826000", "interestAndDebtExpense": "None", "netIncomeFromContinuingOperations": "67574000", "comprehensiveIncomeNetOfTax": "None", "ebit": "156974000", "ebitda": "443692000", "netIncome": "66497000"}, {"fiscalDateEnding": "2019-06-30", "reportedCurrency": "USD", "grossProfit": "503842000", "totalRevenue": "800797000", "costOfRevenue": "296955000", "costofGoodsAndServicesSold": "296955000", "operatingIncome": "148972000", "sellingGeneralAndAdministrative": "52983000", "researchAndDevelopment": "None", "operatingExpenses": "354870000", "investmentIncomeNet": "None", "netInterestIncome": "-69071000", "interestIncome": "16980000", "interestExpense": "86051000", "nonInterestIncome": "None", "otherNonOperatingIncome": "3037000", "depreciation": "None", "depreciationAndAmortization": "290562000", "incomeBeforeTax": "65958000", "incomeTaxExpense": "4634000", "interestAndDebtExpense": "None", "netIncomeFromContinuingOperations": "61324000", "comprehensiveIncomeNetOfTax": "None", "ebit": "152009000", "ebitda": "442571000", "netIncome": "60168000"}, {"fiscalDateEnding": "2019-03-31", "reportedCurrency": "USD", "grossProfit": "519255000", "totalRevenue": "814515000", "costOfRevenue": "295260000", "costofGoodsAndServicesSold": "295260000", "operatingIncome": "141543000", "sellingGeneralAndAdministrative": "53459000", "researchAndDevelopment": "None", "operatingExpenses": "377712000", "investmentIncomeNet": "None", "netInterestIncome": "-80108000", "interestIncome": "70891000", "interestExpense": "101552000", "nonInterestIncome": "None", "otherNonOperatingIncome": "85272000", "depreciation": "None", "depreciationAndAmortization": "311486000", "incomeBeforeTax": "125263000", "incomeTaxExpense": "4266000", "interestAndDebtExpense": "None", "netIncomeFromContinuingOperations": "120997000", "comprehensiveIncomeNetOfTax": "None", "ebit": "226815000", "ebitda": "538301000", "netIncome": "116812000"}, {"fiscalDateEnding": "2018-12-31", "reportedCurrency": "USD", "grossProfit": "491037000", "totalRevenue": "778267000", "costOfRevenue": "287230000", "costofGoodsAndServicesSold": "287230000", "operatingIncome": "122847000", "sellingGeneralAndAdministrative": "41815000", "researchAndDevelopment": "0", "operatingExpenses": "368190000", "investmentIncomeNet": "None", "netInterestIncome": "None", "interestIncome": "None", "interestExpense": "84883000", "nonInterestIncome": "None", "otherNonOperatingIncome": "8790000", "depreciation": "None", "depreciationAndAmortization": "299362000", "incomeBeforeTax": "46754000", "incomeTaxExpense": "-5843000", "interestAndDebtExpense": "None", "netIncomeFromContinuingOperations": "52597000", "comprehensiveIncomeNetOfTax": "None", "ebit": "131637000", "ebitda": "430999000", "netIncome": "51559000"}, {"fiscalDateEnding": "2018-09-30", "reportedCurrency": "USD", "grossProfit": "485429000", "totalRevenue": "768924000", "costOfRevenue": "283495000", "costofGoodsAndServicesSold": "283495000", "operatingIncome": "139065000", "sellingGeneralAndAdministrative": "41642000", "researchAndDevelopment": "0", "operatingExpenses": "346364000", "investmentIncomeNet": "None", "netInterestIncome": "None", "interestIncome": "None", "interestExpense": "81832000", "nonInterestIncome": "None", "otherNonOperatingIncome": "34482000", "depreciation": "None", "depreciationAndAmortization": "293957000", "incomeBeforeTax": "92696000", "incomeTaxExpense": "2432000", "interestAndDebtExpense": "None", "netIncomeFromContinuingOperations": "90264000", "comprehensiveIncomeNetOfTax": "None", "ebit": "174528000", "ebitda": "468485000", "netIncome": "87597000"}, {"fiscalDateEnding": "2018-06-30", "reportedCurrency": "USD", "grossProfit": "494707000", "totalRevenue": "754919000", "costOfRevenue": "260212000", "costofGoodsAndServicesSold": "260212000", "operatingIncome": "144062000", "sellingGeneralAndAdministrative": "46099000", "researchAndDevelopment": "0", "operatingExpenses": "350645000", "investmentIncomeNet": "None", "netInterestIncome": "None", "interestIncome": "None", "interestExpense": "78810000", "nonInterestIncome": "None", "otherNonOperatingIncome": "25028000", "depreciation": "None", "depreciationAndAmortization": "298788000", "incomeBeforeTax": "90280000", "incomeTaxExpense": "2121000", "interestAndDebtExpense": "None", "netIncomeFromContinuingOperations": "88159000", "comprehensiveIncomeNetOfTax": "None", "ebit": "169090000", "ebitda": "467878000", "netIncome": "85463000"}, {"fiscalDateEnding": "2018-03-31", "reportedCurrency": "USD", "grossProfit": "479734000", "totalRevenue": "744368000", "costOfRevenue": "264634000", "costofGoodsAndServicesSold": "264634000", "operatingIncome": "143813000", "sellingGeneralAndAdministrative": "36523000", "researchAndDevelopment": "0", "operatingExpenses": "335921000", "investmentIncomeNet": "None", "netInterestIncome": "None", "interestIncome": "None", "interestExpense": "77027000", "nonInterestIncome": "None", "otherNonOperatingIncome": "46641000", "depreciation": "None", "depreciationAndAmortization": "294789000", "incomeBeforeTax": "113469000", "incomeTaxExpense": "3374000", "interestAndDebtExpense": "None", "netIncomeFromContinuingOperations": "110095000", "comprehensiveIncomeNetOfTax": "None", "ebit": "190496000", "ebitda": "485285000", "netIncome": "106627000"}, {"fiscalDateEnding": "2017-12-31", "reportedCurrency": "USD", "grossProfit": "469597000", "totalRevenue": "731445000", "costOfRevenue": "261848000", "costofGoodsAndServicesSold": "261848000", "operatingIncome": "117198000", "sellingGeneralAndAdministrative": "48743000", "researchAndDevelopment": "0", "operatingExpenses": "352399000", "investmentIncomeNet": "None", "netInterestIncome": "None", "interestIncome": "None", "interestExpense": "73989000", "nonInterestIncome": "None", "otherNonOperatingIncome": "36994000", "depreciation": "None", "depreciationAndAmortization": "287973000", "incomeBeforeTax": "80203000", "incomeTaxExpense": "545000", "interestAndDebtExpense": "None", "netIncomeFromContinuingOperations": "79658000", "comprehensiveIncomeNetOfTax": "None", "ebit": "154192000", "ebitda": "442165000", "netIncome": "73635000"}, {"fiscalDateEnding": "2017-09-30", "reportedCurrency": "USD", "grossProfit": "387278000", "totalRevenue": "609925000", "costOfRevenue": "222647000", "costofGoodsAndServicesSold": "222647000", "operatingIncome": "66157000", "sellingGeneralAndAdministrative": "46355000", "researchAndDevelopment": "0", "operatingExpenses": "321121000", "investmentIncomeNet": "None", "netInterestIncome": "None", "interestIncome": "None", "interestExpense": "71621000", "nonInterestIncome": "None", "otherNonOperatingIncome": "20433000", "depreciation": "None", "depreciationAndAmortization": "199914000", "incomeBeforeTax": "14969000", "incomeTaxExpense": "2494000", "interestAndDebtExpense": "None", "netIncomeFromContinuingOperations": "12475000", "comprehensiveIncomeNetOfTax": "None", "ebit": "86590000", "ebitda": "286504000", "netIncome": "12435000"}, {"fiscalDateEnding": "2017-06-30", "reportedCurrency": "USD", "grossProfit": "363112000", "totalRevenue": "565989000", "costOfRevenue": "202877000", "costofGoodsAndServicesSold": "202877000", "operatingIncome": "130657000", "sellingGeneralAndAdministrative": "40085000", "researchAndDevelopment": "0", "operatingExpenses": "232455000", "investmentIncomeNet": "None", "netInterestIncome": "None", "interestIncome": "None", "interestExpense": "57582000", "nonInterestIncome": "None", "otherNonOperatingIncome": "9135000", "depreciation": "None", "depreciationAndAmortization": "178111000", "incomeBeforeTax": "82210000", "incomeTaxExpense": "2639000", "interestAndDebtExpense": "None", "netIncomeFromContinuingOperations": "79571000", "comprehensiveIncomeNetOfTax": "None", "ebit": "139792000", "ebitda": "317903000", "netIncome": "78651000"}, {"fiscalDateEnding": "2017-03-31", "reportedCurrency": "USD", "grossProfit": "354311000", "totalRevenue": "550569000", "costOfRevenue": "196258000", "costofGoodsAndServicesSold": "196258000", "operatingIncome": "137283000", "sellingGeneralAndAdministrative": "37239000", "researchAndDevelopment": "0", "operatingExpenses": "217028000", "investmentIncomeNet": "None", "netInterestIncome": "None", "interestIncome": "None", "interestExpense": "55450000", "nonInterestIncome": "None", "otherNonOperatingIncome": "4953000", "depreciation": "None", "depreciationAndAmortization": "176466000", "incomeBeforeTax": "86786000", "incomeTaxExpense": "2223000", "interestAndDebtExpense": "None", "netIncomeFromContinuingOperations": "84563000", "comprehensiveIncomeNetOfTax": "None", "ebit": "142236000", "ebitda": "318702000", "netIncome": "83538000"}, {"fiscalDateEnding": "2016-12-31", "reportedCurrency": "USD", "grossProfit": "380422000", "totalRevenue": "576787000", "costOfRevenue": "196365000", "costofGoodsAndServicesSold": "196365000", "operatingIncome": "151122000", "sellingGeneralAndAdministrative": "43522000", "researchAndDevelopment": "0", "operatingExpenses": "229300000", "investmentIncomeNet": "None", "netInterestIncome": "None", "interestIncome": "None", "interestExpense": "57196000", "nonInterestIncome": "None", "otherNonOperatingIncome": "None", "depreciation": "None", "depreciationAndAmortization": "176581000", "incomeBeforeTax": "98444000", "incomeTaxExpense": "2304000", "interestAndDebtExpense": "None", "netIncomeFromContinuingOperations": "179142000", "comprehensiveIncomeNetOfTax": "None", "ebit": "155640000", "ebitda": "332221000", "netIncome": "95075000"}, {"fiscalDateEnding": "2016-09-30", "reportedCurrency": "USD", "grossProfit": "348481000", "totalRevenue": "546293000", "costOfRevenue": "197812000", "costofGoodsAndServicesSold": "197812000", "operatingIncome": "115750000", "sellingGeneralAndAdministrative": "48605000", "researchAndDevelopment": "0", "operatingExpenses": "232731000", "investmentIncomeNet": "None", "netInterestIncome": "None", "interestIncome": "None", "interestExpense": "63084000", "nonInterestIncome": "None", "otherNonOperatingIncome": "173489000", "depreciation": "None", "depreciationAndAmortization": "178133000", "incomeBeforeTax": "226155000", "incomeTaxExpense": "3720000", "interestAndDebtExpense": "None", "netIncomeFromContinuingOperations": "222435000", "comprehensiveIncomeNetOfTax": "None", "ebit": "289239000", "ebitda": "467372000", "netIncome": "219188000"}, {"fiscalDateEnding": "2016-06-30", "reportedCurrency": "USD", "grossProfit": "327937000", "totalRevenue": "514934000", "costOfRevenue": "186997000", "costofGoodsAndServicesSold": "186997000", "operatingIncome": "112298000", "sellingGeneralAndAdministrative": "36430000", "researchAndDevelopment": "0", "operatingExpenses": "215639000", "investmentIncomeNet": "None", "netInterestIncome": "None", "interestIncome": "None", "interestExpense": "63234000", "nonInterestIncome": "None", "otherNonOperatingIncome": "807000", "depreciation": "None", "depreciationAndAmortization": "175594000", "incomeBeforeTax": "53196000", "incomeTaxExpense": "2252000", "interestAndDebtExpense": "None", "netIncomeFromContinuingOperations": "50944000", "comprehensiveIncomeNetOfTax": "None", "ebit": "116430000", "ebitda": "292024000", "netIncome": "50375000"}, {"fiscalDateEnding": "2016-03-31", "reportedCurrency": "USD", "grossProfit": "322700000", "totalRevenue": "504199000", "costOfRevenue": "181499000", "costofGoodsAndServicesSold": "181499000", "operatingIncome": "118116000", "sellingGeneralAndAdministrative": "33668000", "researchAndDevelopment": "0", "operatingExpenses": "204584000", "investmentIncomeNet": "None", "netInterestIncome": "None", "interestIncome": "None", "interestExpense": "57885000", "nonInterestIncome": "None", "otherNonOperatingIncome": "3587000", "depreciation": "None", "depreciationAndAmortization": "169016000", "incomeBeforeTax": "64442000", "incomeTaxExpense": "2109000", "interestAndDebtExpense": "None", "netIncomeFromContinuingOperations": "62333000", "comprehensiveIncomeNetOfTax": "None", "ebit": "122327000", "ebitda": "291343000", "netIncome": "61549000"}, {"fiscalDateEnding": "2015-12-31", "reportedCurrency": "USD", "grossProfit": "316726000", "totalRevenue": "500443000", "costOfRevenue": "183717000", "costofGoodsAndServicesSold": "183717000", "operatingIncome": "41410000", "sellingGeneralAndAdministrative": "38347000", "researchAndDevelopment": "0", "operatingExpenses": "275316000", "investmentIncomeNet": "None", "netInterestIncome": "None", "interestIncome": "None", "interestExpense": "61219000", "nonInterestIncome": "None", "otherNonOperatingIncome": "4141000", "depreciation": "None", "depreciationAndAmortization": "172956000", "incomeBeforeTax": "-16305000", "incomeTaxExpense": "268000", "interestAndDebtExpense": "None", "netIncomeFromContinuingOperations": "-16573000", "comprehensiveIncomeNetOfTax": "None", "ebit": "45053000", "ebitda": "218009000", "netIncome": "-15983000"}, {"fiscalDateEnding": "2015-09-30", "reportedCurrency": "USD", "grossProfit": "275498000", "totalRevenue": "435989000", "costOfRevenue": "160491000", "costofGoodsAndServicesSold": "160491000", "operatingIncome": "104130000", "sellingGeneralAndAdministrative": "24895000", "researchAndDevelopment": "0", "operatingExpenses": "171368000", "investmentIncomeNet": "None", "netInterestIncome": "None", "interestIncome": "None", "interestExpense": "48496000", "nonInterestIncome": "None", "otherNonOperatingIncome": "3604000", "depreciation": "None", "depreciationAndAmortization": "136974000", "incomeBeforeTax": "59596000", "incomeTaxExpense": "1754000", "interestAndDebtExpense": "None", "netIncomeFromContinuingOperations": "57842000", "comprehensiveIncomeNetOfTax": "None", "ebit": "108092000", "ebitda": "245066000", "netIncome": "56978000"}, {"fiscalDateEnding": "2015-06-30", "reportedCurrency": "USD", "grossProfit": "269856000", "totalRevenue": "420295000", "costOfRevenue": "150439000", "costofGoodsAndServicesSold": "150439000", "operatingIncome": "107053000", "sellingGeneralAndAdministrative": "27767000", "researchAndDevelopment": "0", "operatingExpenses": "162803000", "investmentIncomeNet": "None", "netInterestIncome": "None", "interestIncome": "None", "interestExpense": "46345000", "nonInterestIncome": "None", "otherNonOperatingIncome": "79673000", "depreciation": "None", "depreciationAndAmortization": "131524000", "incomeBeforeTax": "140612000", "incomeTaxExpense": "2615000", "interestAndDebtExpense": "None", "netIncomeFromContinuingOperations": "137997000", "comprehensiveIncomeNetOfTax": "None", "ebit": "186957000", "ebitda": "318481000", "netIncome": "117055000"}, {"fiscalDateEnding": "2015-03-31", "reportedCurrency": "USD", "grossProfit": "258783000", "totalRevenue": "406609000", "costOfRevenue": "147826000", "costofGoodsAndServicesSold": "147826000", "operatingIncome": "149318000", "sellingGeneralAndAdministrative": "23349000", "researchAndDevelopment": "0", "operatingExpenses": "109465000", "investmentIncomeNet": "None", "netInterestIncome": "None", "interestIncome": "None", "interestExpense": "47756000", "nonInterestIncome": "None", "otherNonOperatingIncome": "20148000", "depreciation": "None", "depreciationAndAmortization": "129073000", "incomeBeforeTax": "124000000", "incomeTaxExpense": "1675000", "interestAndDebtExpense": "None", "netIncomeFromContinuingOperations": "122325000", "comprehensiveIncomeNetOfTax": "None", "ebit": "171756000", "ebitda": "300829000", "netIncome": "101728000"}, {"fiscalDateEnding": "2014-12-31", "reportedCurrency": "USD", "grossProfit": "261576000", "totalRevenue": "412216000", "costOfRevenue": "150640000", "costofGoodsAndServicesSold": "150640000", "operatingIncome": "-6166000", "sellingGeneralAndAdministrative": "23660000", "researchAndDevelopment": "0", "operatingExpenses": "267742000", "investmentIncomeNet": "None", "netInterestIncome": "None", "interestIncome": "None", "interestExpense": "46396000", "nonInterestIncome": "None", "otherNonOperatingIncome": "3023000", "depreciation": "None", "depreciationAndAmortization": "133327000", "incomeBeforeTax": "-33594000", "incomeTaxExpense": "1201000", "interestAndDebtExpense": "None", "netIncomeFromContinuingOperations": "-50740000", "comprehensiveIncomeNetOfTax": "None", "ebit": "12802000", "ebitda": "146129000", "netIncome": "-33834000"}, {"fiscalDateEnding": "2014-09-30", "reportedCurrency": "USD", "grossProfit": "255527000", "totalRevenue": "412186000", "costOfRevenue": "156659000", "costofGoodsAndServicesSold": "156659000", "operatingIncome": "82372000", "sellingGeneralAndAdministrative": "22854000", "researchAndDevelopment": "0", "operatingExpenses": "173155000", "investmentIncomeNet": "None", "netInterestIncome": "None", "interestIncome": "None", "interestExpense": "48169000", "nonInterestIncome": "None", "otherNonOperatingIncome": "3638000", "depreciation": "None", "depreciationAndAmortization": "137474000", "incomeBeforeTax": "131339000", "incomeTaxExpense": "1178000", "interestAndDebtExpense": "None", "netIncomeFromContinuingOperations": "36663000", "comprehensiveIncomeNetOfTax": "None", "ebit": "179508000", "ebitda": "316982000", "netIncome": "109314000"}, {"fiscalDateEnding": "2014-06-30", "reportedCurrency": "USD", "grossProfit": "254055000", "totalRevenue": "401446000", "costOfRevenue": "147391000", "costofGoodsAndServicesSold": "147391000", "operatingIncome": "92453000", "sellingGeneralAndAdministrative": "22217000", "researchAndDevelopment": "0", "operatingExpenses": "161602000", "investmentIncomeNet": "None", "netInterestIncome": "None", "interestIncome": "None", "interestExpense": "49229000", "nonInterestIncome": "None", "otherNonOperatingIncome": "19046000", "depreciation": "None", "depreciationAndAmortization": "137092000", "incomeBeforeTax": "62353000", "incomeTaxExpense": "1021000", "interestAndDebtExpense": "None", "netIncomeFromContinuingOperations": "61332000", "comprehensiveIncomeNetOfTax": "None", "ebit": "111582000", "ebitda": "248674000", "netIncome": "60339000"}, {"fiscalDateEnding": "2014-03-31", "reportedCurrency": "USD", "grossProfit": "250569000", "totalRevenue": "390590000", "costOfRevenue": "140021000", "costofGoodsAndServicesSold": "140021000", "operatingIncome": "90007000", "sellingGeneralAndAdministrative": "33100000", "researchAndDevelopment": "0", "operatingExpenses": "160562000", "investmentIncomeNet": "None", "netInterestIncome": "None", "interestIncome": "None", "interestExpense": "47374000", "nonInterestIncome": "None", "otherNonOperatingIncome": "4016000", "depreciation": "None", "depreciationAndAmortization": "130620000", "incomeBeforeTax": "48555000", "incomeTaxExpense": "1838000", "interestAndDebtExpense": "None", "netIncomeFromContinuingOperations": "44811000", "comprehensiveIncomeNetOfTax": "None", "ebit": "95929000", "ebitda": "226549000", "netIncome": "45912000"}, {"fiscalDateEnding": "2013-12-31", "reportedCurrency": "USD", "grossProfit": "243638000", "totalRevenue": "380931000", "costOfRevenue": "137293000", "costofGoodsAndServicesSold": "137293000", "operatingIncome": "98055000", "sellingGeneralAndAdministrative": "17692000", "researchAndDevelopment": "0", "operatingExpenses": "145583000", "investmentIncomeNet": "None", "netInterestIncome": "None", "interestIncome": "None", "interestExpense": "45904000", "nonInterestIncome": "None", "otherNonOperatingIncome": "2580000", "depreciation": "None", "depreciationAndAmortization": "126776000", "incomeBeforeTax": "55194000", "incomeTaxExpense": "-473000", "interestAndDebtExpense": "None", "netIncomeFromContinuingOperations": "55112000", "comprehensiveIncomeNetOfTax": "None", "ebit": "101098000", "ebitda": "227874000", "netIncome": "42977000"}, {"fiscalDateEnding": "2013-09-30", "reportedCurrency": "USD", "grossProfit": "224097000", "totalRevenue": "379456000", "costOfRevenue": "155359000", "costofGoodsAndServicesSold": "155359000", "operatingIncome": "85177000", "sellingGeneralAndAdministrative": "18419000", "researchAndDevelopment": "0", "operatingExpenses": "138920000", "investmentIncomeNet": "None", "netInterestIncome": "None", "interestIncome": "None", "interestExpense": "47869000", "nonInterestIncome": "None", "otherNonOperatingIncome": "1343000", "depreciation": "None", "depreciationAndAmortization": "121198000", "incomeBeforeTax": "153832000", "incomeTaxExpense": "352000", "interestAndDebtExpense": "None", "netIncomeFromContinuingOperations": "38426000", "comprehensiveIncomeNetOfTax": "None", "ebit": "201701000", "ebitda": "322899000", "netIncome": "138872000"}, {"fiscalDateEnding": "2013-06-30", "reportedCurrency": "USD", "grossProfit": "237128000", "totalRevenue": "363502000", "costOfRevenue": "126374000", "costofGoodsAndServicesSold": "126374000", "operatingIncome": "99994000", "sellingGeneralAndAdministrative": "20129000", "researchAndDevelopment": "0", "operatingExpenses": "137134000", "investmentIncomeNet": "None", "netInterestIncome": "None", "interestIncome": "None", "interestExpense": "47589000", "nonInterestIncome": "None", "otherNonOperatingIncome": "1823000", "depreciation": "None", "depreciationAndAmortization": "115867000", "incomeBeforeTax": "59831000", "incomeTaxExpense": "210000", "interestAndDebtExpense": "None", "netIncomeFromContinuingOperations": "54024000", "comprehensiveIncomeNetOfTax": "None", "ebit": "107420000", "ebitda": "223287000", "netIncome": "47077000"}, {"fiscalDateEnding": "2013-03-31", "reportedCurrency": "USD", "grossProfit": "231464000", "totalRevenue": "358370000", "costOfRevenue": "126906000", "costofGoodsAndServicesSold": "126906000", "operatingIncome": "98586000", "sellingGeneralAndAdministrative": "18156000", "researchAndDevelopment": "0", "operatingExpenses": "132878000", "investmentIncomeNet": "None", "netInterestIncome": "None", "interestIncome": "None", "interestExpense": "48078000", "nonInterestIncome": "None", "otherNonOperatingIncome": "2376000", "depreciation": "None", "depreciationAndAmortization": "111623000", "incomeBeforeTax": "52884000", "incomeTaxExpense": "1203000", "interestAndDebtExpense": "None", "netIncomeFromContinuingOperations": "51681000", "comprehensiveIncomeNetOfTax": "None", "ebit": "100962000", "ebitda": "212585000", "netIncome": "42657000"}, {"fiscalDateEnding": "2012-12-31", "reportedCurrency": "USD", "grossProfit": "223775000", "totalRevenue": "349736000", "costOfRevenue": "125961000", "costofGoodsAndServicesSold": "125961000", "operatingIncome": "94638000", "sellingGeneralAndAdministrative": "10299000", "researchAndDevelopment": "0", "operatingExpenses": "129137000", "investmentIncomeNet": "None", "netInterestIncome": "None", "interestIncome": "None", "interestExpense": "40350000", "nonInterestIncome": "None", "otherNonOperatingIncome": "None", "depreciation": "None", "depreciationAndAmortization": "107718000", "incomeBeforeTax": "55905000", "incomeTaxExpense": "10000", "interestAndDebtExpense": "None", "netIncomeFromContinuingOperations": "0", "comprehensiveIncomeNetOfTax": "None", "ebit": "95952000", "ebitda": "203670000", "netIncome": "44815000"}, {"fiscalDateEnding": "2012-09-30", "reportedCurrency": "USD", "grossProfit": "217214000", "totalRevenue": "342479000", "costOfRevenue": "125265000", "costofGoodsAndServicesSold": "125265000", "operatingIncome": "97075000", "sellingGeneralAndAdministrative": "16872000", "researchAndDevelopment": "0", "operatingExpenses": "120139000", "investmentIncomeNet": "None", "netInterestIncome": "None", "interestIncome": "None", "interestExpense": "41047000", "nonInterestIncome": "None", "otherNonOperatingIncome": "None", "depreciation": "None", "depreciationAndAmortization": "101840000", "incomeBeforeTax": "57631000", "incomeTaxExpense": "710000", "interestAndDebtExpense": "None", "netIncomeFromContinuingOperations": "0", "comprehensiveIncomeNetOfTax": "None", "ebit": "98678000", "ebitda": "200518000", "netIncome": "45615000"}, {"fiscalDateEnding": "2012-06-30", "reportedCurrency": "USD", "grossProfit": "199763000", "totalRevenue": "303704000", "costOfRevenue": "103941000", "costofGoodsAndServicesSold": "103941000", "operatingIncome": "88449000", "sellingGeneralAndAdministrative": "17369000", "researchAndDevelopment": "0", "operatingExpenses": "111314000", "investmentIncomeNet": "None", "netInterestIncome": "None", "interestIncome": "None", "interestExpense": "37681000", "nonInterestIncome": "None", "otherNonOperatingIncome": "None", "depreciation": "None", "depreciationAndAmortization": "89000000", "incomeBeforeTax": "55174000", "incomeTaxExpense": "1206000", "interestAndDebtExpense": "None", "netIncomeFromContinuingOperations": "0", "comprehensiveIncomeNetOfTax": "None", "ebit": "92855000", "ebitda": "181855000", "netIncome": "42021000"}, {"fiscalDateEnding": "2012-03-31", "reportedCurrency": "USD", "grossProfit": "187068000", "totalRevenue": "283148000", "costOfRevenue": "96080000", "costofGoodsAndServicesSold": "96080000", "operatingIncome": "85916000", "sellingGeneralAndAdministrative": "16480000", "researchAndDevelopment": "0", "operatingExpenses": "101152000", "investmentIncomeNet": "None", "netInterestIncome": "None", "interestIncome": "None", "interestExpense": "38030000", "nonInterestIncome": "None", "otherNonOperatingIncome": "None", "depreciation": "None", "depreciationAndAmortization": "83995000", "incomeBeforeTax": "49984000", "incomeTaxExpense": "721000", "interestAndDebtExpense": "None", "netIncomeFromContinuingOperations": "0", "comprehensiveIncomeNetOfTax": "None", "ebit": "88014000", "ebitda": "172009000", "netIncome": "39211000"}, {"fiscalDateEnding": "2011-12-31", "reportedCurrency": "USD", "grossProfit": "177068000", "totalRevenue": "270612000", "costOfRevenue": "93544000", "costofGoodsAndServicesSold": "93544000", "operatingIncome": "81299000", "sellingGeneralAndAdministrative": "15157000", "researchAndDevelopment": "0", "operatingExpenses": "95769000", "investmentIncomeNet": "None", "netInterestIncome": "None", "interestIncome": "None", "interestExpense": "36856000", "nonInterestIncome": "None", "otherNonOperatingIncome": "None", "depreciation": "None", "depreciationAndAmortization": "78339000", "incomeBeforeTax": "46033000", "incomeTaxExpense": "-1164000", "interestAndDebtExpense": "None", "netIncomeFromContinuingOperations": "0", "comprehensiveIncomeNetOfTax": "None", "ebit": "85162000", "ebitda": "163501000", "netIncome": "35990000"}, {"fiscalDateEnding": "2011-09-30", "reportedCurrency": "USD", "grossProfit": "170866000", "totalRevenue": "273476000", "costOfRevenue": "102610000", "costofGoodsAndServicesSold": "102610000", "operatingIncome": "71626000", "sellingGeneralAndAdministrative": "20193000", "researchAndDevelopment": "0", "operatingExpenses": "99240000", "investmentIncomeNet": "None", "netInterestIncome": "None", "interestIncome": "None", "interestExpense": "37078000", "nonInterestIncome": "None", "otherNonOperatingIncome": "3602000", "depreciation": "None", "depreciationAndAmortization": "79047000", "incomeBeforeTax": "38150000", "incomeTaxExpense": "461000", "interestAndDebtExpense": "None", "netIncomeFromContinuingOperations": "37689000", "comprehensiveIncomeNetOfTax": "None", "ebit": "78907000", "ebitda": "157954000", "netIncome": "27472000"}, {"fiscalDateEnding": "2011-06-30", "reportedCurrency": "USD", "grossProfit": "184345000", "totalRevenue": "267881000", "costOfRevenue": "83536000", "costofGoodsAndServicesSold": "83536000", "operatingIncome": "76720000", "sellingGeneralAndAdministrative": "16815000", "researchAndDevelopment": "0", "operatingExpenses": "107625000", "investmentIncomeNet": "None", "netInterestIncome": "None", "interestIncome": "None", "interestExpense": "39334000", "nonInterestIncome": "None", "otherNonOperatingIncome": "1075000", "depreciation": "None", "depreciationAndAmortization": "76848000", "incomeBeforeTax": "38824000", "incomeTaxExpense": "233000", "interestAndDebtExpense": "None", "netIncomeFromContinuingOperations": "38228000", "comprehensiveIncomeNetOfTax": "None", "ebit": "77795000", "ebitda": "154643000", "netIncome": "31990000"}, {"fiscalDateEnding": "2011-03-31", "reportedCurrency": "USD", "grossProfit": "177281000", "totalRevenue": "250741000", "costOfRevenue": "73460000", "costofGoodsAndServicesSold": "73460000", "operatingIncome": "74665000", "sellingGeneralAndAdministrative": "14456000", "researchAndDevelopment": "0", "operatingExpenses": "102616000", "investmentIncomeNet": "None", "netInterestIncome": "None", "interestIncome": "None", "interestExpense": "36082000", "nonInterestIncome": "None", "otherNonOperatingIncome": "None", "depreciation": "None", "depreciationAndAmortization": "73918000", "incomeBeforeTax": "39440000", "incomeTaxExpense": "428000", "interestAndDebtExpense": "None", "netIncomeFromContinuingOperations": "-1400000", "comprehensiveIncomeNetOfTax": "None", "ebit": "75522000", "ebitda": "149440000", "netIncome": "30980000"}, {"fiscalDateEnding": "2010-12-31", "reportedCurrency": "USD", "grossProfit": "163776000", "totalRevenue": "238672000", "costOfRevenue": "74896000", "costofGoodsAndServicesSold": "74896000", "operatingIncome": "72560000", "sellingGeneralAndAdministrative": "14833000", "researchAndDevelopment": "0", "operatingExpenses": "91216000", "investmentIncomeNet": "None", "netInterestIncome": "None", "interestIncome": "None", "interestExpense": "36583000", "nonInterestIncome": "None", "otherNonOperatingIncome": "None", "depreciation": "None", "depreciationAndAmortization": "74569000", "incomeBeforeTax": "36556000", "incomeTaxExpense": "258000", "interestAndDebtExpense": "None", "netIncomeFromContinuingOperations": "0", "comprehensiveIncomeNetOfTax": "None", "ebit": "74953000", "ebitda": "149522000", "netIncome": "35221000"}, {"fiscalDateEnding": "2010-09-30", "reportedCurrency": "USD", "grossProfit": "149300000", "totalRevenue": "237486000", "costOfRevenue": "88186000", "costofGoodsAndServicesSold": "88186000", "operatingIncome": "60401000", "sellingGeneralAndAdministrative": "18712000", "researchAndDevelopment": "0", "operatingExpenses": "88899000", "investmentIncomeNet": "None", "netInterestIncome": "None", "interestIncome": "None", "interestExpense": "36737000", "nonInterestIncome": "None", "otherNonOperatingIncome": "None", "depreciation": "None", "depreciationAndAmortization": "70128000", "incomeBeforeTax": "25052000", "incomeTaxExpense": "343000", "interestAndDebtExpense": "None", "netIncomeFromContinuingOperations": "0", "comprehensiveIncomeNetOfTax": "None", "ebit": "60706000", "ebitda": "130834000", "netIncome": "23036000"}, {"fiscalDateEnding": "2010-06-30", "reportedCurrency": "USD", "grossProfit": "143058000", "totalRevenue": "197464000", "costOfRevenue": "54406000", "costofGoodsAndServicesSold": "54406000", "operatingIncome": "54150000", "sellingGeneralAndAdministrative": "16135000", "researchAndDevelopment": "0", "operatingExpenses": "88908000", "investmentIncomeNet": "None", "netInterestIncome": "None", "interestIncome": "None", "interestExpense": "33162000", "nonInterestIncome": "None", "otherNonOperatingIncome": "None", "depreciation": "None", "depreciationAndAmortization": "59860000", "incomeBeforeTax": "20436000", "incomeTaxExpense": "534000", "interestAndDebtExpense": "None", "netIncomeFromContinuingOperations": "0", "comprehensiveIncomeNetOfTax": "None", "ebit": "67389000", "ebitda": "127249000", "netIncome": "19192000"}, {"fiscalDateEnding": "2010-03-31", "reportedCurrency": "USD", "grossProfit": "138537000", "totalRevenue": "191779000", "costOfRevenue": "53242000", "costofGoodsAndServicesSold": "53242000", "operatingIncome": "55195000", "sellingGeneralAndAdministrative": "12254000", "researchAndDevelopment": "0", "operatingExpenses": "83342000", "investmentIncomeNet": "None", "netInterestIncome": "None", "interestIncome": "None", "interestExpense": "30902000", "nonInterestIncome": "None", "otherNonOperatingIncome": "None", "depreciation": "None", "depreciationAndAmortization": "57532000", "incomeBeforeTax": "26302000", "incomeTaxExpense": "716000", "interestAndDebtExpense": "None", "netIncomeFromContinuingOperations": "0", "comprehensiveIncomeNetOfTax": "None", "ebit": "57204000", "ebitda": "114736000", "netIncome": "24845000"}, {"fiscalDateEnding": "2009-12-31", "reportedCurrency": "USD", "grossProfit": "115339000", "totalRevenue": "169774000", "costOfRevenue": "54435000", "costofGoodsAndServicesSold": "54435000", "operatingIncome": "50084000", "sellingGeneralAndAdministrative": "13035000", "researchAndDevelopment": "0", "operatingExpenses": "65255000", "investmentIncomeNet": "None", "netInterestIncome": "None", "interestIncome": "None", "interestExpense": "24451000", "nonInterestIncome": "None", "otherNonOperatingIncome": "None", "depreciation": "None", "depreciationAndAmortization": "50296000", "incomeBeforeTax": "24874000", "incomeTaxExpense": "-23000", "interestAndDebtExpense": "None", "netIncomeFromContinuingOperations": "0", "comprehensiveIncomeNetOfTax": "None", "ebit": "51155000", "ebitda": "101451000", "netIncome": "24387000"}, {"fiscalDateEnding": "2009-09-30", "reportedCurrency": "USD", "grossProfit": "108654000", "totalRevenue": "163227000", "costOfRevenue": "54573000", "costofGoodsAndServicesSold": "54573000", "operatingIncome": "45656000", "sellingGeneralAndAdministrative": "12155000", "researchAndDevelopment": "0", "operatingExpenses": "62998000", "investmentIncomeNet": "None", "netInterestIncome": "None", "interestIncome": "None", "interestExpense": "22559000", "nonInterestIncome": "None", "otherNonOperatingIncome": "None", "depreciation": "None", "depreciationAndAmortization": "50439000", "incomeBeforeTax": "24278000", "incomeTaxExpense": "333000", "interestAndDebtExpense": "None", "netIncomeFromContinuingOperations": "0", "comprehensiveIncomeNetOfTax": "None", "ebit": "46837000", "ebitda": "97276000", "netIncome": "22507000"}, {"fiscalDateEnding": "2009-06-30", "reportedCurrency": "USD", "grossProfit": "103557000", "totalRevenue": "155007000", "costOfRevenue": "51450000", "costofGoodsAndServicesSold": "51450000", "operatingIncome": "42846000", "sellingGeneralAndAdministrative": "11528000", "researchAndDevelopment": "0", "operatingExpenses": "60711000", "investmentIncomeNet": "None", "netInterestIncome": "None", "interestIncome": "None", "interestExpense": "22495000", "nonInterestIncome": "None", "otherNonOperatingIncome": "None", "depreciation": "None", "depreciationAndAmortization": "49183000", "incomeBeforeTax": "21495000", "incomeTaxExpense": "292000", "interestAndDebtExpense": "None", "netIncomeFromContinuingOperations": "0", "comprehensiveIncomeNetOfTax": "None", "ebit": "43990000", "ebitda": "93173000", "netIncome": "20372000"}, {"fiscalDateEnding": "2009-03-31", "reportedCurrency": "USD", "grossProfit": "97350000", "totalRevenue": "149134000", "costOfRevenue": "51784000", "costofGoodsAndServicesSold": "51784000", "operatingIncome": "39203000", "sellingGeneralAndAdministrative": "11558000", "researchAndDevelopment": "0", "operatingExpenses": "58147000", "investmentIncomeNet": "None", "netInterestIncome": "None", "interestIncome": "None", "interestExpense": "18937000", "nonInterestIncome": "None", "otherNonOperatingIncome": "None", "depreciation": "None", "depreciationAndAmortization": "46304000", "incomeBeforeTax": "21625000", "incomeTaxExpense": "436000", "interestAndDebtExpense": "None", "netIncomeFromContinuingOperations": "0", "comprehensiveIncomeNetOfTax": "None", "ebit": "40562000", "ebitda": "86866000", "netIncome": "20396000"}, {"fiscalDateEnding": "2008-12-31", "reportedCurrency": "USD", "grossProfit": "97578000", "totalRevenue": "147106000", "costOfRevenue": "49528000", "costofGoodsAndServicesSold": "49528000", "operatingIncome": "40462000", "sellingGeneralAndAdministrative": "9906000", "researchAndDevelopment": "0", "operatingExpenses": "57116000", "investmentIncomeNet": "None", "netInterestIncome": "None", "interestIncome": "None", "interestExpense": "17083000", "nonInterestIncome": "None", "otherNonOperatingIncome": "None", "depreciation": "None", "depreciationAndAmortization": "45026000", "incomeBeforeTax": "25830000", "incomeTaxExpense": "9808000", "interestAndDebtExpense": "None", "netIncomeFromContinuingOperations": "0", "comprehensiveIncomeNetOfTax": "None", "ebit": "44940000", "ebitda": "89966000", "netIncome": "24538000"}, {"fiscalDateEnding": "2008-09-30", "reportedCurrency": "USD", "grossProfit": "93468000", "totalRevenue": "142016000", "costOfRevenue": "48548000", "costofGoodsAndServicesSold": "48548000", "operatingIncome": "33658000", "sellingGeneralAndAdministrative": "12513000", "researchAndDevelopment": "0", "operatingExpenses": "59810000", "investmentIncomeNet": "None", "netInterestIncome": "None", "interestIncome": "None", "interestExpense": "15716000", "nonInterestIncome": "None", "otherNonOperatingIncome": "None", "depreciation": "None", "depreciationAndAmortization": "46520000", "incomeBeforeTax": "19069000", "incomeTaxExpense": "15347000", "interestAndDebtExpense": "None", "netIncomeFromContinuingOperations": "0", "comprehensiveIncomeNetOfTax": "None", "ebit": "34317000", "ebitda": "80837000", "netIncome": "18185000"}, {"fiscalDateEnding": "2008-06-30", "reportedCurrency": "USD", "grossProfit": "79311000", "totalRevenue": "123776000", "costOfRevenue": "44465000", "costofGoodsAndServicesSold": "44465000", "operatingIncome": "28834000", "sellingGeneralAndAdministrative": "10884000", "researchAndDevelopment": "0", "operatingExpenses": "50477000", "investmentIncomeNet": "None", "netInterestIncome": "None", "interestIncome": "None", "interestExpense": "14956000", "nonInterestIncome": "None", "otherNonOperatingIncome": "None", "depreciation": "None", "depreciationAndAmortization": "39570000", "incomeBeforeTax": "14246000", "incomeTaxExpense": "14870000", "interestAndDebtExpense": "None", "netIncomeFromContinuingOperations": "0", "comprehensiveIncomeNetOfTax": "None", "ebit": "29253000", "ebitda": "68823000", "netIncome": "13830000"}, {"fiscalDateEnding": "2008-03-31", "reportedCurrency": "USD", "grossProfit": "74742000", "totalRevenue": "114547000", "costOfRevenue": "39805000", "costofGoodsAndServicesSold": "39805000", "operatingIncome": "25294000", "sellingGeneralAndAdministrative": "9988000", "researchAndDevelopment": "0", "operatingExpenses": "49448000", "investmentIncomeNet": "None", "netInterestIncome": "None", "interestIncome": "None", "interestExpense": "15202000", "nonInterestIncome": "None", "otherNonOperatingIncome": "None", "depreciation": "None", "depreciationAndAmortization": "39137000", "incomeBeforeTax": "11108000", "incomeTaxExpense": "12904000", "interestAndDebtExpense": "None", "netIncomeFromContinuingOperations": "0", "comprehensiveIncomeNetOfTax": "None", "ebit": "26123000", "ebitda": "65260000", "netIncome": "11108000"}, {"fiscalDateEnding": "2007-12-31", "reportedCurrency": "USD", "grossProfit": "105903000", "totalRevenue": "105903000", "costOfRevenue": "59255000", "costofGoodsAndServicesSold": "59255000", "operatingIncome": "20958000", "sellingGeneralAndAdministrative": "8159000", "researchAndDevelopment": "0", "operatingExpenses": "84945000", "investmentIncomeNet": "None", "netInterestIncome": "None", "interestIncome": "None", "interestExpense": "49595000", "nonInterestIncome": "None", "otherNonOperatingIncome": "None", "depreciation": "None", "depreciationAndAmortization": "28891000", "incomeBeforeTax": "31392000", "incomeTaxExpense": "34979000", "interestAndDebtExpense": "None", "netIncomeFromContinuingOperations": "0", "comprehensiveIncomeNetOfTax": "None", "ebit": "29885000", "ebitda": "58776000", "netIncome": "5613000"}, {"fiscalDateEnding": "2007-09-30", "reportedCurrency": "USD", "grossProfit": "66396000", "totalRevenue": "104794000", "costOfRevenue": "38398000", "costofGoodsAndServicesSold": "38398000", "operatingIncome": "21425000", "sellingGeneralAndAdministrative": "9131000", "researchAndDevelopment": "0", "operatingExpenses": "44971000", "investmentIncomeNet": "None", "netInterestIncome": "None", "interestIncome": "None", "interestExpense": "16683000", "nonInterestIncome": "None", "otherNonOperatingIncome": "None", "depreciation": "None", "depreciationAndAmortization": "35345000", "incomeBeforeTax": "5135000", "incomeTaxExpense": "13384000", "interestAndDebtExpense": "None", "netIncomeFromContinuingOperations": "0", "comprehensiveIncomeNetOfTax": "None", "ebit": "21809000", "ebitda": "57154000", "netIncome": "5135000"}, {"fiscalDateEnding": "2007-06-30", "reportedCurrency": "USD", "grossProfit": "64376000", "totalRevenue": "95583000", "costOfRevenue": "31207000", "costofGoodsAndServicesSold": "31207000", "operatingIncome": "22541000", "sellingGeneralAndAdministrative": "9875000", "researchAndDevelopment": "0", "operatingExpenses": "41835000", "investmentIncomeNet": "None", "netInterestIncome": "None", "interestIncome": "None", "interestExpense": "15264000", "nonInterestIncome": "None", "otherNonOperatingIncome": "None", "depreciation": "None", "depreciationAndAmortization": "39865000", "incomeBeforeTax": "7758000", "incomeTaxExpense": "13384000", "interestAndDebtExpense": "None", "netIncomeFromContinuingOperations": "0", "comprehensiveIncomeNetOfTax": "None", "ebit": "23289000", "ebitda": "63154000", "netIncome": "7758000"}, {"fiscalDateEnding": "2007-03-31", "reportedCurrency": "USD", "grossProfit": "88967000", "totalRevenue": "88967000", "costOfRevenue": "21239000", "costofGoodsAndServicesSold": "21239000", "operatingIncome": "21965000", "sellingGeneralAndAdministrative": "7210000", "researchAndDevelopment": "0", "operatingExpenses": "67002000", "investmentIncomeNet": "None", "netInterestIncome": "None", "interestIncome": "None", "interestExpense": "16594000", "nonInterestIncome": "None", "otherNonOperatingIncome": "None", "depreciation": "None", "depreciationAndAmortization": "29399000", "incomeBeforeTax": "22086000", "incomeTaxExpense": "12570000", "interestAndDebtExpense": "None", "netIncomeFromContinuingOperations": "0", "comprehensiveIncomeNetOfTax": "None", "ebit": "21965000", "ebitda": "51364000", "netIncome": "18641000"}, {"fiscalDateEnding": "2006-12-31", "reportedCurrency": "USD", "grossProfit": "84514000", "totalRevenue": "84514000", "costOfRevenue": "-137828000", "costofGoodsAndServicesSold": "-137828000", "operatingIncome": "21658000", "sellingGeneralAndAdministrative": "6535000", "researchAndDevelopment": "0", "operatingExpenses": "62856000", "investmentIncomeNet": "None", "netInterestIncome": "None", "interestIncome": "None", "interestExpense": "51924000", "nonInterestIncome": "None", "otherNonOperatingIncome": "None", "depreciation": "None", "depreciationAndAmortization": "17130000", "incomeBeforeTax": "31392000", "incomeTaxExpense": "24969000", "interestAndDebtExpense": "None", "netIncomeFromContinuingOperations": "0", "comprehensiveIncomeNetOfTax": "None", "ebit": "32707000", "ebitda": "49837000", "netIncome": "6423000"}, {"fiscalDateEnding": "2006-09-30", "reportedCurrency": "USD", "grossProfit": "70673000", "totalRevenue": "73189000", "costOfRevenue": "15474000", "costofGoodsAndServicesSold": "15474000", "operatingIncome": "18451000", "sellingGeneralAndAdministrative": "4986000", "researchAndDevelopment": "0", "operatingExpenses": "52222000", "investmentIncomeNet": "None", "netInterestIncome": "None", "interestIncome": "None", "interestExpense": "14486000", "nonInterestIncome": "None", "otherNonOperatingIncome": "None", "depreciation": "None", "depreciationAndAmortization": "24739000", "incomeBeforeTax": "14787000", "incomeTaxExpense": "14812000", "interestAndDebtExpense": "None", "netIncomeFromContinuingOperations": "0", "comprehensiveIncomeNetOfTax": "None", "ebit": "17479000", "ebitda": "42218000", "netIncome": "11342000"}, {"fiscalDateEnding": "2006-06-30", "reportedCurrency": "USD", "grossProfit": "62237000", "totalRevenue": "64708000", "costOfRevenue": "13618000", "costofGoodsAndServicesSold": "13618000", "operatingIncome": "17785000", "sellingGeneralAndAdministrative": "4674000", "researchAndDevelopment": "0", "operatingExpenses": "44452000", "investmentIncomeNet": "None", "netInterestIncome": "None", "interestIncome": "None", "interestExpense": "11830000", "nonInterestIncome": "None", "otherNonOperatingIncome": "None", "depreciation": "None", "depreciationAndAmortization": "19511000", "incomeBeforeTax": "5095000", "incomeTaxExpense": "21980000", "interestAndDebtExpense": "None", "netIncomeFromContinuingOperations": "0", "comprehensiveIncomeNetOfTax": "None", "ebit": "16808000", "ebitda": "36319000", "netIncome": "5095000"}, {"fiscalDateEnding": "2006-03-31", "reportedCurrency": "USD", "grossProfit": "57121000", "totalRevenue": "60983000", "costOfRevenue": "12196000", "costofGoodsAndServicesSold": "12196000", "operatingIncome": "17388000", "sellingGeneralAndAdministrative": "4246000", "researchAndDevelopment": "0", "operatingExpenses": "39733000", "investmentIncomeNet": "None", "netInterestIncome": "None", "interestIncome": "None", "interestExpense": "11388000", "nonInterestIncome": "None", "otherNonOperatingIncome": "None", "depreciation": "None", "depreciationAndAmortization": "18256000", "incomeBeforeTax": "5087000", "incomeTaxExpense": "21515000", "interestAndDebtExpense": "None", "netIncomeFromContinuingOperations": "0", "comprehensiveIncomeNetOfTax": "None", "ebit": "15726000", "ebitda": "33982000", "netIncome": "5087000"}, {"fiscalDateEnding": "2005-12-31", "reportedCurrency": "USD", "grossProfit": "62947000", "totalRevenue": "62947000", "costOfRevenue": "-110973000", "costofGoodsAndServicesSold": "-110973000", "operatingIncome": "16927000", "sellingGeneralAndAdministrative": "4425000", "researchAndDevelopment": "0", "operatingExpenses": "46020000", "investmentIncomeNet": "None", "netInterestIncome": "None", "interestIncome": "None", "interestExpense": "10643000", "nonInterestIncome": "None", "otherNonOperatingIncome": "None", "depreciation": "None", "depreciationAndAmortization": "38732000", "incomeBeforeTax": "16101000", "incomeTaxExpense": "11499000", "interestAndDebtExpense": "None", "netIncomeFromContinuingOperations": "0", "comprehensiveIncomeNetOfTax": "None", "ebit": "-3126000", "ebitda": "35606000", "netIncome": "4602000"}]}