{"symbol": "AVB", "annualReports": [{"fiscalDateEnding": "2025-12-31", "reportedCurrency": "None", "grossProfit": "2035878000", "totalRevenue": "3038857000", "costOfRevenue": "1002979000", "costofGoodsAndServicesSold": "1002979000", "operatingIncome": "913859000", "sellingGeneralAndAdministrative": "86679000", "researchAndDevelopment": "None", "operatingExpenses": "1122019000", "investmentIncomeNet": "None", "netInterestIncome": "None", "interestIncome": "None", "interestExpense": "259181000", "nonInterestIncome": "None", "otherNonOperatingIncome": "None", "depreciation": "None", "depreciationAndAmortization": "913376000", "incomeBeforeTax": "1055464000", "incomeTaxExpense": "-1135000", "interestAndDebtExpense": "None", "netIncomeFromContinuingOperations": "None", "comprehensiveIncomeNetOfTax": "None", "ebit": "1307952000", "ebitda": "2221328000", "netIncome": "1052553000"}, {"fiscalDateEnding": "2024-12-31", "reportedCurrency": "USD", "grossProfit": "1840300000", "totalRevenue": "2913757000", "costOfRevenue": "1073457000", "costofGoodsAndServicesSold": "1073457000", "operatingIncome": "915750000", "sellingGeneralAndAdministrative": "77697000", "researchAndDevelopment": "None", "operatingExpenses": "924550000", "investmentIncomeNet": "None", "netInterestIncome": "-226589000", "interestIncome": "50682000", "interestExpense": "226589000", "nonInterestIncome": "None", "otherNonOperatingIncome": "None", "depreciation": "None", "depreciationAndAmortization": "846853000", "incomeBeforeTax": "1082620000", "incomeTaxExpense": "445000", "interestAndDebtExpense": "None", "netIncomeFromContinuingOperations": "1082175000", "comprehensiveIncomeNetOfTax": "None", "ebit": "1309209000", "ebitda": "2156062000", "netIncome": "1081994000"}, {"fiscalDateEnding": "2023-12-31", "reportedCurrency": "USD", "grossProfit": "1779777000", "totalRevenue": "2767909000", "costOfRevenue": "988132000", "costofGoodsAndServicesSold": "988132000", "operatingIncome": "886278000", "sellingGeneralAndAdministrative": "76534000", "researchAndDevelopment": "0.33", "operatingExpenses": "893499000", "investmentIncomeNet": "None", "netInterestIncome": "-213982000", "interestIncome": "13454000", "interestExpense": "205992000", "nonInterestIncome": "None", "otherNonOperatingIncome": "None", "depreciation": "None", "depreciationAndAmortization": "816965000", "incomeBeforeTax": "938591000", "incomeTaxExpense": "10153000", "interestAndDebtExpense": "None", "netIncomeFromContinuingOperations": "927536000", "comprehensiveIncomeNetOfTax": "None", "ebit": "1144583000", "ebitda": "1961548000", "netIncome": "928825000"}, {"fiscalDateEnding": "2022-12-31", "reportedCurrency": "USD", "grossProfit": "1674332000", "totalRevenue": "2593446000", "costOfRevenue": "919114000", "costofGoodsAndServicesSold": "919114000", "operatingIncome": "785290000", "sellingGeneralAndAdministrative": "74064000", "researchAndDevelopment": "16565000", "operatingExpenses": "889042000", "investmentIncomeNet": "None", "netInterestIncome": "-230074000", "interestIncome": "53394000", "interestExpense": "230074000", "nonInterestIncome": "None", "otherNonOperatingIncome": "595780000", "depreciation": "None", "depreciationAndAmortization": "814978000", "incomeBeforeTax": "1151084000", "incomeTaxExpense": "14646000", "interestAndDebtExpense": "None", "netIncomeFromContinuingOperations": "1136438000", "comprehensiveIncomeNetOfTax": "None", "ebit": "1381158000", "ebitda": "2196136000", "netIncome": "1136775000"}, {"fiscalDateEnding": "2021-12-31", "reportedCurrency": "USD", "grossProfit": "1440908000", "totalRevenue": "2294850000", "costOfRevenue": "853942000", "costofGoodsAndServicesSold": "853942000", "operatingIncome": "612701000", "sellingGeneralAndAdministrative": "69611000", "researchAndDevelopment": "3231000", "operatingExpenses": "828207000", "investmentIncomeNet": "None", "netInterestIncome": "-220415000", "interestIncome": "38585000", "interestExpense": "220415000", "nonInterestIncome": "None", "otherNonOperatingIncome": "621899000", "depreciation": "None", "depreciationAndAmortization": "758596000", "incomeBeforeTax": "1010089000", "incomeTaxExpense": "5733000", "interestAndDebtExpense": "None", "netIncomeFromContinuingOperations": "1004356000", "comprehensiveIncomeNetOfTax": "None", "ebit": "1230504000", "ebitda": "1989100000", "netIncome": "1004299000"}, {"fiscalDateEnding": "2020-12-31", "reportedCurrency": "USD", "grossProfit": "1478159000", "totalRevenue": "2301261000", "costOfRevenue": "823102000", "costofGoodsAndServicesSold": "823102000", "operatingIncome": "710485000", "sellingGeneralAndAdministrative": "60343000", "researchAndDevelopment": "12399000", "operatingExpenses": "767674000", "investmentIncomeNet": "None", "netInterestIncome": "-214151000", "interestIncome": "6422000", "interestExpense": "214151000", "nonInterestIncome": "None", "otherNonOperatingIncome": "325574000", "depreciation": "None", "depreciationAndAmortization": "707331000", "incomeBeforeTax": "824459000", "incomeTaxExpense": "-3247000", "interestAndDebtExpense": "None", "netIncomeFromContinuingOperations": "827706000", "comprehensiveIncomeNetOfTax": "None", "ebit": "1038610000", "ebitda": "1745941000", "netIncome": "827630000"}, {"fiscalDateEnding": "2019-12-31", "reportedCurrency": "USD", "grossProfit": "1556520000", "totalRevenue": "2324626000", "costOfRevenue": "768106000", "costofGoodsAndServicesSold": "768106000", "operatingIncome": "836900000", "sellingGeneralAndAdministrative": "58042000", "researchAndDevelopment": "0.34", "operatingExpenses": "719620000", "investmentIncomeNet": "None", "netInterestIncome": "-203585000", "interestIncome": "8652000", "interestExpense": "203585000", "nonInterestIncome": "None", "otherNonOperatingIncome": "175196000", "depreciation": "None", "depreciationAndAmortization": "661578000", "incomeBeforeTax": "799106000", "incomeTaxExpense": "13003000", "interestAndDebtExpense": "None", "netIncomeFromContinuingOperations": "812109000", "comprehensiveIncomeNetOfTax": "None", "ebit": "1002691000", "ebitda": "1664269000", "netIncome": "785974000"}, {"fiscalDateEnding": "2018-12-31", "reportedCurrency": "USD", "grossProfit": "1517979000", "totalRevenue": "2284535000", "costOfRevenue": "766556000", "costofGoodsAndServicesSold": "766556000", "operatingIncome": "826414000", "sellingGeneralAndAdministrative": "60369000", "researchAndDevelopment": "0.43", "operatingExpenses": "691565000", "investmentIncomeNet": "None", "netInterestIncome": "-220974000", "interestIncome": "15270000", "interestExpense": "220974000", "nonInterestIncome": "None", "otherNonOperatingIncome": "390591000", "depreciation": "None", "depreciationAndAmortization": "631196000", "incomeBeforeTax": "974175000", "incomeTaxExpense": "-160000", "interestAndDebtExpense": "None", "netIncomeFromContinuingOperations": "974175000", "comprehensiveIncomeNetOfTax": "None", "ebit": "1194989000", "ebitda": "1826185000", "netIncome": "974525000"}, {"fiscalDateEnding": "2017-12-31", "reportedCurrency": "USD", "grossProfit": "1436329000", "totalRevenue": "2158628000", "costOfRevenue": "722299000", "costofGoodsAndServicesSold": "722299000", "operatingIncome": "798484000", "sellingGeneralAndAdministrative": "53695000", "researchAndDevelopment": "0.41", "operatingExpenses": "637845000", "investmentIncomeNet": "None", "netInterestIncome": "-199661000", "interestIncome": "70744000", "interestExpense": "199661000", "nonInterestIncome": "None", "otherNonOperatingIncome": "70744000", "depreciation": "None", "depreciationAndAmortization": "584150000", "incomeBeforeTax": "876660000", "incomeTaxExpense": "141000", "interestAndDebtExpense": "None", "netIncomeFromContinuingOperations": "876660000", "comprehensiveIncomeNetOfTax": "None", "ebit": "1076462000", "ebitda": "1660612000", "netIncome": "876921000"}, {"fiscalDateEnding": "2016-12-31", "reportedCurrency": "USD", "grossProfit": "1361981000", "totalRevenue": "2045255000", "costOfRevenue": "683274000", "costofGoodsAndServicesSold": "683274000", "operatingIncome": "784776000", "sellingGeneralAndAdministrative": "45771000", "researchAndDevelopment": "0.51", "operatingExpenses": "577205000", "investmentIncomeNet": "None", "netInterestIncome": "-187510000", "interestIncome": "64962000", "interestExpense": "187510000", "nonInterestIncome": "None", "otherNonOperatingIncome": "64962000", "depreciation": "None", "depreciationAndAmortization": "531434000", "incomeBeforeTax": "1034013000", "incomeTaxExpense": "305000", "interestAndDebtExpense": "None", "netIncomeFromContinuingOperations": "1033708000", "comprehensiveIncomeNetOfTax": "None", "ebit": "1221523000", "ebitda": "1752957000", "netIncome": "1034002000"}, {"fiscalDateEnding": "2015-12-31", "reportedCurrency": "USD", "grossProfit": "1213782000", "totalRevenue": "1856028000", "costOfRevenue": "642246000", "costofGoodsAndServicesSold": "642246000", "operatingIncome": "693085000", "sellingGeneralAndAdministrative": "42774000", "researchAndDevelopment": "0", "operatingExpenses": "520697000", "investmentIncomeNet": "None", "netInterestIncome": "None", "interestIncome": "70018000", "interestExpense": "175615000", "nonInterestIncome": "None", "otherNonOperatingIncome": "195290000", "depreciation": "None", "depreciationAndAmortization": "477923000", "incomeBeforeTax": "743594000", "incomeTaxExpense": "1861000", "interestAndDebtExpense": "None", "netIncomeFromContinuingOperations": "741733000", "comprehensiveIncomeNetOfTax": "None", "ebit": "918831000", "ebitda": "1396754000", "netIncome": "742038000"}, {"fiscalDateEnding": "2014-12-31", "reportedCurrency": "USD", "grossProfit": "1095755000", "totalRevenue": "1685061000", "costOfRevenue": "589306000", "costofGoodsAndServicesSold": "589306000", "operatingIncome": "611648000", "sellingGeneralAndAdministrative": "41425000", "researchAndDevelopment": "0", "operatingExpenses": "484107000", "investmentIncomeNet": "None", "netInterestIncome": "None", "interestIncome": "None", "interestExpense": "180618000", "nonInterestIncome": "None", "otherNonOperatingIncome": "234181000", "depreciation": "None", "depreciationAndAmortization": "442682000", "incomeBeforeTax": "668516000", "incomeTaxExpense": "9368000", "interestAndDebtExpense": "None", "netIncomeFromContinuingOperations": "659148000", "comprehensiveIncomeNetOfTax": "None", "ebit": "849134000", "ebitda": "1291816000", "netIncome": "683567000"}, {"fiscalDateEnding": "2013-12-31", "reportedCurrency": "USD", "grossProfit": "951902000", "totalRevenue": "1462921000", "costOfRevenue": "511019000", "costofGoodsAndServicesSold": "511019000", "operatingIncome": "352114000", "sellingGeneralAndAdministrative": "39573000", "researchAndDevelopment": "0", "operatingExpenses": "599788000", "investmentIncomeNet": "None", "netInterestIncome": "None", "interestIncome": "None", "interestExpense": "172402000", "nonInterestIncome": "None", "otherNonOperatingIncome": "-10914000", "depreciation": "None", "depreciationAndAmortization": "560215000", "incomeBeforeTax": "57827000", "incomeTaxExpense": "-138056000", "interestAndDebtExpense": "None", "netIncomeFromContinuingOperations": "57827000", "comprehensiveIncomeNetOfTax": "None", "ebit": "230229000", "ebitda": "790444000", "netIncome": "353141000"}, {"fiscalDateEnding": "2012-12-31", "reportedCurrency": "USD", "grossProfit": "643722000", "totalRevenue": "1000627000", "costOfRevenue": "356905000", "costofGoodsAndServicesSold": "356905000", "operatingIncome": "365941000", "sellingGeneralAndAdministrative": "34101000", "researchAndDevelopment": "0", "operatingExpenses": "277781000", "investmentIncomeNet": "None", "netInterestIncome": "None", "interestIncome": "None", "interestExpense": "136920000", "nonInterestIncome": "None", "otherNonOperatingIncome": "35388000", "depreciation": "None", "depreciationAndAmortization": "243680000", "incomeBeforeTax": "264756000", "incomeTaxExpense": "-7350000", "interestAndDebtExpense": "None", "netIncomeFromContinuingOperations": "264756000", "comprehensiveIncomeNetOfTax": "None", "ebit": "387351000", "ebitda": "631031000", "netIncome": "423869000"}, {"fiscalDateEnding": "2011-12-31", "reportedCurrency": "USD", "grossProfit": "564251000", "totalRevenue": "900087000", "costOfRevenue": "335836000", "costofGoodsAndServicesSold": "335836000", "operatingIncome": "308152000", "sellingGeneralAndAdministrative": "29371000", "researchAndDevelopment": "2967000", "operatingExpenses": "256099000", "investmentIncomeNet": "None", "netInterestIncome": "None", "interestIncome": "None", "interestExpense": "168179000", "nonInterestIncome": "None", "otherNonOperatingIncome": "18836000", "depreciation": "None", "depreciationAndAmortization": "226728000", "incomeBeforeTax": "165938000", "incomeTaxExpense": "-105229000", "interestAndDebtExpense": "None", "netIncomeFromContinuingOperations": "165938000", "comprehensiveIncomeNetOfTax": "None", "ebit": "308029000", "ebitda": "534757000", "netIncome": "441622000"}, {"fiscalDateEnding": "2010-12-31", "reportedCurrency": "USD", "grossProfit": "508699000", "totalRevenue": "842820000", "costOfRevenue": "334121000", "costofGoodsAndServicesSold": "334121000", "operatingIncome": "261290000", "sellingGeneralAndAdministrative": "26846000", "researchAndDevelopment": "0", "operatingExpenses": "247409000", "investmentIncomeNet": "None", "netInterestIncome": "None", "interestIncome": "None", "interestExpense": "175209000", "nonInterestIncome": "None", "otherNonOperatingIncome": "-762000", "depreciation": "None", "depreciationAndAmortization": "220563000", "incomeBeforeTax": "98068000", "incomeTaxExpense": "97946000", "interestAndDebtExpense": "None", "netIncomeFromContinuingOperations": "98068000", "comprehensiveIncomeNetOfTax": "None", "ebit": "262052000", "ebitda": "482615000", "netIncome": "175331000"}, {"fiscalDateEnding": "2009-12-31", "reportedCurrency": "USD", "grossProfit": "502180000", "totalRevenue": "829924000", "costOfRevenue": "327744000", "costofGoodsAndServicesSold": "327744000", "operatingIncome": "268951000", "sellingGeneralAndAdministrative": "28748000", "researchAndDevelopment": "5842000", "operatingExpenses": "233229000", "investmentIncomeNet": "None", "netInterestIncome": "None", "interestIncome": "None", "interestExpense": "150323000", "nonInterestIncome": "None", "otherNonOperatingIncome": "6271000", "depreciation": "None", "depreciationAndAmortization": "218286000", "incomeBeforeTax": "200826000", "incomeTaxExpense": "113321000", "interestAndDebtExpense": "None", "netIncomeFromContinuingOperations": "76413000", "comprehensiveIncomeNetOfTax": "None", "ebit": "268951000", "ebitda": "487237000", "netIncome": "155647000"}, {"fiscalDateEnding": "2008-12-31", "reportedCurrency": "USD", "grossProfit": "491425000", "totalRevenue": "814224000", "costOfRevenue": "322799000", "costofGoodsAndServicesSold": "322799000", "operatingIncome": "266735000", "sellingGeneralAndAdministrative": "42781000", "researchAndDevelopment": "None", "operatingExpenses": "224690000", "investmentIncomeNet": "None", "netInterestIncome": "None", "interestIncome": "None", "interestExpense": "114878000", "nonInterestIncome": "None", "otherNonOperatingIncome": "None", "depreciation": "None", "depreciationAndAmortization": "199452000", "incomeBeforeTax": "411487000", "incomeTaxExpense": "227477000", "interestAndDebtExpense": "None", "netIncomeFromContinuingOperations": "None", "comprehensiveIncomeNetOfTax": "None", "ebit": "266735000", "ebitda": "466187000", "netIncome": "411487000"}, {"fiscalDateEnding": "2007-12-31", "reportedCurrency": "USD", "grossProfit": "464413000", "totalRevenue": "766663000", "costOfRevenue": "302250000", "costofGoodsAndServicesSold": "302250000", "operatingIncome": "267595000", "sellingGeneralAndAdministrative": "28494000", "researchAndDevelopment": "None", "operatingExpenses": "196818000", "investmentIncomeNet": "None", "netInterestIncome": "None", "interestIncome": "None", "interestExpense": "97545000", "nonInterestIncome": "None", "otherNonOperatingIncome": "None", "depreciation": "None", "depreciationAndAmortization": "181725000", "incomeBeforeTax": "247668000", "incomeTaxExpense": "-13492000", "interestAndDebtExpense": "None", "netIncomeFromContinuingOperations": "None", "comprehensiveIncomeNetOfTax": "None", "ebit": "267595000", "ebitda": "449320000", "netIncome": "358160000"}, {"fiscalDateEnding": "2006-12-31", "reportedCurrency": "USD", "grossProfit": "504295000", "totalRevenue": "721429000", "costOfRevenue": "217134000", "costofGoodsAndServicesSold": "217134000", "operatingIncome": "252300000", "sellingGeneralAndAdministrative": "24767000", "researchAndDevelopment": "None", "operatingExpenses": "251995000", "investmentIncomeNet": "None", "netInterestIncome": "None", "interestIncome": "None", "interestExpense": "111046000", "nonInterestIncome": "None", "otherNonOperatingIncome": "None", "depreciation": "None", "depreciationAndAmortization": "164129000", "incomeBeforeTax": "278399000", "incomeTaxExpense": "-7914000", "interestAndDebtExpense": "None", "netIncomeFromContinuingOperations": "None", "comprehensiveIncomeNetOfTax": "None", "ebit": "252300000", "ebitda": "416429000", "netIncome": "278399000"}], "quarterlyReports": [{"fiscalDateEnding": "2025-12-31", "reportedCurrency": "None", "grossProfit": "523938000", "totalRevenue": "767856000", "costOfRevenue": "243918000", "costofGoodsAndServicesSold": "243918000", "operatingIncome": "228103000", "sellingGeneralAndAdministrative": "21874000", "researchAndDevelopment": "None", "operatingExpenses": "295835000", "investmentIncomeNet": "None", "netInterestIncome": "None", "interestIncome": "None", "interestExpense": "69106000", "nonInterestIncome": "None", "otherNonOperatingIncome": "None", "depreciation": "None", "depreciationAndAmortization": "233387000", "incomeBeforeTax": "165690000", "incomeTaxExpense": "-295000", "interestAndDebtExpense": "None", "netIncomeFromContinuingOperations": "None", "comprehensiveIncomeNetOfTax": "None", "ebit": "228103000", "ebitda": "461490000", "netIncome": "165985000"}, {"fiscalDateEnding": "2025-09-30", "reportedCurrency": "USD", "grossProfit": "551697000", "totalRevenue": "764926000", "costOfRevenue": "213229000", "costofGoodsAndServicesSold": "213229000", "operatingIncome": "217908000", "sellingGeneralAndAdministrative": "22028000", "researchAndDevelopment": "None", "operatingExpenses": "333789000", "investmentIncomeNet": "None", "netInterestIncome": "-58578000", "interestIncome": "6832000", "interestExpense": "65410000", "nonInterestIncome": "None", "otherNonOperatingIncome": "None", "depreciation": "None", "depreciationAndAmortization": "230371000", "incomeBeforeTax": "383969000", "incomeTaxExpense": "-193000", "interestAndDebtExpense": "None", "netIncomeFromContinuingOperations": "384162000", "comprehensiveIncomeNetOfTax": "None", "ebit": "449379000", "ebitda": "679750000", "netIncome": "381306000"}, {"fiscalDateEnding": "2025-06-30", "reportedCurrency": "USD", "grossProfit": "483224000", "totalRevenue": "760195000", "costOfRevenue": "276971000", "costofGoodsAndServicesSold": "276971000", "operatingIncome": "228497000", "sellingGeneralAndAdministrative": "22997000", "researchAndDevelopment": "None", "operatingExpenses": "254727000", "investmentIncomeNet": "None", "netInterestIncome": "-57864000", "interestIncome": "6937000", "interestExpense": "64801000", "nonInterestIncome": "None", "otherNonOperatingIncome": "None", "depreciation": "None", "depreciationAndAmortization": "231730000", "incomeBeforeTax": "269324000", "incomeTaxExpense": "-531000", "interestAndDebtExpense": "None", "netIncomeFromContinuingOperations": "269855000", "comprehensiveIncomeNetOfTax": "None", "ebit": "334125000", "ebitda": "565855000", "netIncome": "268665000"}, {"fiscalDateEnding": "2025-03-31", "reportedCurrency": "USD", "grossProfit": "477019000", "totalRevenue": "745880000", "costOfRevenue": "268861000", "costofGoodsAndServicesSold": "268861000", "operatingIncome": "239351000", "sellingGeneralAndAdministrative": "19780000", "researchAndDevelopment": "None", "operatingExpenses": "237668000", "investmentIncomeNet": "None", "netInterestIncome": "-53751000", "interestIncome": "6113000", "interestExpense": "59864000", "nonInterestIncome": "None", "otherNonOperatingIncome": "None", "depreciation": "None", "depreciationAndAmortization": "217888000", "incomeBeforeTax": "236481000", "incomeTaxExpense": "-116000", "interestAndDebtExpense": "None", "netIncomeFromContinuingOperations": "236597000", "comprehensiveIncomeNetOfTax": "None", "ebit": "296345000", "ebitda": "514233000", "netIncome": "236597000"}, {"fiscalDateEnding": "2024-12-31", "reportedCurrency": "USD", "grossProfit": "458900000", "totalRevenue": "740549000", "costOfRevenue": "281649000", "costofGoodsAndServicesSold": "281649000", "operatingIncome": "225670000", "sellingGeneralAndAdministrative": "17691000", "researchAndDevelopment": "None", "operatingExpenses": "233230000", "investmentIncomeNet": "None", "netInterestIncome": "-58976000", "interestIncome": "4293000", "interestExpense": "58976000", "nonInterestIncome": "None", "otherNonOperatingIncome": "None", "depreciation": "None", "depreciationAndAmortization": "215539000", "incomeBeforeTax": "281839000", "incomeTaxExpense": "-253000", "interestAndDebtExpense": "None", "netIncomeFromContinuingOperations": "282092000", "comprehensiveIncomeNetOfTax": "None", "ebit": "340815000", "ebitda": "556354000", "netIncome": "282092000"}, {"fiscalDateEnding": "2024-09-30", "reportedCurrency": "USD", "grossProfit": "458847000", "totalRevenue": "734307000", "costOfRevenue": "275460000", "costofGoodsAndServicesSold": "275460000", "operatingIncome": "226636000", "sellingGeneralAndAdministrative": "20089000", "researchAndDevelopment": "None", "operatingExpenses": "232211000", "investmentIncomeNet": "None", "netInterestIncome": "-55769000", "interestIncome": "30720000", "interestExpense": "55769000", "nonInterestIncome": "None", "otherNonOperatingIncome": "None", "depreciation": "None", "depreciationAndAmortization": "212122000", "incomeBeforeTax": "373301000", "incomeTaxExpense": "782000", "interestAndDebtExpense": "None", "netIncomeFromContinuingOperations": "372519000", "comprehensiveIncomeNetOfTax": "None", "ebit": "429070000", "ebitda": "641192000", "netIncome": "372519000"}, {"fiscalDateEnding": "2024-06-30", "reportedCurrency": "USD", "grossProfit": "465390000", "totalRevenue": "726041000", "costOfRevenue": "260651000", "costofGoodsAndServicesSold": "260651000", "operatingIncome": "238881000", "sellingGeneralAndAdministrative": "19586000", "researchAndDevelopment": "None", "operatingExpenses": "226509000", "investmentIncomeNet": "None", "netInterestIncome": "-57078000", "interestIncome": "3956000", "interestExpense": "57078000", "nonInterestIncome": "None", "otherNonOperatingIncome": "None", "depreciation": "None", "depreciationAndAmortization": "206923000", "incomeBeforeTax": "253945000", "incomeTaxExpense": "-62000", "interestAndDebtExpense": "None", "netIncomeFromContinuingOperations": "254007000", "comprehensiveIncomeNetOfTax": "None", "ebit": "311023000", "ebitda": "517946000", "netIncome": "253934000"}, {"fiscalDateEnding": "2024-03-31", "reportedCurrency": "USD", "grossProfit": "457163000", "totalRevenue": "712859000", "costOfRevenue": "255696000", "costofGoodsAndServicesSold": "255696000", "operatingIncome": "224563000", "sellingGeneralAndAdministrative": "20331000", "researchAndDevelopment": "None", "operatingExpenses": "232600000", "investmentIncomeNet": "None", "netInterestIncome": "-54766000", "interestIncome": "3118000", "interestExpense": "54766000", "nonInterestIncome": "None", "otherNonOperatingIncome": "None", "depreciation": "None", "depreciationAndAmortization": "212269000", "incomeBeforeTax": "173535000", "incomeTaxExpense": "-22000", "interestAndDebtExpense": "None", "netIncomeFromContinuingOperations": "173557000", "comprehensiveIncomeNetOfTax": "None", "ebit": "228301000", "ebitda": "440570000", "netIncome": "173449000"}, {"fiscalDateEnding": "2023-12-31", "reportedCurrency": "USD", "grossProfit": "454326000", "totalRevenue": "704705000", "costOfRevenue": "250379000", "costofGoodsAndServicesSold": "250379000", "operatingIncome": "225640000", "sellingGeneralAndAdministrative": "17992000", "researchAndDevelopment": "23212000", "operatingExpenses": "228686000", "investmentIncomeNet": "None", "netInterestIncome": "-49471000", "interestIncome": "None", "interestExpense": "49471000", "nonInterestIncome": "None", "otherNonOperatingIncome": "None", "depreciation": "None", "depreciationAndAmortization": "210694000", "incomeBeforeTax": "244504000", "incomeTaxExpense": "2438000", "interestAndDebtExpense": "None", "netIncomeFromContinuingOperations": "242066000", "comprehensiveIncomeNetOfTax": "None", "ebit": "293975000", "ebitda": "504669000", "netIncome": "241969000"}, {"fiscalDateEnding": "2023-09-30", "reportedCurrency": "USD", "grossProfit": "444045000", "totalRevenue": "697635000", "costOfRevenue": "253590000", "costofGoodsAndServicesSold": "253590000", "operatingIncome": "222597000", "sellingGeneralAndAdministrative": "20466000", "researchAndDevelopment": "18959000", "operatingExpenses": "221448000", "investmentIncomeNet": "None", "netInterestIncome": "-48115000", "interestIncome": "1930000", "interestExpense": "48115000", "nonInterestIncome": "None", "otherNonOperatingIncome": "None", "depreciation": "None", "depreciationAndAmortization": "200982000", "incomeBeforeTax": "176162000", "incomeTaxExpense": "4372000", "interestAndDebtExpense": "None", "netIncomeFromContinuingOperations": "171790000", "comprehensiveIncomeNetOfTax": "None", "ebit": "224277000", "ebitda": "425259000", "netIncome": "172031000"}, {"fiscalDateEnding": "2023-06-30", "reportedCurrency": "USD", "grossProfit": "446025000", "totalRevenue": "690860000", "costOfRevenue": "244835000", "costofGoodsAndServicesSold": "244835000", "operatingIncome": "227803000", "sellingGeneralAndAdministrative": "17676000", "researchAndDevelopment": "1261000", "operatingExpenses": "218222000", "investmentIncomeNet": "None", "netInterestIncome": "-51585000", "interestIncome": "4970000", "interestExpense": "51585000", "nonInterestIncome": "None", "otherNonOperatingIncome": "191372000", "depreciation": "None", "depreciationAndAmortization": "200546000", "incomeBeforeTax": "367590000", "incomeTaxExpense": "-217000", "interestAndDebtExpense": "None", "netIncomeFromContinuingOperations": "367807000", "comprehensiveIncomeNetOfTax": "None", "ebit": "419175000", "ebitda": "619721000", "netIncome": "367923000"}, {"fiscalDateEnding": "2023-03-31", "reportedCurrency": "USD", "grossProfit": "435381000", "totalRevenue": "674708000", "costOfRevenue": "239327000", "costofGoodsAndServicesSold": "239327000", "operatingIncome": "210238000", "sellingGeneralAndAdministrative": "20400000", "researchAndDevelopment": "2992000", "operatingExpenses": "225143000", "investmentIncomeNet": "None", "netInterestIncome": "-56821000", "interestIncome": "4845000", "interestExpense": "56821000", "nonInterestIncome": "None", "otherNonOperatingIncome": "1969000", "depreciation": "None", "depreciationAndAmortization": "204743000", "incomeBeforeTax": "150335000", "incomeTaxExpense": "3560000", "interestAndDebtExpense": "None", "netIncomeFromContinuingOperations": "146775000", "comprehensiveIncomeNetOfTax": "None", "ebit": "207156000", "ebitda": "411899000", "netIncome": "146902000"}, {"fiscalDateEnding": "2022-12-31", "reportedCurrency": "USD", "grossProfit": "440533000", "totalRevenue": "669671000", "costOfRevenue": "229138000", "costofGoodsAndServicesSold": "229138000", "operatingIncome": "212560000", "sellingGeneralAndAdministrative": "20741000", "researchAndDevelopment": "6700000", "operatingExpenses": "227973000", "investmentIncomeNet": "None", "netInterestIncome": "-57461000", "interestIncome": "6820000", "interestExpense": "57461000", "nonInterestIncome": "None", "otherNonOperatingIncome": "93129000", "depreciation": "None", "depreciationAndAmortization": "207232000", "incomeBeforeTax": "247847000", "incomeTaxExpense": "6683000", "interestAndDebtExpense": "None", "netIncomeFromContinuingOperations": "241164000", "comprehensiveIncomeNetOfTax": "None", "ebit": "305308000", "ebitda": "512540000", "netIncome": "241293000"}, {"fiscalDateEnding": "2022-09-30", "reportedCurrency": "USD", "grossProfit": "424617000", "totalRevenue": "665288000", "costOfRevenue": "240671000", "costofGoodsAndServicesSold": "240671000", "operatingIncome": "203348000", "sellingGeneralAndAdministrative": "14611000", "researchAndDevelopment": "None", "operatingExpenses": "221269000", "investmentIncomeNet": "None", "netInterestIncome": "-57290000", "interestIncome": "43777000", "interestExpense": "57290000", "nonInterestIncome": "None", "otherNonOperatingIncome": "353921000", "depreciation": "None", "depreciationAndAmortization": "206658000", "incomeBeforeTax": "500283000", "incomeTaxExpense": "5651000", "interestAndDebtExpense": "None", "netIncomeFromContinuingOperations": "494632000", "comprehensiveIncomeNetOfTax": "None", "ebit": "557573000", "ebitda": "764231000", "netIncome": "494747000"}, {"fiscalDateEnding": "2022-06-30", "reportedCurrency": "USD", "grossProfit": "417305000", "totalRevenue": "644559000", "costOfRevenue": "227254000", "costofGoodsAndServicesSold": "227254000", "operatingIncome": "196712000", "sellingGeneralAndAdministrative": "21291000", "researchAndDevelopment": "2364000", "operatingExpenses": "220593000", "investmentIncomeNet": "None", "netInterestIncome": "-58797000", "interestIncome": "2480000", "interestExpense": "58797000", "nonInterestIncome": "None", "otherNonOperatingIncome": "563000", "depreciation": "None", "depreciationAndAmortization": "199302000", "incomeBeforeTax": "138407000", "incomeTaxExpense": "-159000", "interestAndDebtExpense": "None", "netIncomeFromContinuingOperations": "138566000", "comprehensiveIncomeNetOfTax": "None", "ebit": "197204000", "ebitda": "396506000", "netIncome": "138444000"}, {"fiscalDateEnding": "2022-03-31", "reportedCurrency": "USD", "grossProfit": "391877000", "totalRevenue": "613927000", "costOfRevenue": "222050000", "costofGoodsAndServicesSold": "222050000", "operatingIncome": "172670000", "sellingGeneralAndAdministrative": "17421000", "researchAndDevelopment": "987000", "operatingExpenses": "219207000", "investmentIncomeNet": "None", "netInterestIncome": "-56526000", "interestIncome": "317000", "interestExpense": "56526000", "nonInterestIncome": "None", "otherNonOperatingIncome": "148167000", "depreciation": "None", "depreciationAndAmortization": "201786000", "incomeBeforeTax": "264547000", "incomeTaxExpense": "2471000", "interestAndDebtExpense": "None", "netIncomeFromContinuingOperations": "262076000", "comprehensiveIncomeNetOfTax": "None", "ebit": "321073000", "ebitda": "522859000", "netIncome": "262044000"}, {"fiscalDateEnding": "2021-12-31", "reportedCurrency": "USD", "grossProfit": "390150000", "totalRevenue": "601197000", "costOfRevenue": "211047000", "costofGoodsAndServicesSold": "211047000", "operatingIncome": "176633000", "sellingGeneralAndAdministrative": "16481000", "researchAndDevelopment": "None", "operatingExpenses": "213517000", "investmentIncomeNet": "None", "netInterestIncome": "-55711000", "interestIncome": "5626000", "interestExpense": "55711000", "nonInterestIncome": "None", "otherNonOperatingIncome": "218252000", "depreciation": "None", "depreciationAndAmortization": "197036000", "incomeBeforeTax": "339597000", "incomeTaxExpense": "4299000", "interestAndDebtExpense": "None", "netIncomeFromContinuingOperations": "335298000", "comprehensiveIncomeNetOfTax": "None", "ebit": "395308000", "ebitda": "592344000", "netIncome": "334552000"}, {"fiscalDateEnding": "2021-09-30", "reportedCurrency": "USD", "grossProfit": "359738000", "totalRevenue": "580774000", "costOfRevenue": "221036000", "costofGoodsAndServicesSold": "221036000", "operatingIncome": "148634000", "sellingGeneralAndAdministrative": "17313000", "researchAndDevelopment": "None", "operatingExpenses": "211104000", "investmentIncomeNet": "None", "netInterestIncome": "-55987000", "interestIncome": "6867000", "interestExpense": "55987000", "nonInterestIncome": "None", "otherNonOperatingIncome": "-9839000", "depreciation": "None", "depreciationAndAmortization": "193791000", "incomeBeforeTax": "81026000", "incomeTaxExpense": "2179000", "interestAndDebtExpense": "None", "netIncomeFromContinuingOperations": "78847000", "comprehensiveIncomeNetOfTax": "None", "ebit": "137013000", "ebitda": "330804000", "netIncome": "78754000"}, {"fiscalDateEnding": "2021-06-30", "reportedCurrency": "USD", "grossProfit": "349345000", "totalRevenue": "561743000", "costOfRevenue": "212398000", "costofGoodsAndServicesSold": "212398000", "operatingIncome": "146408000", "sellingGeneralAndAdministrative": "18465000", "researchAndDevelopment": "None", "operatingExpenses": "202937000", "investmentIncomeNet": "None", "netInterestIncome": "-56104000", "interestIncome": "26559000", "interestExpense": "56104000", "nonInterestIncome": "None", "otherNonOperatingIncome": "359507000", "depreciation": "None", "depreciationAndAmortization": "184472000", "incomeBeforeTax": "447987000", "incomeTaxExpense": "10000", "interestAndDebtExpense": "None", "netIncomeFromContinuingOperations": "447977000", "comprehensiveIncomeNetOfTax": "None", "ebit": "504091000", "ebitda": "688563000", "netIncome": "447051000"}, {"fiscalDateEnding": "2021-03-31", "reportedCurrency": "USD", "grossProfit": "341675000", "totalRevenue": "551135000", "costOfRevenue": "209460000", "costofGoodsAndServicesSold": "209460000", "operatingIncome": "141026000", "sellingGeneralAndAdministrative": "17352000", "researchAndDevelopment": "None", "operatingExpenses": "200649000", "investmentIncomeNet": "None", "netInterestIncome": "-52613000", "interestIncome": "467000", "interestExpense": "52613000", "nonInterestIncome": "None", "otherNonOperatingIncome": "53979000", "depreciation": "None", "depreciationAndAmortization": "183297000", "incomeBeforeTax": "141479000", "incomeTaxExpense": "-755000", "interestAndDebtExpense": "None", "netIncomeFromContinuingOperations": "142234000", "comprehensiveIncomeNetOfTax": "None", "ebit": "194092000", "ebitda": "377389000", "netIncome": "141899000"}, {"fiscalDateEnding": "2020-12-31", "reportedCurrency": "USD", "grossProfit": "342664000", "totalRevenue": "555802000", "costOfRevenue": "213138000", "costofGoodsAndServicesSold": "213138000", "operatingIncome": "151376000", "sellingGeneralAndAdministrative": "13465000", "researchAndDevelopment": "None", "operatingExpenses": "191288000", "investmentIncomeNet": "None", "netInterestIncome": "-51589000", "interestIncome": "348000", "interestExpense": "51589000", "nonInterestIncome": "None", "otherNonOperatingIncome": "240760000", "depreciation": "None", "depreciationAndAmortization": "177823000", "incomeBeforeTax": "338936000", "incomeTaxExpense": "-2178000", "interestAndDebtExpense": "None", "netIncomeFromContinuingOperations": "340932000", "comprehensiveIncomeNetOfTax": "None", "ebit": "390525000", "ebitda": "568348000", "netIncome": "340331000"}, {"fiscalDateEnding": "2020-09-30", "reportedCurrency": "USD", "grossProfit": "354561000", "totalRevenue": "567404000", "costOfRevenue": "212843000", "costofGoodsAndServicesSold": "212843000", "operatingIncome": "165228000", "sellingGeneralAndAdministrative": "13985000", "researchAndDevelopment": "None", "operatingExpenses": "189333000", "investmentIncomeNet": "None", "netInterestIncome": "-53249000", "interestIncome": "5083000", "interestExpense": "53249000", "nonInterestIncome": "None", "otherNonOperatingIncome": "36357000", "depreciation": "None", "depreciationAndAmortization": "175348000", "incomeBeforeTax": "147690000", "incomeTaxExpense": "-27000", "interestAndDebtExpense": "None", "netIncomeFromContinuingOperations": "147717000", "comprehensiveIncomeNetOfTax": "None", "ebit": "200939000", "ebitda": "376287000", "netIncome": "147361000"}, {"fiscalDateEnding": "2020-06-30", "reportedCurrency": "USD", "grossProfit": "378302000", "totalRevenue": "576405000", "costOfRevenue": "198103000", "costofGoodsAndServicesSold": "198103000", "operatingIncome": "186480000", "sellingGeneralAndAdministrative": "15573000", "researchAndDevelopment": "None", "operatingExpenses": "191822000", "investmentIncomeNet": "None", "netInterestIncome": "-53399000", "interestIncome": "512000", "interestExpense": "53399000", "nonInterestIncome": "None", "otherNonOperatingIncome": "35307000", "depreciation": "None", "depreciationAndAmortization": "176249000", "incomeBeforeTax": "169736000", "incomeTaxExpense": "-1133000", "interestAndDebtExpense": "None", "netIncomeFromContinuingOperations": "170869000", "comprehensiveIncomeNetOfTax": "None", "ebit": "223135000", "ebitda": "399384000", "netIncome": "170438000"}, {"fiscalDateEnding": "2020-03-31", "reportedCurrency": "USD", "grossProfit": "402632000", "totalRevenue": "602267000", "costOfRevenue": "199635000", "costofGoodsAndServicesSold": "199635000", "operatingIncome": "207401000", "sellingGeneralAndAdministrative": "17320000", "researchAndDevelopment": "None", "operatingExpenses": "195231000", "investmentIncomeNet": "None", "netInterestIncome": "-55914000", "interestIncome": "1175000", "interestExpense": "55914000", "nonInterestIncome": "None", "otherNonOperatingIncome": "13150000", "depreciation": "None", "depreciationAndAmortization": "177911000", "incomeBeforeTax": "168097000", "incomeTaxExpense": "91000", "interestAndDebtExpense": "None", "netIncomeFromContinuingOperations": "168188000", "comprehensiveIncomeNetOfTax": "None", "ebit": "224011000", "ebitda": "401922000", "netIncome": "167544000"}, {"fiscalDateEnding": "2019-12-31", "reportedCurrency": "USD", "grossProfit": "403175000", "totalRevenue": "593566000", "costOfRevenue": "190391000", "costofGoodsAndServicesSold": "190391000", "operatingIncome": "219208000", "sellingGeneralAndAdministrative": "12602000", "researchAndDevelopment": "None", "operatingExpenses": "183967000", "investmentIncomeNet": "None", "netInterestIncome": "-54190000", "interestIncome": "7872000", "interestExpense": "54190000", "nonInterestIncome": "None", "otherNonOperatingIncome": "8193000", "depreciation": "None", "depreciationAndAmortization": "171365000", "incomeBeforeTax": "169496000", "incomeTaxExpense": "1825000", "interestAndDebtExpense": "None", "netIncomeFromContinuingOperations": "171285000", "comprehensiveIncomeNetOfTax": "None", "ebit": "223686000", "ebitda": "395051000", "netIncome": "167242000"}, {"fiscalDateEnding": "2019-09-30", "reportedCurrency": "USD", "grossProfit": "389794000", "totalRevenue": "587613000", "costOfRevenue": "197819000", "costofGoodsAndServicesSold": "197819000", "operatingIncome": "211562000", "sellingGeneralAndAdministrative": "12769000", "researchAndDevelopment": "None", "operatingExpenses": "178232000", "investmentIncomeNet": "None", "netInterestIncome": "-51493000", "interestIncome": "1643000", "interestExpense": "51493000", "nonInterestIncome": "None", "otherNonOperatingIncome": "132200000", "depreciation": "None", "depreciationAndAmortization": "165464000", "incomeBeforeTax": "290893000", "incomeTaxExpense": "11184000", "interestAndDebtExpense": "None", "netIncomeFromContinuingOperations": "279709000", "comprehensiveIncomeNetOfTax": "None", "ebit": "342386000", "ebitda": "507850000", "netIncome": "278973000"}, {"fiscalDateEnding": "2019-06-30", "reportedCurrency": "USD", "grossProfit": "382152000", "totalRevenue": "577263000", "costOfRevenue": "195111000", "costofGoodsAndServicesSold": "195111000", "operatingIncome": "200494000", "sellingGeneralAndAdministrative": "18965000", "researchAndDevelopment": "None", "operatingExpenses": "181658000", "investmentIncomeNet": "None", "netInterestIncome": "-50010000", "interestIncome": "863000", "interestExpense": "50010000", "nonInterestIncome": "None", "otherNonOperatingIncome": "20761000", "depreciation": "None", "depreciationAndAmortization": "162692000", "incomeBeforeTax": "168305000", "incomeTaxExpense": "50231000", "interestAndDebtExpense": "None", "netIncomeFromContinuingOperations": "168305000", "comprehensiveIncomeNetOfTax": "None", "ebit": "218316000", "ebitda": "381008000", "netIncome": "167846000"}, {"fiscalDateEnding": "2019-03-31", "reportedCurrency": "USD", "grossProfit": "381400000", "totalRevenue": "566184000", "costOfRevenue": "184784000", "costofGoodsAndServicesSold": "184784000", "operatingIncome": "205637000", "sellingGeneralAndAdministrative": "13706000", "researchAndDevelopment": "None", "operatingExpenses": "175763000", "investmentIncomeNet": "None", "netInterestIncome": "-47892000", "interestIncome": "1060000", "interestExpense": "47892000", "nonInterestIncome": "None", "otherNonOperatingIncome": "14042000", "depreciation": "None", "depreciationAndAmortization": "162057000", "incomeBeforeTax": "170418000", "incomeTaxExpense": "12000", "interestAndDebtExpense": "None", "netIncomeFromContinuingOperations": "170442000", "comprehensiveIncomeNetOfTax": "None", "ebit": "218304000", "ebitda": "380361000", "netIncome": "169865000"}, {"fiscalDateEnding": "2018-12-31", "reportedCurrency": "USD", "grossProfit": "385783000", "totalRevenue": "578520000", "costOfRevenue": "192737000", "costofGoodsAndServicesSold": "192737000", "operatingIncome": "212517000", "sellingGeneralAndAdministrative": "14352000", "researchAndDevelopment": "0", "operatingExpenses": "173266000", "investmentIncomeNet": "None", "netInterestIncome": "None", "interestIncome": "None", "interestExpense": "55180000", "nonInterestIncome": "None", "otherNonOperatingIncome": "245252000", "depreciation": "None", "depreciationAndAmortization": "158914000", "incomeBeforeTax": "385636000", "incomeTaxExpense": "-247000", "interestAndDebtExpense": "None", "netIncomeFromContinuingOperations": "385141000", "comprehensiveIncomeNetOfTax": "None", "ebit": "440567000", "ebitda": "599481000", "netIncome": "384617000"}, {"fiscalDateEnding": "2018-09-30", "reportedCurrency": "USD", "grossProfit": "382515000", "totalRevenue": "575982000", "costOfRevenue": "193467000", "costofGoodsAndServicesSold": "193467000", "operatingIncome": "211233000", "sellingGeneralAndAdministrative": "14744000", "researchAndDevelopment": "0", "operatingExpenses": "171282000", "investmentIncomeNet": "None", "netInterestIncome": "None", "interestIncome": "None", "interestExpense": "54097000", "nonInterestIncome": "None", "otherNonOperatingIncome": "37286000", "depreciation": "None", "depreciationAndAmortization": "156539000", "incomeBeforeTax": "192407000", "incomeTaxExpense": "29000", "interestAndDebtExpense": "None", "netIncomeFromContinuingOperations": "192465000", "comprehensiveIncomeNetOfTax": "None", "ebit": "246533000", "ebitda": "403072000", "netIncome": "191931000"}, {"fiscalDateEnding": "2018-06-30", "reportedCurrency": "USD", "grossProfit": "378409000", "totalRevenue": "569239000", "costOfRevenue": "190830000", "costofGoodsAndServicesSold": "190830000", "operatingIncome": "206515000", "sellingGeneralAndAdministrative": "15209000", "researchAndDevelopment": "0", "operatingExpenses": "171894000", "investmentIncomeNet": "None", "netInterestIncome": "None", "interestIncome": "None", "interestExpense": "56585000", "nonInterestIncome": "None", "otherNonOperatingIncome": "106360000", "depreciation": "None", "depreciationAndAmortization": "156684000", "incomeBeforeTax": "254543000", "incomeTaxExpense": "58000", "interestAndDebtExpense": "None", "netIncomeFromContinuingOperations": "254659000", "comprehensiveIncomeNetOfTax": "None", "ebit": "311187000", "ebitda": "467871000", "netIncome": "253935000"}, {"fiscalDateEnding": "2018-03-31", "reportedCurrency": "USD", "grossProfit": "369639000", "totalRevenue": "560792000", "costOfRevenue": "191153000", "costofGoodsAndServicesSold": "191153000", "operatingIncome": "196149000", "sellingGeneralAndAdministrative": "14431000", "researchAndDevelopment": "0", "operatingExpenses": "173490000", "investmentIncomeNet": "None", "netInterestIncome": "None", "interestIncome": "None", "interestExpense": "55113000", "nonInterestIncome": "None", "otherNonOperatingIncome": "1693000", "depreciation": "None", "depreciationAndAmortization": "159059000", "incomeBeforeTax": "141590000", "incomeTaxExpense": "56800000", "interestAndDebtExpense": "None", "netIncomeFromContinuingOperations": "141590000", "comprehensiveIncomeNetOfTax": "None", "ebit": "196703000", "ebitda": "355762000", "netIncome": "141213000"}, {"fiscalDateEnding": "2017-12-31", "reportedCurrency": "USD", "grossProfit": "373484000", "totalRevenue": "555291000", "costOfRevenue": "181807000", "costofGoodsAndServicesSold": "181807000", "operatingIncome": "204519000", "sellingGeneralAndAdministrative": "11865000", "researchAndDevelopment": "0", "operatingExpenses": "168965000", "investmentIncomeNet": "None", "netInterestIncome": "None", "interestIncome": "None", "interestExpense": "52523000", "nonInterestIncome": "None", "otherNonOperatingIncome": "-159642000", "depreciation": "None", "depreciationAndAmortization": "157100000", "incomeBeforeTax": "237486000", "incomeTaxExpense": "39000", "interestAndDebtExpense": "None", "netIncomeFromContinuingOperations": "237564000", "comprehensiveIncomeNetOfTax": "None", "ebit": "290048000", "ebitda": "447148000", "netIncome": "236904000"}, {"fiscalDateEnding": "2017-09-30", "reportedCurrency": "USD", "grossProfit": "363212000", "totalRevenue": "550500000", "costOfRevenue": "187288000", "costofGoodsAndServicesSold": "187288000", "operatingIncome": "206567000", "sellingGeneralAndAdministrative": "11655000", "researchAndDevelopment": "0", "operatingExpenses": "156645000", "investmentIncomeNet": "None", "netInterestIncome": "None", "interestIncome": "None", "interestExpense": "47741000", "nonInterestIncome": "None", "otherNonOperatingIncome": "80186000", "depreciation": "None", "depreciationAndAmortization": "144990000", "incomeBeforeTax": "238199000", "incomeTaxExpense": "24000", "interestAndDebtExpense": "None", "netIncomeFromContinuingOperations": "238247000", "comprehensiveIncomeNetOfTax": "None", "ebit": "285964000", "ebitda": "430954000", "netIncome": "237576000"}, {"fiscalDateEnding": "2017-06-30", "reportedCurrency": "USD", "grossProfit": "350259000", "totalRevenue": "530512000", "costOfRevenue": "180253000", "costofGoodsAndServicesSold": "180253000", "operatingIncome": "194873000", "sellingGeneralAndAdministrative": "13947000", "researchAndDevelopment": "0", "operatingExpenses": "155386000", "investmentIncomeNet": "None", "netInterestIncome": "None", "interestIncome": "None", "interestExpense": "50102000", "nonInterestIncome": "None", "otherNonOperatingIncome": "45213000", "depreciation": "None", "depreciationAndAmortization": "141439000", "incomeBeforeTax": "165194000", "incomeTaxExpense": "58000", "interestAndDebtExpense": "None", "netIncomeFromContinuingOperations": "165310000", "comprehensiveIncomeNetOfTax": "None", "ebit": "215354000", "ebitda": "356793000", "netIncome": "164757000"}, {"fiscalDateEnding": "2017-03-31", "reportedCurrency": "USD", "grossProfit": "346352000", "totalRevenue": "522326000", "costOfRevenue": "175974000", "costofGoodsAndServicesSold": "175974000", "operatingIncome": "192525000", "sellingGeneralAndAdministrative": "13206000", "researchAndDevelopment": "0", "operatingExpenses": "153827000", "investmentIncomeNet": "None", "netInterestIncome": "None", "interestIncome": "None", "interestExpense": "49295000", "nonInterestIncome": "None", "otherNonOperatingIncome": "104987000", "depreciation": "None", "depreciationAndAmortization": "140621000", "incomeBeforeTax": "235781000", "incomeTaxExpense": "20000", "interestAndDebtExpense": "None", "netIncomeFromContinuingOperations": "235821000", "comprehensiveIncomeNetOfTax": "None", "ebit": "285096000", "ebitda": "425717000", "netIncome": "235223000"}, {"fiscalDateEnding": "2016-12-31", "reportedCurrency": "USD", "grossProfit": "348796000", "totalRevenue": "518240000", "costOfRevenue": "169444000", "costofGoodsAndServicesSold": "169444000", "operatingIncome": "198348000", "sellingGeneralAndAdministrative": "10428000", "researchAndDevelopment": "0", "operatingExpenses": "150448000", "investmentIncomeNet": "None", "netInterestIncome": "None", "interestIncome": "None", "interestExpense": "49648000", "nonInterestIncome": "None", "otherNonOperatingIncome": "-202757000", "depreciation": "None", "depreciationAndAmortization": "140020000", "incomeBeforeTax": "242393000", "incomeTaxExpense": "210000", "interestAndDebtExpense": "None", "netIncomeFromContinuingOperations": "241993000", "comprehensiveIncomeNetOfTax": "None", "ebit": "292041000", "ebitda": "432061000", "netIncome": "241661000"}, {"fiscalDateEnding": "2016-09-30", "reportedCurrency": "USD", "grossProfit": "339084000", "totalRevenue": "516211000", "costOfRevenue": "177127000", "costofGoodsAndServicesSold": "177127000", "operatingIncome": "195427000", "sellingGeneralAndAdministrative": "11928000", "researchAndDevelopment": "0", "operatingExpenses": "143657000", "investmentIncomeNet": "None", "netInterestIncome": "None", "interestIncome": "None", "interestExpense": "47871000", "nonInterestIncome": "None", "otherNonOperatingIncome": "212599000", "depreciation": "None", "depreciationAndAmortization": "131729000", "incomeBeforeTax": "356351000", "incomeTaxExpense": "22000", "interestAndDebtExpense": "None", "netIncomeFromContinuingOperations": "356373000", "comprehensiveIncomeNetOfTax": "None", "ebit": "404222000", "ebitda": "535951000", "netIncome": "355520000"}, {"fiscalDateEnding": "2016-06-30", "reportedCurrency": "USD", "grossProfit": "332297000", "totalRevenue": "502307000", "costOfRevenue": "170010000", "costofGoodsAndServicesSold": "170010000", "operatingIncome": "187817000", "sellingGeneralAndAdministrative": "12011000", "researchAndDevelopment": "0", "operatingExpenses": "144480000", "investmentIncomeNet": "None", "netInterestIncome": "None", "interestIncome": "None", "interestExpense": "46581000", "nonInterestIncome": "None", "otherNonOperatingIncome": "27151000", "depreciation": "None", "depreciationAndAmortization": "132469000", "incomeBeforeTax": "197355000", "incomeTaxExpense": "36000", "interestAndDebtExpense": "None", "netIncomeFromContinuingOperations": "197391000", "comprehensiveIncomeNetOfTax": "None", "ebit": "243936000", "ebitda": "376405000", "netIncome": "196928000"}, {"fiscalDateEnding": "2016-03-31", "reportedCurrency": "USD", "grossProfit": "341805000", "totalRevenue": "508498000", "costOfRevenue": "166693000", "costofGoodsAndServicesSold": "166693000", "operatingIncome": "203185000", "sellingGeneralAndAdministrative": "11404000", "researchAndDevelopment": "0", "operatingExpenses": "138620000", "investmentIncomeNet": "None", "netInterestIncome": "None", "interestIncome": "None", "interestExpense": "43410000", "nonInterestIncome": "None", "otherNonOperatingIncome": "27969000", "depreciation": "None", "depreciationAndAmortization": "127216000", "incomeBeforeTax": "237914000", "incomeTaxExpense": "37000", "interestAndDebtExpense": "None", "netIncomeFromContinuingOperations": "237951000", "comprehensiveIncomeNetOfTax": "None", "ebit": "281324000", "ebitda": "408540000", "netIncome": "237299000"}, {"fiscalDateEnding": "2015-12-31", "reportedCurrency": "USD", "grossProfit": "322601000", "totalRevenue": "480841000", "costOfRevenue": "158240000", "costofGoodsAndServicesSold": "158240000", "operatingIncome": "190560000", "sellingGeneralAndAdministrative": "9782000", "researchAndDevelopment": "0", "operatingExpenses": "132041000", "investmentIncomeNet": "None", "netInterestIncome": "None", "interestIncome": "None", "interestExpense": "42217000", "nonInterestIncome": "None", "otherNonOperatingIncome": "10565000", "depreciation": "None", "depreciationAndAmortization": "122259000", "incomeBeforeTax": "155567000", "incomeTaxExpense": "215000", "interestAndDebtExpense": "None", "netIncomeFromContinuingOperations": "155351000", "comprehensiveIncomeNetOfTax": "None", "ebit": "199430000", "ebitda": "321689000", "netIncome": "155098000"}, {"fiscalDateEnding": "2015-09-30", "reportedCurrency": "USD", "grossProfit": "309289000", "totalRevenue": "475360000", "costOfRevenue": "166071000", "costofGoodsAndServicesSold": "166071000", "operatingIncome": "178641000", "sellingGeneralAndAdministrative": "10464000", "researchAndDevelopment": "0", "operatingExpenses": "130648000", "investmentIncomeNet": "None", "netInterestIncome": "None", "interestIncome": "None", "interestExpense": "43234000", "nonInterestIncome": "None", "otherNonOperatingIncome": "55770000", "depreciation": "None", "depreciationAndAmortization": "120184000", "incomeBeforeTax": "206115000", "incomeTaxExpense": "39000", "interestAndDebtExpense": "None", "netIncomeFromContinuingOperations": "206076000", "comprehensiveIncomeNetOfTax": "None", "ebit": "249349000", "ebitda": "369533000", "netIncome": "205675000"}, {"fiscalDateEnding": "2015-06-30", "reportedCurrency": "USD", "grossProfit": "299477000", "totalRevenue": "457459000", "costOfRevenue": "157982000", "costofGoodsAndServicesSold": "157982000", "operatingIncome": "170515000", "sellingGeneralAndAdministrative": "10335000", "researchAndDevelopment": "0", "operatingExpenses": "128962000", "investmentIncomeNet": "None", "netInterestIncome": "None", "interestIncome": "None", "interestExpense": "44590000", "nonInterestIncome": "None", "otherNonOperatingIncome": "23431000", "depreciation": "None", "depreciationAndAmortization": "118627000", "incomeBeforeTax": "173546000", "incomeTaxExpense": "1293000", "interestAndDebtExpense": "None", "netIncomeFromContinuingOperations": "172253000", "comprehensiveIncomeNetOfTax": "None", "ebit": "218136000", "ebitda": "336763000", "netIncome": "171879000"}, {"fiscalDateEnding": "2015-03-31", "reportedCurrency": "USD", "grossProfit": "282413000", "totalRevenue": "442367000", "costOfRevenue": "159954000", "costofGoodsAndServicesSold": "159954000", "operatingIncome": "155092000", "sellingGeneralAndAdministrative": "10468000", "researchAndDevelopment": "0", "operatingExpenses": "127321000", "investmentIncomeNet": "None", "netInterestIncome": "None", "interestIncome": "None", "interestExpense": "45573000", "nonInterestIncome": "None", "otherNonOperatingIncome": "105524000", "depreciation": "None", "depreciationAndAmortization": "116853000", "incomeBeforeTax": "208053000", "incomeTaxExpense": "80048000", "interestAndDebtExpense": "None", "netIncomeFromContinuingOperations": "208053000", "comprehensiveIncomeNetOfTax": "None", "ebit": "253641000", "ebitda": "370494000", "netIncome": "207615000"}, {"fiscalDateEnding": "2014-12-31", "reportedCurrency": "USD", "grossProfit": "288080000", "totalRevenue": "440654000", "costOfRevenue": "152574000", "costofGoodsAndServicesSold": "152574000", "operatingIncome": "163316000", "sellingGeneralAndAdministrative": "10680000", "researchAndDevelopment": "0", "operatingExpenses": "124764000", "investmentIncomeNet": "None", "netInterestIncome": "None", "interestIncome": "None", "interestExpense": "47987000", "nonInterestIncome": "None", "otherNonOperatingIncome": "29711000", "depreciation": "None", "depreciationAndAmortization": "114084000", "incomeBeforeTax": "151862000", "incomeTaxExpense": "9332000", "interestAndDebtExpense": "None", "netIncomeFromContinuingOperations": "142530000", "comprehensiveIncomeNetOfTax": "None", "ebit": "199881000", "ebitda": "313965000", "netIncome": "141973000"}, {"fiscalDateEnding": "2014-09-30", "reportedCurrency": "USD", "grossProfit": "280317000", "totalRevenue": "430525000", "costOfRevenue": "150208000", "costofGoodsAndServicesSold": "150208000", "operatingIncome": "157191000", "sellingGeneralAndAdministrative": "11290000", "researchAndDevelopment": "0", "operatingExpenses": "123126000", "investmentIncomeNet": "None", "netInterestIncome": "None", "interestIncome": "None", "interestExpense": "46376000", "nonInterestIncome": "None", "otherNonOperatingIncome": "130592000", "depreciation": "None", "depreciationAndAmortization": "111836000", "incomeBeforeTax": "241001000", "incomeTaxExpense": "176869000", "interestAndDebtExpense": "None", "netIncomeFromContinuingOperations": "241001000", "comprehensiveIncomeNetOfTax": "None", "ebit": "287377000", "ebitda": "399213000", "netIncome": "240734000"}, {"fiscalDateEnding": "2014-06-30", "reportedCurrency": "USD", "grossProfit": "270308000", "totalRevenue": "413806000", "costOfRevenue": "143498000", "costofGoodsAndServicesSold": "143498000", "operatingIncome": "149693000", "sellingGeneralAndAdministrative": "10220000", "researchAndDevelopment": "0", "operatingExpenses": "120615000", "investmentIncomeNet": "None", "netInterestIncome": "None", "interestIncome": "None", "interestExpense": "43722000", "nonInterestIncome": "None", "otherNonOperatingIncome": "68655000", "depreciation": "None", "depreciationAndAmortization": "110395000", "incomeBeforeTax": "172197000", "incomeTaxExpense": "65543000", "interestAndDebtExpense": "None", "netIncomeFromContinuingOperations": "172197000", "comprehensiveIncomeNetOfTax": "None", "ebit": "215919000", "ebitda": "326314000", "netIncome": "157832000"}, {"fiscalDateEnding": "2014-03-31", "reportedCurrency": "USD", "grossProfit": "257048000", "totalRevenue": "400075000", "costOfRevenue": "143027000", "costofGoodsAndServicesSold": "143027000", "operatingIncome": "141445000", "sellingGeneralAndAdministrative": "9236000", "researchAndDevelopment": "0", "operatingExpenses": "115603000", "investmentIncomeNet": "None", "netInterestIncome": "None", "interestIncome": "None", "interestExpense": "42533000", "nonInterestIncome": "None", "otherNonOperatingIncome": "5223000", "depreciation": "None", "depreciationAndAmortization": "106367000", "incomeBeforeTax": "103420000", "incomeTaxExpense": "8458000", "interestAndDebtExpense": "None", "netIncomeFromContinuingOperations": "103420000", "comprehensiveIncomeNetOfTax": "None", "ebit": "145953000", "ebitda": "252320000", "netIncome": "141507000"}, {"fiscalDateEnding": "2013-12-31", "reportedCurrency": "USD", "grossProfit": "246551000", "totalRevenue": "382450000", "costOfRevenue": "135899000", "costofGoodsAndServicesSold": "135899000", "operatingIncome": "135862000", "sellingGeneralAndAdministrative": "8311000", "researchAndDevelopment": "0", "operatingExpenses": "110689000", "investmentIncomeNet": "None", "netInterestIncome": "None", "interestIncome": "None", "interestExpense": "44630000", "nonInterestIncome": "None", "otherNonOperatingIncome": "5330000", "depreciation": "None", "depreciationAndAmortization": "102378000", "incomeBeforeTax": "88209000", "incomeTaxExpense": "124452000", "interestAndDebtExpense": "None", "netIncomeFromContinuingOperations": "81349000", "comprehensiveIncomeNetOfTax": "None", "ebit": "127022000", "ebitda": "229400000", "netIncome": "251815000"}, {"fiscalDateEnding": "2013-09-30", "reportedCurrency": "USD", "grossProfit": "250148000", "totalRevenue": "389189000", "costOfRevenue": "139041000", "costofGoodsAndServicesSold": "139041000", "operatingIncome": "80397000", "sellingGeneralAndAdministrative": "9878000", "researchAndDevelopment": "0", "operatingExpenses": "169751000", "investmentIncomeNet": "None", "netInterestIncome": "None", "interestIncome": "None", "interestExpense": "43945000", "nonInterestIncome": "None", "otherNonOperatingIncome": "3260000", "depreciation": "None", "depreciationAndAmortization": "159874000", "incomeBeforeTax": "-14106000", "incomeTaxExpense": "42771000", "interestAndDebtExpense": "None", "netIncomeFromContinuingOperations": "-14106000", "comprehensiveIncomeNetOfTax": "None", "ebit": "27997000", "ebitda": "187871000", "netIncome": "-10715000"}, {"fiscalDateEnding": "2013-06-30", "reportedCurrency": "USD", "grossProfit": "249331000", "totalRevenue": "378207000", "costOfRevenue": "128876000", "costofGoodsAndServicesSold": "128876000", "operatingIncome": "48009000", "sellingGeneralAndAdministrative": "11345000", "researchAndDevelopment": "0", "operatingExpenses": "201322000", "investmentIncomeNet": "None", "netInterestIncome": "None", "interestIncome": "None", "interestExpense": "43169000", "nonInterestIncome": "None", "otherNonOperatingIncome": "-940000", "depreciation": "None", "depreciationAndAmortization": "189977000", "incomeBeforeTax": "2052000", "incomeTaxExpense": "6967000", "interestAndDebtExpense": "None", "netIncomeFromContinuingOperations": "2052000", "comprehensiveIncomeNetOfTax": "None", "ebit": "43503000", "ebitda": "233480000", "netIncome": "36159000"}, {"fiscalDateEnding": "2013-03-31", "reportedCurrency": "USD", "grossProfit": "197627000", "totalRevenue": "301357000", "costOfRevenue": "103730000", "costofGoodsAndServicesSold": "103730000", "operatingIncome": "82029000", "sellingGeneralAndAdministrative": "10039000", "researchAndDevelopment": "0", "operatingExpenses": "115598000", "investmentIncomeNet": "None", "netInterestIncome": "None", "interestIncome": "None", "interestExpense": "38174000", "nonInterestIncome": "None", "otherNonOperatingIncome": "-18564000", "depreciation": "None", "depreciationAndAmortization": "105559000", "incomeBeforeTax": "-11468000", "incomeTaxExpense": "-68300000", "interestAndDebtExpense": "None", "netIncomeFromContinuingOperations": "-11468000", "comprehensiveIncomeNetOfTax": "None", "ebit": "23406000", "ebitda": "128965000", "netIncome": "75288000"}, {"fiscalDateEnding": "2012-12-31", "reportedCurrency": "USD", "grossProfit": "158244000", "totalRevenue": "257384000", "costOfRevenue": "99140000", "costofGoodsAndServicesSold": "99140000", "operatingIncome": "87949000", "sellingGeneralAndAdministrative": "7703000", "researchAndDevelopment": "0", "operatingExpenses": "70295000", "investmentIncomeNet": "None", "netInterestIncome": "None", "interestIncome": "None", "interestExpense": "36117000", "nonInterestIncome": "None", "otherNonOperatingIncome": "11113000", "depreciation": "None", "depreciationAndAmortization": "61697000", "incomeBeforeTax": "68237000", "incomeTaxExpense": "-8434000", "interestAndDebtExpense": "None", "netIncomeFromContinuingOperations": "60701000", "comprehensiveIncomeNetOfTax": "None", "ebit": "121604000", "ebitda": "183301000", "netIncome": "122357000"}, {"fiscalDateEnding": "2012-09-30", "reportedCurrency": "USD", "grossProfit": "168375000", "totalRevenue": "261321000", "costOfRevenue": "92946000", "costofGoodsAndServicesSold": "92946000", "operatingIncome": "97253000", "sellingGeneralAndAdministrative": "8372000", "researchAndDevelopment": "608000", "operatingExpenses": "71122000", "investmentIncomeNet": "None", "netInterestIncome": "None", "interestIncome": "None", "interestExpense": "33985000", "nonInterestIncome": "None", "otherNonOperatingIncome": "19747000", "depreciation": "None", "depreciationAndAmortization": "59551000", "incomeBeforeTax": "86747000", "incomeTaxExpense": "19694000", "interestAndDebtExpense": "None", "netIncomeFromContinuingOperations": "86747000", "comprehensiveIncomeNetOfTax": "None", "ebit": "119591000", "ebitda": "179142000", "netIncome": "86658000"}, {"fiscalDateEnding": "2012-06-30", "reportedCurrency": "USD", "grossProfit": "161166000", "totalRevenue": "252445000", "costOfRevenue": "91279000", "costofGoodsAndServicesSold": "91279000", "operatingIncome": "89626000", "sellingGeneralAndAdministrative": "8316000", "researchAndDevelopment": "901000", "operatingExpenses": "71540000", "investmentIncomeNet": "None", "netInterestIncome": "None", "interestIncome": "None", "interestExpense": "33193000", "nonInterestIncome": "None", "otherNonOperatingIncome": "2353000", "depreciation": "None", "depreciationAndAmortization": "62566000", "incomeBeforeTax": "60620000", "incomeTaxExpense": "-63376000", "interestAndDebtExpense": "None", "netIncomeFromContinuingOperations": "60620000", "comprehensiveIncomeNetOfTax": "None", "ebit": "91736000", "ebitda": "154302000", "netIncome": "156362000"}, {"fiscalDateEnding": "2012-03-31", "reportedCurrency": "USD", "grossProfit": "157824000", "totalRevenue": "246032000", "costOfRevenue": "88208000", "costofGoodsAndServicesSold": "88208000", "operatingIncome": "86543000", "sellingGeneralAndAdministrative": "9710000", "researchAndDevelopment": "239000", "operatingExpenses": "71281000", "investmentIncomeNet": "None", "netInterestIncome": "None", "interestIncome": "None", "interestExpense": "33626000", "nonInterestIncome": "None", "otherNonOperatingIncome": "2175000", "depreciation": "None", "depreciationAndAmortization": "61571000", "incomeBeforeTax": "56688000", "incomeTaxExpense": "33735000", "interestAndDebtExpense": "None", "netIncomeFromContinuingOperations": "56688000", "comprehensiveIncomeNetOfTax": "None", "ebit": "87300000", "ebitda": "148871000", "netIncome": "57504000"}, {"fiscalDateEnding": "2011-12-31", "reportedCurrency": "USD", "grossProfit": "153329000", "totalRevenue": "241091000", "costOfRevenue": "87762000", "costofGoodsAndServicesSold": "87762000", "operatingIncome": "83887000", "sellingGeneralAndAdministrative": "7847000", "researchAndDevelopment": "1986000", "operatingExpenses": "69442000", "investmentIncomeNet": "None", "netInterestIncome": "None", "interestIncome": "None", "interestExpense": "78053000", "nonInterestIncome": "None", "otherNonOperatingIncome": "1607000", "depreciation": "None", "depreciationAndAmortization": "63314000", "incomeBeforeTax": "49471000", "incomeTaxExpense": "5908000", "interestAndDebtExpense": "None", "netIncomeFromContinuingOperations": "53308000", "comprehensiveIncomeNetOfTax": "None", "ebit": "83887000", "ebitda": "147201000", "netIncome": "323085000"}, {"fiscalDateEnding": "2011-09-30", "reportedCurrency": "USD", "grossProfit": "151710000", "totalRevenue": "243719000", "costOfRevenue": "92009000", "costofGoodsAndServicesSold": "92009000", "operatingIncome": "84730000", "sellingGeneralAndAdministrative": "6087000", "researchAndDevelopment": "633000", "operatingExpenses": "66980000", "investmentIncomeNet": "None", "netInterestIncome": "None", "interestIncome": "None", "interestExpense": "43970000", "nonInterestIncome": "None", "otherNonOperatingIncome": "16331000", "depreciation": "None", "depreciationAndAmortization": "62736000", "incomeBeforeTax": "46485000", "incomeTaxExpense": "45967000", "interestAndDebtExpense": "None", "netIncomeFromContinuingOperations": "46485000", "comprehensiveIncomeNetOfTax": "None", "ebit": "84730000", "ebitda": "147466000", "netIncome": "44824000"}, {"fiscalDateEnding": "2011-06-30", "reportedCurrency": "USD", "grossProfit": "148364000", "totalRevenue": "235581000", "costOfRevenue": "87217000", "costofGoodsAndServicesSold": "87217000", "operatingIncome": "79383000", "sellingGeneralAndAdministrative": "8145000", "researchAndDevelopment": "1353000", "operatingExpenses": "68981000", "investmentIncomeNet": "None", "netInterestIncome": "None", "interestIncome": "None", "interestExpense": "45855000", "nonInterestIncome": "None", "otherNonOperatingIncome": "395000", "depreciation": "None", "depreciationAndAmortization": "62920000", "incomeBeforeTax": "35608000", "incomeTaxExpense": "39431000", "interestAndDebtExpense": "None", "netIncomeFromContinuingOperations": "35608000", "comprehensiveIncomeNetOfTax": "None", "ebit": "79383000", "ebitda": "142303000", "netIncome": "43373000"}, {"fiscalDateEnding": "2011-03-31", "reportedCurrency": "USD", "grossProfit": "140623000", "totalRevenue": "228530000", "costOfRevenue": "87907000", "costofGoodsAndServicesSold": "87907000", "operatingIncome": "73681000", "sellingGeneralAndAdministrative": "7292000", "researchAndDevelopment": "0", "operatingExpenses": "66942000", "investmentIncomeNet": "None", "netInterestIncome": "None", "interestIncome": "None", "interestExpense": "44271000", "nonInterestIncome": "None", "otherNonOperatingIncome": "503000", "depreciation": "None", "depreciationAndAmortization": "61299000", "incomeBeforeTax": "30537000", "incomeTaxExpense": "44970000", "interestAndDebtExpense": "None", "netIncomeFromContinuingOperations": "30537000", "comprehensiveIncomeNetOfTax": "None", "ebit": "74184000", "ebitda": "135483000", "netIncome": "30341000"}, {"fiscalDateEnding": "2010-12-31", "reportedCurrency": "USD", "grossProfit": "138828000", "totalRevenue": "231892000", "costOfRevenue": "93064000", "costofGoodsAndServicesSold": "93064000", "operatingIncome": "71342000", "sellingGeneralAndAdministrative": "6871000", "researchAndDevelopment": "1685000", "operatingExpenses": "67486000", "investmentIncomeNet": "None", "netInterestIncome": "None", "interestIncome": "None", "interestExpense": "91210000", "nonInterestIncome": "None", "otherNonOperatingIncome": "None", "depreciation": "None", "depreciationAndAmortization": "60615000", "incomeBeforeTax": "147867000", "incomeTaxExpense": "122090000", "interestAndDebtExpense": "None", "netIncomeFromContinuingOperations": "0", "comprehensiveIncomeNetOfTax": "None", "ebit": "71342000", "ebitda": "131957000", "netIncome": "27027000"}, {"fiscalDateEnding": "2010-09-30", "reportedCurrency": "USD", "grossProfit": "135764000", "totalRevenue": "225558000", "costOfRevenue": "89794000", "costofGoodsAndServicesSold": "89794000", "operatingIncome": "70799000", "sellingGeneralAndAdministrative": "7039000", "researchAndDevelopment": "737000", "operatingExpenses": "64965000", "investmentIncomeNet": "None", "netInterestIncome": "None", "interestIncome": "None", "interestExpense": "44262000", "nonInterestIncome": "None", "otherNonOperatingIncome": "None", "depreciation": "None", "depreciationAndAmortization": "58753000", "incomeBeforeTax": "26212000", "incomeTaxExpense": "44012000", "interestAndDebtExpense": "None", "netIncomeFromContinuingOperations": "0", "comprehensiveIncomeNetOfTax": "None", "ebit": "70799000", "ebitda": "129552000", "netIncome": "24654000"}, {"fiscalDateEnding": "2010-06-30", "reportedCurrency": "USD", "grossProfit": "131455000", "totalRevenue": "220342000", "costOfRevenue": "88887000", "costofGoodsAndServicesSold": "88887000", "operatingIncome": "70097000", "sellingGeneralAndAdministrative": "4041000", "researchAndDevelopment": "443000", "operatingExpenses": "61358000", "investmentIncomeNet": "None", "netInterestIncome": "None", "interestIncome": "None", "interestExpense": "41458000", "nonInterestIncome": "None", "otherNonOperatingIncome": "463000", "depreciation": "None", "depreciationAndAmortization": "57479000", "incomeBeforeTax": "51066000", "incomeTaxExpense": "18763000", "interestAndDebtExpense": "None", "netIncomeFromContinuingOperations": "28893000", "comprehensiveIncomeNetOfTax": "None", "ebit": "70097000", "ebitda": "127576000", "netIncome": "51125000"}, {"fiscalDateEnding": "2010-03-31", "reportedCurrency": "USD", "grossProfit": "127381000", "totalRevenue": "215449000", "costOfRevenue": "88068000", "costofGoodsAndServicesSold": "88068000", "operatingIncome": "62514000", "sellingGeneralAndAdministrative": "8895000", "researchAndDevelopment": "505000", "operatingExpenses": "64867000", "investmentIncomeNet": "None", "netInterestIncome": "None", "interestIncome": "None", "interestExpense": "42541000", "nonInterestIncome": "None", "otherNonOperatingIncome": "227000", "depreciation": "None", "depreciationAndAmortization": "56095000", "incomeBeforeTax": "72366000", "incomeTaxExpense": "-10129000", "interestAndDebtExpense": "None", "netIncomeFromContinuingOperations": "20080000", "comprehensiveIncomeNetOfTax": "None", "ebit": "62741000", "ebitda": "118836000", "netIncome": "72523000"}, {"fiscalDateEnding": "2009-12-31", "reportedCurrency": "USD", "grossProfit": "112684000", "totalRevenue": "193741000", "costOfRevenue": "81057000", "costofGoodsAndServicesSold": "81057000", "operatingIncome": "26603000", "sellingGeneralAndAdministrative": "10360000", "researchAndDevelopment": "0", "operatingExpenses": "86081000", "investmentIncomeNet": "None", "netInterestIncome": "None", "interestIncome": "None", "interestExpense": "42487000", "nonInterestIncome": "None", "otherNonOperatingIncome": "None", "depreciation": "None", "depreciationAndAmortization": "56593000", "incomeBeforeTax": "27644000", "incomeTaxExpense": "-8489000", "interestAndDebtExpense": "None", "netIncomeFromContinuingOperations": "0", "comprehensiveIncomeNetOfTax": "None", "ebit": "26603000", "ebitda": "83196000", "netIncome": "32394000"}, {"fiscalDateEnding": "2009-09-30", "reportedCurrency": "USD", "grossProfit": "127257000", "totalRevenue": "215043000", "costOfRevenue": "87786000", "costofGoodsAndServicesSold": "87786000", "operatingIncome": "68520000", "sellingGeneralAndAdministrative": "5750000", "researchAndDevelopment": "0", "operatingExpenses": "58737000", "investmentIncomeNet": "None", "netInterestIncome": "None", "interestIncome": "None", "interestExpense": "41208000", "nonInterestIncome": "None", "otherNonOperatingIncome": "431000", "depreciation": "None", "depreciationAndAmortization": "55316000", "incomeBeforeTax": "58101000", "incomeTaxExpense": "15619000", "interestAndDebtExpense": "None", "netIncomeFromContinuingOperations": "30299000", "comprehensiveIncomeNetOfTax": "None", "ebit": "68520000", "ebitda": "123836000", "netIncome": "58154000"}, {"fiscalDateEnding": "2009-06-30", "reportedCurrency": "USD", "grossProfit": "126313000", "totalRevenue": "212259000", "costOfRevenue": "85946000", "costofGoodsAndServicesSold": "85946000", "operatingIncome": "69749000", "sellingGeneralAndAdministrative": "5390000", "researchAndDevelopment": "0", "operatingExpenses": "56564000", "investmentIncomeNet": "None", "netInterestIncome": "None", "interestIncome": "None", "interestExpense": "37385000", "nonInterestIncome": "None", "otherNonOperatingIncome": "None", "depreciation": "None", "depreciationAndAmortization": "53737000", "incomeBeforeTax": "16723000", "incomeTaxExpense": "60383000", "interestAndDebtExpense": "None", "netIncomeFromContinuingOperations": "0", "comprehensiveIncomeNetOfTax": "None", "ebit": "69749000", "ebitda": "123486000", "netIncome": "17674000"}, {"fiscalDateEnding": "2009-03-31", "reportedCurrency": "USD", "grossProfit": "126067000", "totalRevenue": "209733000", "costOfRevenue": "83666000", "costofGoodsAndServicesSold": "83666000", "operatingIncome": "69809000", "sellingGeneralAndAdministrative": "7247000", "researchAndDevelopment": "0", "operatingExpenses": "56258000", "investmentIncomeNet": "None", "netInterestIncome": "None", "interestIncome": "None", "interestExpense": "29157000", "nonInterestIncome": "None", "otherNonOperatingIncome": "None", "depreciation": "None", "depreciationAndAmortization": "52640000", "incomeBeforeTax": "76205000", "incomeTaxExpense": "29104000", "interestAndDebtExpense": "None", "netIncomeFromContinuingOperations": "0", "comprehensiveIncomeNetOfTax": "None", "ebit": "69809000", "ebitda": "122449000", "netIncome": "47749000"}, {"fiscalDateEnding": "2008-12-31", "reportedCurrency": "USD", "grossProfit": "71227000", "totalRevenue": "220353000", "costOfRevenue": "149126000", "costofGoodsAndServicesSold": "149126000", "operatingIncome": "61139000", "sellingGeneralAndAdministrative": "15960000", "researchAndDevelopment": "0", "operatingExpenses": "10088000", "investmentIncomeNet": "None", "netInterestIncome": "None", "interestIncome": "None", "interestExpense": "29256000", "nonInterestIncome": "None", "otherNonOperatingIncome": "None", "depreciation": "None", "depreciationAndAmortization": "50955000", "incomeBeforeTax": "411487000", "incomeTaxExpense": "409365000", "interestAndDebtExpense": "None", "netIncomeFromContinuingOperations": "0", "comprehensiveIncomeNetOfTax": "None", "ebit": "61348000", "ebitda": "112303000", "netIncome": "2123000"}, {"fiscalDateEnding": "2008-09-30", "reportedCurrency": "USD", "grossProfit": "131883000", "totalRevenue": "215390000", "costOfRevenue": "83507000", "costofGoodsAndServicesSold": "83507000", "operatingIncome": "73867000", "sellingGeneralAndAdministrative": "9318000", "researchAndDevelopment": "0", "operatingExpenses": "58016000", "investmentIncomeNet": "None", "netInterestIncome": "None", "interestIncome": "None", "interestExpense": "28364000", "nonInterestIncome": "None", "otherNonOperatingIncome": "None", "depreciation": "None", "depreciationAndAmortization": "50355000", "incomeBeforeTax": "233581000", "incomeTaxExpense": "-128676000", "interestAndDebtExpense": "None", "netIncomeFromContinuingOperations": "0", "comprehensiveIncomeNetOfTax": "None", "ebit": "73867000", "ebitda": "124222000", "netIncome": "231406000"}, {"fiscalDateEnding": "2008-06-30", "reportedCurrency": "USD", "grossProfit": "44399000", "totalRevenue": "211191000", "costOfRevenue": "80163000", "costofGoodsAndServicesSold": "80163000", "operatingIncome": "73997000", "sellingGeneralAndAdministrative": "9383000", "researchAndDevelopment": "0", "operatingExpenses": "57031000", "investmentIncomeNet": "None", "netInterestIncome": "None", "interestIncome": "None", "interestExpense": "21913000", "nonInterestIncome": "None", "otherNonOperatingIncome": "None", "depreciation": "None", "depreciationAndAmortization": "49350000", "incomeBeforeTax": "51052000", "incomeTaxExpense": "3728000", "interestAndDebtExpense": "None", "netIncomeFromContinuingOperations": "0", "comprehensiveIncomeNetOfTax": "None", "ebit": "73997000", "ebitda": "123347000", "netIncome": "122984000"}, {"fiscalDateEnding": "2008-03-31", "reportedCurrency": "USD", "grossProfit": "144420000", "totalRevenue": "204173000", "costOfRevenue": "59753000", "costofGoodsAndServicesSold": "59753000", "operatingIncome": "71363000", "sellingGeneralAndAdministrative": "8119000", "researchAndDevelopment": "0", "operatingExpenses": "73057000", "investmentIncomeNet": "None", "netInterestIncome": "None", "interestIncome": "None", "interestExpense": "27661000", "nonInterestIncome": "None", "otherNonOperatingIncome": "None", "depreciation": "None", "depreciationAndAmortization": "48792000", "incomeBeforeTax": "74841000", "incomeTaxExpense": "26357000", "interestAndDebtExpense": "None", "netIncomeFromContinuingOperations": "0", "comprehensiveIncomeNetOfTax": "None", "ebit": "71363000", "ebitda": "120155000", "netIncome": "46275000"}, {"fiscalDateEnding": "2007-12-31", "reportedCurrency": "USD", "grossProfit": "212386000", "totalRevenue": "212386000", "costOfRevenue": "135217000", "costofGoodsAndServicesSold": "135217000", "operatingIncome": "70393000", "sellingGeneralAndAdministrative": "8427000", "researchAndDevelopment": "0", "operatingExpenses": "141993000", "investmentIncomeNet": "None", "netInterestIncome": "None", "interestIncome": "None", "interestExpense": "97545000", "nonInterestIncome": "None", "otherNonOperatingIncome": "None", "depreciation": "None", "depreciationAndAmortization": "36368000", "incomeBeforeTax": "358160000", "incomeTaxExpense": "226341000", "interestAndDebtExpense": "None", "netIncomeFromContinuingOperations": "0", "comprehensiveIncomeNetOfTax": "None", "ebit": "81203000", "ebitda": "117571000", "netIncome": "129645000"}, {"fiscalDateEnding": "2007-09-30", "reportedCurrency": "USD", "grossProfit": "137897000", "totalRevenue": "196532000", "costOfRevenue": "58635000", "costofGoodsAndServicesSold": "58635000", "operatingIncome": "70403000", "sellingGeneralAndAdministrative": "6645000", "researchAndDevelopment": "0", "operatingExpenses": "67494000", "investmentIncomeNet": "None", "netInterestIncome": "None", "interestIncome": "None", "interestExpense": "26937000", "nonInterestIncome": "None", "otherNonOperatingIncome": "None", "depreciation": "None", "depreciationAndAmortization": "38727000", "incomeBeforeTax": "530", "incomeTaxExpense": "-95687470", "interestAndDebtExpense": "None", "netIncomeFromContinuingOperations": "0", "comprehensiveIncomeNetOfTax": "None", "ebit": "74568000", "ebitda": "113295000", "netIncome": "126594000"}, {"fiscalDateEnding": "2007-06-30", "reportedCurrency": "USD", "grossProfit": "190924000", "totalRevenue": "190924000", "costOfRevenue": "118789000", "costofGoodsAndServicesSold": "118789000", "operatingIncome": "68895000", "sellingGeneralAndAdministrative": "6642000", "researchAndDevelopment": "0", "operatingExpenses": "122029000", "investmentIncomeNet": "None", "netInterestIncome": "None", "interestIncome": "None", "interestExpense": "26595000", "nonInterestIncome": "None", "otherNonOperatingIncome": "None", "depreciation": "None", "depreciationAndAmortization": "51726000", "incomeBeforeTax": "470", "incomeTaxExpense": "-15129530", "interestAndDebtExpense": "None", "netIncomeFromContinuingOperations": "0", "comprehensiveIncomeNetOfTax": "None", "ebit": "68895000", "ebitda": "120621000", "netIncome": "46702000"}, {"fiscalDateEnding": "2007-03-31", "reportedCurrency": "USD", "grossProfit": "188615000", "totalRevenue": "188615000", "costOfRevenue": "118933000", "costofGoodsAndServicesSold": "118933000", "operatingIncome": "67381000", "sellingGeneralAndAdministrative": "6780000", "researchAndDevelopment": "0", "operatingExpenses": "121234000", "investmentIncomeNet": "None", "netInterestIncome": "None", "interestIncome": "None", "interestExpense": "28664000", "nonInterestIncome": "None", "otherNonOperatingIncome": "None", "depreciation": "None", "depreciationAndAmortization": "44094000", "incomeBeforeTax": "114077000", "incomeTaxExpense": "23868000", "interestAndDebtExpense": "None", "netIncomeFromContinuingOperations": "0", "comprehensiveIncomeNetOfTax": "None", "ebit": "67381000", "ebitda": "111475000", "netIncome": "44345000"}, {"fiscalDateEnding": "2006-12-31", "reportedCurrency": "USD", "grossProfit": "193800000", "totalRevenue": "193800000", "costOfRevenue": "122358000", "costofGoodsAndServicesSold": "122358000", "operatingIncome": "72026000", "sellingGeneralAndAdministrative": "6372000", "researchAndDevelopment": "0", "operatingExpenses": "121774000", "investmentIncomeNet": "None", "netInterestIncome": "None", "interestIncome": "None", "interestExpense": "111046000", "nonInterestIncome": "None", "otherNonOperatingIncome": "None", "depreciation": "None", "depreciationAndAmortization": "43265000", "incomeBeforeTax": "278399000", "incomeTaxExpense": "229122000", "interestAndDebtExpense": "None", "netIncomeFromContinuingOperations": "0", "comprehensiveIncomeNetOfTax": "None", "ebit": "72026000", "ebitda": "115291000", "netIncome": "47102000"}, {"fiscalDateEnding": "2006-09-30", "reportedCurrency": "USD", "grossProfit": "183646000", "totalRevenue": "183646000", "costOfRevenue": "117163000", "costofGoodsAndServicesSold": "117163000", "operatingIncome": "66483000", "sellingGeneralAndAdministrative": "5633000", "researchAndDevelopment": "0", "operatingExpenses": "117163000", "investmentIncomeNet": "None", "netInterestIncome": "None", "interestIncome": "None", "interestExpense": "26937000", "nonInterestIncome": "None", "otherNonOperatingIncome": "None", "depreciation": "None", "depreciationAndAmortization": "42611000", "incomeBeforeTax": "45076000", "incomeTaxExpense": "25978000", "interestAndDebtExpense": "None", "netIncomeFromContinuingOperations": "0", "comprehensiveIncomeNetOfTax": "None", "ebit": "66483000", "ebitda": "109094000", "netIncome": "39938000"}, {"fiscalDateEnding": "2006-06-30", "reportedCurrency": "USD", "grossProfit": "179083000", "totalRevenue": "179083000", "costOfRevenue": "115470000", "costofGoodsAndServicesSold": "115470000", "operatingIncome": "60879000", "sellingGeneralAndAdministrative": "6479000", "researchAndDevelopment": "0", "operatingExpenses": "118204000", "investmentIncomeNet": "None", "netInterestIncome": "None", "interestIncome": "None", "interestExpense": "37318000", "nonInterestIncome": "None", "otherNonOperatingIncome": "None", "depreciation": "None", "depreciationAndAmortization": "42658000", "incomeBeforeTax": "32991000", "incomeTaxExpense": "32646000", "interestAndDebtExpense": "None", "netIncomeFromContinuingOperations": "0", "comprehensiveIncomeNetOfTax": "None", "ebit": "60879000", "ebitda": "103537000", "netIncome": "64831000"}, {"fiscalDateEnding": "2006-03-31", "reportedCurrency": "USD", "grossProfit": "175159000", "totalRevenue": "175159000", "costOfRevenue": "114138000", "costofGoodsAndServicesSold": "114138000", "operatingIncome": "60023000", "sellingGeneralAndAdministrative": "6283000", "researchAndDevelopment": "0", "operatingExpenses": "115136000", "investmentIncomeNet": "None", "netInterestIncome": "None", "interestIncome": "None", "interestExpense": "28664000", "nonInterestIncome": "None", "otherNonOperatingIncome": "None", "depreciation": "None", "depreciationAndAmortization": "45381000", "incomeBeforeTax": "114077000", "incomeTaxExpense": "-17323000", "interestAndDebtExpense": "None", "netIncomeFromContinuingOperations": "0", "comprehensiveIncomeNetOfTax": "None", "ebit": "60023000", "ebitda": "105404000", "netIncome": "108939000"}, {"fiscalDateEnding": "2005-12-31", "reportedCurrency": "USD", "grossProfit": "174977000", "totalRevenue": "174977000", "costOfRevenue": "114371000", "costofGoodsAndServicesSold": "114371000", "operatingIncome": "60922000", "sellingGeneralAndAdministrative": "6483000", "researchAndDevelopment": "0", "operatingExpenses": "114055000", "investmentIncomeNet": "None", "netInterestIncome": "None", "interestIncome": "None", "interestExpense": "127099000", "nonInterestIncome": "None", "otherNonOperatingIncome": "None", "depreciation": "None", "depreciationAndAmortization": "43585000", "incomeBeforeTax": "322378000", "incomeTaxExpense": "225649000", "interestAndDebtExpense": "None", "netIncomeFromContinuingOperations": "0", "comprehensiveIncomeNetOfTax": "None", "ebit": "60922000", "ebitda": "104507000", "netIncome": "94554000"}]}