{"symbol": "OXY", "annualReports": [{"fiscalDateEnding": "2024-12-31", "reportedCurrency": "USD", "grossProfit": "9649000000", "totalRevenue": "27099000000", "costOfRevenue": "17450000000", "costofGoodsAndServicesSold": "17450000000", "operatingIncome": "5967000000", "sellingGeneralAndAdministrative": "1062000000", "researchAndDevelopment": "None", "operatingExpenses": "3682000000", "investmentIncomeNet": "None", "netInterestIncome": "-1004000000", "interestIncome": "171000000", "interestExpense": "1175000000", "nonInterestIncome": "None", "otherNonOperatingIncome": "None", "depreciation": "None", "depreciationAndAmortization": "7477000000", "incomeBeforeTax": "4070000000", "incomeTaxExpense": "1174000000", "interestAndDebtExpense": "None", "netIncomeFromContinuingOperations": "2896000000", "comprehensiveIncomeNetOfTax": "None", "ebit": "5245000000", "ebitda": "12722000000", "netIncome": "3043000000"}, {"fiscalDateEnding": "2023-12-31", "reportedCurrency": "USD", "grossProfit": "9742000000", "totalRevenue": "28331000000", "costOfRevenue": "18589000000", "costofGoodsAndServicesSold": "18589000000", "operatingIncome": "6488000000", "sellingGeneralAndAdministrative": "1083000000", "researchAndDevelopment": "None", "operatingExpenses": "3254000000", "investmentIncomeNet": "None", "netInterestIncome": "-806000000", "interestIncome": "139000000", "interestExpense": "945000000", "nonInterestIncome": "None", "otherNonOperatingIncome": "None", "depreciation": "None", "depreciationAndAmortization": "7164000000", "incomeBeforeTax": "6429000000", "incomeTaxExpense": "1733000000", "interestAndDebtExpense": "None", "netIncomeFromContinuingOperations": "4696000000", "comprehensiveIncomeNetOfTax": "None", "ebit": "7374000000", "ebitda": "14538000000", "netIncome": "4673000000"}, {"fiscalDateEnding": "2022-12-31", "reportedCurrency": "USD", "grossProfit": "17048000000", "totalRevenue": "36253000000", "costOfRevenue": "19205000000", "costofGoodsAndServicesSold": "19205000000", "operatingIncome": "13284000000", "sellingGeneralAndAdministrative": "2727000000", "researchAndDevelopment": "None", "operatingExpenses": "3764000000", "investmentIncomeNet": "None", "netInterestIncome": "-877000000", "interestIncome": "388000000", "interestExpense": "1030000000", "nonInterestIncome": "None", "otherNonOperatingIncome": "1110000000", "depreciation": "None", "depreciationAndAmortization": "7010000000", "incomeBeforeTax": "14117000000", "incomeTaxExpense": "813000000", "interestAndDebtExpense": "None", "netIncomeFromContinuingOperations": "13304000000", "comprehensiveIncomeNetOfTax": "None", "ebit": "15147000000", "ebitda": "22157000000", "netIncome": "13221000000"}, {"fiscalDateEnding": "2021-12-31", "reportedCurrency": "USD", "grossProfit": "7604000000", "totalRevenue": "25962000000", "costOfRevenue": "18358000000", "costofGoodsAndServicesSold": "18358000000", "operatingIncome": "4671000000", "sellingGeneralAndAdministrative": "2933000000", "researchAndDevelopment": "None", "operatingExpenses": "2933000000", "investmentIncomeNet": "None", "netInterestIncome": "-1448000000", "interestIncome": "669000000", "interestExpense": "1614000000", "nonInterestIncome": "None", "otherNonOperatingIncome": "753000000", "depreciation": "None", "depreciationAndAmortization": "8572000000", "incomeBeforeTax": "3705000000", "incomeTaxExpense": "915000000", "interestAndDebtExpense": "None", "netIncomeFromContinuingOperations": "2790000000", "comprehensiveIncomeNetOfTax": "None", "ebit": "5319000000", "ebitda": "13891000000", "netIncome": "2312000000"}, {"fiscalDateEnding": "2020-12-31", "reportedCurrency": "USD", "grossProfit": "441000000", "totalRevenue": "17138000000", "costOfRevenue": "16697000000", "costofGoodsAndServicesSold": "16697000000", "operatingIncome": "-1929000000", "sellingGeneralAndAdministrative": "864000000", "researchAndDevelopment": "None", "operatingExpenses": "2370000000", "investmentIncomeNet": "None", "netInterestIncome": "-1306000000", "interestIncome": "3143000000", "interestExpense": "1424000000", "nonInterestIncome": "None", "otherNonOperatingIncome": "-53000000", "depreciation": "None", "depreciationAndAmortization": "8144000000", "incomeBeforeTax": "-15705000000", "incomeTaxExpense": "-2172000000", "interestAndDebtExpense": "None", "netIncomeFromContinuingOperations": "-13533000000", "comprehensiveIncomeNetOfTax": "None", "ebit": "-14281000000", "ebitda": "-6137000000", "netIncome": "-14831000000"}, {"fiscalDateEnding": "2019-12-31", "reportedCurrency": "USD", "grossProfit": "4440000000", "totalRevenue": "19214000000", "costOfRevenue": "14774000000", "costofGoodsAndServicesSold": "14774000000", "operatingIncome": "1286000000", "sellingGeneralAndAdministrative": "882000000", "researchAndDevelopment": "None", "operatingExpenses": "3154000000", "investmentIncomeNet": "None", "netInterestIncome": "-849000000", "interestIncome": "217000000", "interestExpense": "1066000000", "nonInterestIncome": "None", "otherNonOperatingIncome": "606000000", "depreciation": "None", "depreciationAndAmortization": "6229000000", "incomeBeforeTax": "354000000", "incomeTaxExpense": "861000000", "interestAndDebtExpense": "None", "netIncomeFromContinuingOperations": "-507000000", "comprehensiveIncomeNetOfTax": "None", "ebit": "1420000000", "ebitda": "7649000000", "netIncome": "-667000000"}, {"fiscalDateEnding": "2018-12-31", "reportedCurrency": "USD", "grossProfit": "4915000000", "totalRevenue": "15570000000", "costOfRevenue": "10655000000", "costofGoodsAndServicesSold": "10655000000", "operatingIncome": "2863000000", "sellingGeneralAndAdministrative": "1613000000", "researchAndDevelopment": "0", "operatingExpenses": "2052000000", "investmentIncomeNet": "None", "netInterestIncome": "-253000000", "interestIncome": "136000000", "interestExpense": "389000000", "nonInterestIncome": "None", "otherNonOperatingIncome": "331000000", "depreciation": "None", "depreciationAndAmortization": "4033000000", "incomeBeforeTax": "5939000000", "incomeTaxExpense": "1477000000", "interestAndDebtExpense": "None", "netIncomeFromContinuingOperations": "4131000000", "comprehensiveIncomeNetOfTax": "None", "ebit": "5997000000", "ebitda": "10030000000", "netIncome": "4114000000"}, {"fiscalDateEnding": "2017-12-31", "reportedCurrency": "USD", "grossProfit": "2782000000", "totalRevenue": "12460000000", "costOfRevenue": "9678000000", "costofGoodsAndServicesSold": "9678000000", "operatingIncome": "1047000000", "sellingGeneralAndAdministrative": "1424000000", "researchAndDevelopment": "0", "operatingExpenses": "1735000000", "investmentIncomeNet": "None", "netInterestIncome": "-246000000", "interestIncome": "99000000", "interestExpense": "345000000", "nonInterestIncome": "None", "otherNonOperatingIncome": "357000000", "depreciation": "None", "depreciationAndAmortization": "4053000000", "incomeBeforeTax": "1328000000", "incomeTaxExpense": "17000000", "interestAndDebtExpense": "None", "netIncomeFromContinuingOperations": "1311000000", "comprehensiveIncomeNetOfTax": "None", "ebit": "1316000000", "ebitda": "5369000000", "netIncome": "1305000000"}, {"fiscalDateEnding": "2016-12-31", "reportedCurrency": "USD", "grossProfit": "575000000", "totalRevenue": "10094000000", "costOfRevenue": "9519000000", "costofGoodsAndServicesSold": "9519000000", "operatingIncome": "-1032000000", "sellingGeneralAndAdministrative": "1330000000", "researchAndDevelopment": "0", "operatingExpenses": "1607000000", "investmentIncomeNet": "None", "netInterestIncome": "-186000000", "interestIncome": "106000000", "interestExpense": "292000000", "nonInterestIncome": "None", "otherNonOperatingIncome": "181000000", "depreciation": "None", "depreciationAndAmortization": "4301000000", "incomeBeforeTax": "-1664000000", "incomeTaxExpense": "-662000000", "interestAndDebtExpense": "None", "netIncomeFromContinuingOperations": "-1002000000", "comprehensiveIncomeNetOfTax": "None", "ebit": "-1553000000", "ebitda": "2748000000", "netIncome": "-574000000"}, {"fiscalDateEnding": "2015-12-31", "reportedCurrency": "USD", "grossProfit": "2094000000", "totalRevenue": "12478000000", "costOfRevenue": "10384000000", "costofGoodsAndServicesSold": "10384000000", "operatingIncome": "481000000", "sellingGeneralAndAdministrative": "1270000000", "researchAndDevelopment": "0", "operatingExpenses": "1613000000", "investmentIncomeNet": "None", "netInterestIncome": "None", "interestIncome": "46000000", "interestExpense": "147000000", "nonInterestIncome": "None", "otherNonOperatingIncome": "208000000", "depreciation": "None", "depreciationAndAmortization": "4554000000", "incomeBeforeTax": "-9476000000", "incomeTaxExpense": "-1330000000", "interestAndDebtExpense": "None", "netIncomeFromContinuingOperations": "-8146000000", "comprehensiveIncomeNetOfTax": "None", "ebit": "-9537000000", "ebitda": "-4983000000", "netIncome": "-7829000000"}, {"fiscalDateEnding": "2014-12-31", "reportedCurrency": "USD", "grossProfit": "8177000000", "totalRevenue": "19391000000", "costOfRevenue": "11214000000", "costofGoodsAndServicesSold": "11214000000", "operatingIncome": "6124000000", "sellingGeneralAndAdministrative": "1503000000", "researchAndDevelopment": "0", "operatingExpenses": "2053000000", "investmentIncomeNet": "None", "netInterestIncome": "None", "interestIncome": "None", "interestExpense": "77000000", "nonInterestIncome": "None", "otherNonOperatingIncome": "331000000", "depreciation": "None", "depreciationAndAmortization": "4360000000", "incomeBeforeTax": "1555000000", "incomeTaxExpense": "1685000000", "interestAndDebtExpense": "None", "netIncomeFromContinuingOperations": "-130000000", "comprehensiveIncomeNetOfTax": "None", "ebit": "1301000000", "ebitda": "5661000000", "netIncome": "616000000"}, {"fiscalDateEnding": "2013-12-31", "reportedCurrency": "USD", "grossProfit": "11275000000", "totalRevenue": "24440000000", "costOfRevenue": "13165000000", "costofGoodsAndServicesSold": "13165000000", "operatingIncome": "8725000000", "sellingGeneralAndAdministrative": "1801000000", "researchAndDevelopment": "0", "operatingExpenses": "2550000000", "investmentIncomeNet": "None", "netInterestIncome": "None", "interestIncome": "None", "interestExpense": "132000000", "nonInterestIncome": "None", "otherNonOperatingIncome": "1570000000", "depreciation": "None", "depreciationAndAmortization": "5489000000", "incomeBeforeTax": "9677000000", "incomeTaxExpense": "3755000000", "interestAndDebtExpense": "None", "netIncomeFromContinuingOperations": "5527000000", "comprehensiveIncomeNetOfTax": "None", "ebit": "9400000000", "ebitda": "14889000000", "netIncome": "5890000000"}, {"fiscalDateEnding": "2012-12-31", "reportedCurrency": "USD", "grossProfit": "11399000000", "totalRevenue": "24099000000", "costOfRevenue": "12700000000", "costofGoodsAndServicesSold": "12700000000", "operatingIncome": "9117000000", "sellingGeneralAndAdministrative": "1602000000", "researchAndDevelopment": "0", "operatingExpenses": "2282000000", "investmentIncomeNet": "None", "netInterestIncome": "None", "interestIncome": "None", "interestExpense": "154000000", "nonInterestIncome": "None", "otherNonOperatingIncome": "363000000", "depreciation": "None", "depreciationAndAmortization": "4790000000", "incomeBeforeTax": "7753000000", "incomeTaxExpense": "3118000000", "interestAndDebtExpense": "None", "netIncomeFromContinuingOperations": "4635000000", "comprehensiveIncomeNetOfTax": "None", "ebit": "7520000000", "ebitda": "12310000000", "netIncome": "4590000000"}, {"fiscalDateEnding": "2011-12-31", "reportedCurrency": "USD", "grossProfit": "12510000000", "totalRevenue": "23744000000", "costOfRevenue": "11234000000", "costofGoodsAndServicesSold": "11234000000", "operatingIncome": "10382000000", "sellingGeneralAndAdministrative": "1523000000", "researchAndDevelopment": "0", "operatingExpenses": "2128000000", "investmentIncomeNet": "None", "netInterestIncome": "None", "interestIncome": "None", "interestExpense": "298000000", "nonInterestIncome": "None", "otherNonOperatingIncome": "None", "depreciation": "None", "depreciationAndAmortization": "3591000000", "incomeBeforeTax": "10841000000", "incomeTaxExpense": "4201000000", "interestAndDebtExpense": "None", "netIncomeFromContinuingOperations": "None", "comprehensiveIncomeNetOfTax": "None", "ebit": "10757000000", "ebitda": "14348000000", "netIncome": "6760000000"}, {"fiscalDateEnding": "2010-12-31", "reportedCurrency": "USD", "grossProfit": "9321000000", "totalRevenue": "18873000000", "costOfRevenue": "9552000000", "costofGoodsAndServicesSold": "9552000000", "operatingIncome": "7466000000", "sellingGeneralAndAdministrative": "1396000000", "researchAndDevelopment": "0", "operatingExpenses": "1855000000", "investmentIncomeNet": "None", "netInterestIncome": "None", "interestIncome": "None", "interestExpense": "116000000", "nonInterestIncome": "None", "otherNonOperatingIncome": "278000000", "depreciation": "None", "depreciationAndAmortization": "3178000000", "incomeBeforeTax": "7636000000", "incomeTaxExpense": "2995000000", "interestAndDebtExpense": "None", "netIncomeFromContinuingOperations": "4641000000", "comprehensiveIncomeNetOfTax": "None", "ebit": "7475000000", "ebitda": "10653000000", "netIncome": "4524000000"}, {"fiscalDateEnding": "2009-12-31", "reportedCurrency": "USD", "grossProfit": "6587000000", "totalRevenue": "15356000000", "costOfRevenue": "8769000000", "costofGoodsAndServicesSold": "8769000000", "operatingIncome": "4804000000", "sellingGeneralAndAdministrative": "1375000000", "researchAndDevelopment": "0", "operatingExpenses": "1783000000", "investmentIncomeNet": "None", "netInterestIncome": "None", "interestIncome": "None", "interestExpense": "140000000", "nonInterestIncome": "None", "otherNonOperatingIncome": "None", "depreciation": "None", "depreciationAndAmortization": "3142000000", "incomeBeforeTax": "4896000000", "incomeTaxExpense": "1918000000", "interestAndDebtExpense": "None", "netIncomeFromContinuingOperations": "None", "comprehensiveIncomeNetOfTax": "None", "ebit": "4809000000", "ebitda": "7951000000", "netIncome": "2911000000"}, {"fiscalDateEnding": "2008-12-31", "reportedCurrency": "USD", "grossProfit": "13813000000", "totalRevenue": "24301000000", "costOfRevenue": "10488000000", "costofGoodsAndServicesSold": "10488000000", "operatingIncome": "11968000000", "sellingGeneralAndAdministrative": "1285000000", "researchAndDevelopment": "None", "operatingExpenses": "1845000000", "investmentIncomeNet": "None", "netInterestIncome": "None", "interestIncome": "None", "interestExpense": "129000000", "nonInterestIncome": "None", "otherNonOperatingIncome": "None", "depreciation": "None", "depreciationAndAmortization": "2738000000", "incomeBeforeTax": "11584000000", "incomeTaxExpense": "4629000000", "interestAndDebtExpense": "None", "netIncomeFromContinuingOperations": "None", "comprehensiveIncomeNetOfTax": "None", "ebit": "11500000000", "ebitda": "14238000000", "netIncome": "6857000000"}, {"fiscalDateEnding": "2007-12-31", "reportedCurrency": "USD", "grossProfit": "9310000000", "totalRevenue": "18845000000", "costOfRevenue": "9535000000", "costofGoodsAndServicesSold": "9535000000", "operatingIncome": "7749000000", "sellingGeneralAndAdministrative": "1668000000", "researchAndDevelopment": "None", "operatingExpenses": "1561000000", "investmentIncomeNet": "None", "netInterestIncome": "None", "interestIncome": "None", "interestExpense": "199000000", "nonInterestIncome": "None", "otherNonOperatingIncome": "None", "depreciation": "None", "depreciationAndAmortization": "2486000000", "incomeBeforeTax": "8660000000", "incomeTaxExpense": "3507000000", "interestAndDebtExpense": "None", "netIncomeFromContinuingOperations": "None", "comprehensiveIncomeNetOfTax": "None", "ebit": "8917000000", "ebitda": "11403000000", "netIncome": "5400000000"}, {"fiscalDateEnding": "2006-12-31", "reportedCurrency": "USD", "grossProfit": "8794000000", "totalRevenue": "17175000000", "costOfRevenue": "8381000000", "costofGoodsAndServicesSold": "8381000000", "operatingIncome": "7391000000", "sellingGeneralAndAdministrative": "1418000000", "researchAndDevelopment": "None", "operatingExpenses": "1403000000", "investmentIncomeNet": "None", "netInterestIncome": "None", "interestIncome": "None", "interestExpense": "291000000", "nonInterestIncome": "None", "otherNonOperatingIncome": "None", "depreciation": "None", "depreciationAndAmortization": "2008000000", "incomeBeforeTax": "7667000000", "incomeTaxExpense": "3354000000", "interestAndDebtExpense": "None", "netIncomeFromContinuingOperations": "None", "comprehensiveIncomeNetOfTax": "None", "ebit": "7775000000", "ebitda": "9783000000", "netIncome": "4191000000"}, {"fiscalDateEnding": "2005-12-31", "reportedCurrency": "USD", "grossProfit": "7656000000", "totalRevenue": "14597000000", "costOfRevenue": "6941000000", "costofGoodsAndServicesSold": "6941000000", "operatingIncome": "6270000000", "sellingGeneralAndAdministrative": "1477000000", "researchAndDevelopment": "None", "operatingExpenses": "1386000000", "investmentIncomeNet": "None", "netInterestIncome": "None", "interestIncome": "None", "interestExpense": "293000000", "nonInterestIncome": "None", "otherNonOperatingIncome": "None", "depreciation": "None", "depreciationAndAmortization": "1422000000", "incomeBeforeTax": "7040000000", "incomeTaxExpense": "1927000000", "interestAndDebtExpense": "None", "netIncomeFromContinuingOperations": "None", "comprehensiveIncomeNetOfTax": "None", "ebit": "7101000000", "ebitda": "8523000000", "netIncome": "5278000000"}], "quarterlyReports": [{"fiscalDateEnding": "2025-09-30", "reportedCurrency": "USD", "grossProfit": "2161000000", "totalRevenue": "6624000000", "costOfRevenue": "4463000000", "costofGoodsAndServicesSold": "4463000000", "operatingIncome": "1174000000", "sellingGeneralAndAdministrative": "277000000", "researchAndDevelopment": "None", "operatingExpenses": "987000000", "investmentIncomeNet": "None", "netInterestIncome": "-211000000", "interestIncome": "59000000", "interestExpense": "270000000", "nonInterestIncome": "None", "otherNonOperatingIncome": "None", "depreciation": "None", "depreciationAndAmortization": "2061000000", "incomeBeforeTax": "1166000000", "incomeTaxExpense": "324000000", "interestAndDebtExpense": "None", "netIncomeFromContinuingOperations": "842000000", "comprehensiveIncomeNetOfTax": "None", "ebit": "1436000000", "ebitda": "3497000000", "netIncome": "830000000"}, {"fiscalDateEnding": "2025-06-30", "reportedCurrency": "USD", "grossProfit": "1907000000", "totalRevenue": "6317000000", "costOfRevenue": "4410000000", "costofGoodsAndServicesSold": "4410000000", "operatingIncome": "857000000", "sellingGeneralAndAdministrative": "284000000", "researchAndDevelopment": "None", "operatingExpenses": "1050000000", "investmentIncomeNet": "None", "netInterestIncome": "-232000000", "interestIncome": "44000000", "interestExpense": "276000000", "nonInterestIncome": "None", "otherNonOperatingIncome": "None", "depreciation": "None", "depreciationAndAmortization": "1936000000", "incomeBeforeTax": "738000000", "incomeTaxExpense": "270000000", "interestAndDebtExpense": "None", "netIncomeFromContinuingOperations": "468000000", "comprehensiveIncomeNetOfTax": "None", "ebit": "1014000000", "ebitda": "2950000000", "netIncome": "431000000"}, {"fiscalDateEnding": "2025-03-31", "reportedCurrency": "USD", "grossProfit": "2507000000", "totalRevenue": "6910000000", "costOfRevenue": "4403000000", "costofGoodsAndServicesSold": "4403000000", "operatingIncome": "1584000000", "sellingGeneralAndAdministrative": "267000000", "researchAndDevelopment": "None", "operatingExpenses": "923000000", "investmentIncomeNet": "None", "netInterestIncome": "-259000000", "interestIncome": "59000000", "interestExpense": "318000000", "nonInterestIncome": "None", "otherNonOperatingIncome": "None", "depreciation": "None", "depreciationAndAmortization": "1917000000", "incomeBeforeTax": "1332000000", "incomeTaxExpense": "387000000", "interestAndDebtExpense": "None", "netIncomeFromContinuingOperations": "945000000", "comprehensiveIncomeNetOfTax": "None", "ebit": "1650000000", "ebitda": "3567000000", "netIncome": "931000000"}, {"fiscalDateEnding": "2024-12-31", "reportedCurrency": "USD", "grossProfit": "2413000000", "totalRevenue": "6924000000", "costOfRevenue": "4511000000", "costofGoodsAndServicesSold": "4511000000", "operatingIncome": "1361000000", "sellingGeneralAndAdministrative": "276000000", "researchAndDevelopment": "None", "operatingExpenses": "1052000000", "investmentIncomeNet": "None", "netInterestIncome": "-286000000", "interestIncome": "41000000", "interestExpense": "327000000", "nonInterestIncome": "None", "otherNonOperatingIncome": "None", "depreciation": "None", "depreciationAndAmortization": "1977000000", "incomeBeforeTax": "-169000000", "incomeTaxExpense": "-49000000", "interestAndDebtExpense": "None", "netIncomeFromContinuingOperations": "-120000000", "comprehensiveIncomeNetOfTax": "None", "ebit": "158000000", "ebitda": "2135000000", "netIncome": "-125000000"}, {"fiscalDateEnding": "2024-09-30", "reportedCurrency": "USD", "grossProfit": "2601000000", "totalRevenue": "7087000000", "costOfRevenue": "4486000000", "costofGoodsAndServicesSold": "4486000000", "operatingIncome": "1743000000", "sellingGeneralAndAdministrative": "268000000", "researchAndDevelopment": "None", "operatingExpenses": "858000000", "investmentIncomeNet": "None", "netInterestIncome": "-252000000", "interestIncome": "60000000", "interestExpense": "312000000", "nonInterestIncome": "None", "otherNonOperatingIncome": "None", "depreciation": "None", "depreciationAndAmortization": "1926000000", "incomeBeforeTax": "1594000000", "incomeTaxExpense": "454000000", "interestAndDebtExpense": "None", "netIncomeFromContinuingOperations": "1140000000", "comprehensiveIncomeNetOfTax": "None", "ebit": "1906000000", "ebitda": "3832000000", "netIncome": "1128000000"}, {"fiscalDateEnding": "2024-06-30", "reportedCurrency": "USD", "grossProfit": "2523000000", "totalRevenue": "6875000000", "costOfRevenue": "4352000000", "costofGoodsAndServicesSold": "4352000000", "operatingIncome": "1655000000", "sellingGeneralAndAdministrative": "259000000", "researchAndDevelopment": "None", "operatingExpenses": "868000000", "investmentIncomeNet": "None", "netInterestIncome": "-218000000", "interestIncome": "34000000", "interestExpense": "252000000", "nonInterestIncome": "None", "otherNonOperatingIncome": "None", "depreciation": "None", "depreciationAndAmortization": "1775000000", "incomeBeforeTax": "1635000000", "incomeTaxExpense": "465000000", "interestAndDebtExpense": "None", "netIncomeFromContinuingOperations": "1170000000", "comprehensiveIncomeNetOfTax": "None", "ebit": "1887000000", "ebitda": "3662000000", "netIncome": "1155000000"}, {"fiscalDateEnding": "2024-03-31", "reportedCurrency": "USD", "grossProfit": "2112000000", "totalRevenue": "6213000000", "costOfRevenue": "4101000000", "costofGoodsAndServicesSold": "4101000000", "operatingIncome": "1208000000", "sellingGeneralAndAdministrative": "259000000", "researchAndDevelopment": "None", "operatingExpenses": "904000000", "investmentIncomeNet": "None", "netInterestIncome": "-248000000", "interestIncome": "36000000", "interestExpense": "284000000", "nonInterestIncome": "None", "otherNonOperatingIncome": "None", "depreciation": "None", "depreciationAndAmortization": "1693000000", "incomeBeforeTax": "1010000000", "incomeTaxExpense": "304000000", "interestAndDebtExpense": "None", "netIncomeFromContinuingOperations": "706000000", "comprehensiveIncomeNetOfTax": "None", "ebit": "1294000000", "ebitda": "2987000000", "netIncome": "884000000"}, {"fiscalDateEnding": "2023-12-31", "reportedCurrency": "USD", "grossProfit": "2469000000", "totalRevenue": "7339000000", "costOfRevenue": "4870000000", "costofGoodsAndServicesSold": "4870000000", "operatingIncome": "1499000000", "sellingGeneralAndAdministrative": "307000000", "researchAndDevelopment": "None", "operatingExpenses": "970000000", "investmentIncomeNet": "None", "netInterestIncome": "-215000000", "interestIncome": "32000000", "interestExpense": "247000000", "nonInterestIncome": "None", "otherNonOperatingIncome": "None", "depreciation": "None", "depreciationAndAmortization": "1723000000", "incomeBeforeTax": "1559000000", "incomeTaxExpense": "361000000", "interestAndDebtExpense": "None", "netIncomeFromContinuingOperations": "1198000000", "comprehensiveIncomeNetOfTax": "None", "ebit": "1806000000", "ebitda": "3529000000", "netIncome": "1192000000"}, {"fiscalDateEnding": "2023-09-30", "reportedCurrency": "USD", "grossProfit": "2681000000", "totalRevenue": "7272000000", "costOfRevenue": "4591000000", "costofGoodsAndServicesSold": "4591000000", "operatingIncome": "1805000000", "sellingGeneralAndAdministrative": "258000000", "researchAndDevelopment": "None", "operatingExpenses": "876000000", "investmentIncomeNet": "None", "netInterestIncome": "-180000000", "interestIncome": "50000000", "interestExpense": "230000000", "nonInterestIncome": "None", "otherNonOperatingIncome": "None", "depreciation": "None", "depreciationAndAmortization": "1712000000", "incomeBeforeTax": "1809000000", "incomeTaxExpense": "434000000", "interestAndDebtExpense": "None", "netIncomeFromContinuingOperations": "1375000000", "comprehensiveIncomeNetOfTax": "None", "ebit": "2039000000", "ebitda": "3751000000", "netIncome": "1368000000"}, {"fiscalDateEnding": "2023-06-30", "reportedCurrency": "USD", "grossProfit": "2005000000", "totalRevenue": "6602000000", "costOfRevenue": "4597000000", "costofGoodsAndServicesSold": "4597000000", "operatingIncome": "1452000000", "sellingGeneralAndAdministrative": "553000000", "researchAndDevelopment": "None", "operatingExpenses": "553000000", "investmentIncomeNet": "None", "netInterestIncome": "-202000000", "interestIncome": "28000000", "interestExpense": "230000000", "nonInterestIncome": "None", "otherNonOperatingIncome": "186000000", "depreciation": "None", "depreciationAndAmortization": "1709000000", "incomeBeforeTax": "1327000000", "incomeTaxExpense": "467000000", "interestAndDebtExpense": "None", "netIncomeFromContinuingOperations": "860000000", "comprehensiveIncomeNetOfTax": "None", "ebit": "1557000000", "ebitda": "3266000000", "netIncome": "856000000"}, {"fiscalDateEnding": "2023-03-31", "reportedCurrency": "USD", "grossProfit": "2587000000", "totalRevenue": "7118000000", "costOfRevenue": "4531000000", "costofGoodsAndServicesSold": "4531000000", "operatingIncome": "1732000000", "sellingGeneralAndAdministrative": "855000000", "researchAndDevelopment": "None", "operatingExpenses": "855000000", "investmentIncomeNet": "None", "netInterestIncome": "-209000000", "interestIncome": "29000000", "interestExpense": "238000000", "nonInterestIncome": "None", "otherNonOperatingIncome": "104000000", "depreciation": "None", "depreciationAndAmortization": "1721000000", "incomeBeforeTax": "1734000000", "incomeTaxExpense": "471000000", "interestAndDebtExpense": "None", "netIncomeFromContinuingOperations": "1263000000", "comprehensiveIncomeNetOfTax": "None", "ebit": "1972000000", "ebitda": "3693000000", "netIncome": "1257000000"}, {"fiscalDateEnding": "2022-12-31", "reportedCurrency": "USD", "grossProfit": "3466000000", "totalRevenue": "8219000000", "costOfRevenue": "4753000000", "costofGoodsAndServicesSold": "4753000000", "operatingIncome": "2606000000", "sellingGeneralAndAdministrative": "618000000", "researchAndDevelopment": "None", "operatingExpenses": "1098000000", "investmentIncomeNet": "None", "netInterestIncome": "-229000000", "interestIncome": "8000000", "interestExpense": "260000000", "nonInterestIncome": "None", "otherNonOperatingIncome": "None", "depreciation": "None", "depreciationAndAmortization": "1819000000", "incomeBeforeTax": "2400000000", "incomeTaxExpense": "473000000", "interestAndDebtExpense": "None", "netIncomeFromContinuingOperations": "1927000000", "comprehensiveIncomeNetOfTax": "None", "ebit": "2606000000", "ebitda": "4425000000", "netIncome": "1927000000"}, {"fiscalDateEnding": "2022-09-30", "reportedCurrency": "USD", "grossProfit": "4539000000", "totalRevenue": "9376000000", "costOfRevenue": "4837000000", "costofGoodsAndServicesSold": "4837000000", "operatingIncome": "3546000000", "sellingGeneralAndAdministrative": "993000000", "researchAndDevelopment": "None", "operatingExpenses": "993000000", "investmentIncomeNet": "None", "netInterestIncome": "-248000000", "interestIncome": "55000000", "interestExpense": "285000000", "nonInterestIncome": "None", "otherNonOperatingIncome": "266000000", "depreciation": "None", "depreciationAndAmortization": "1736000000", "incomeBeforeTax": "3648000000", "incomeTaxExpense": "902000000", "interestAndDebtExpense": "None", "netIncomeFromContinuingOperations": "2746000000", "comprehensiveIncomeNetOfTax": "None", "ebit": "3933000000", "ebitda": "5669000000", "netIncome": "2728000000"}, {"fiscalDateEnding": "2022-06-30", "reportedCurrency": "USD", "grossProfit": "5363000000", "totalRevenue": "10352000000", "costOfRevenue": "4989000000", "costofGoodsAndServicesSold": "4989000000", "operatingIncome": "4402000000", "sellingGeneralAndAdministrative": "961000000", "researchAndDevelopment": "None", "operatingExpenses": "961000000", "investmentIncomeNet": "None", "netInterestIncome": "-78000000", "interestIncome": "36000000", "interestExpense": "114000000", "nonInterestIncome": "None", "otherNonOperatingIncome": "328000000", "depreciation": "None", "depreciationAndAmortization": "1728000000", "incomeBeforeTax": "4986000000", "incomeTaxExpense": "1231000000", "interestAndDebtExpense": "None", "netIncomeFromContinuingOperations": "3755000000", "comprehensiveIncomeNetOfTax": "None", "ebit": "5100000000", "ebitda": "6828000000", "netIncome": "3727000000"}, {"fiscalDateEnding": "2022-03-31", "reportedCurrency": "USD", "grossProfit": "3706000000", "totalRevenue": "8214000000", "costOfRevenue": "4508000000", "costofGoodsAndServicesSold": "4508000000", "operatingIncome": "2876000000", "sellingGeneralAndAdministrative": "830000000", "researchAndDevelopment": "None", "operatingExpenses": "830000000", "investmentIncomeNet": "None", "netInterestIncome": "-322000000", "interestIncome": "49000000", "interestExpense": "371000000", "nonInterestIncome": "None", "otherNonOperatingIncome": "324000000", "depreciation": "None", "depreciationAndAmortization": "1643000000", "incomeBeforeTax": "3083000000", "incomeTaxExpense": "-1793000000", "interestAndDebtExpense": "None", "netIncomeFromContinuingOperations": "4876000000", "comprehensiveIncomeNetOfTax": "None", "ebit": "3454000000", "ebitda": "5097000000", "netIncome": "4842000000"}, {"fiscalDateEnding": "2021-12-31", "reportedCurrency": "USD", "grossProfit": "3066000000", "totalRevenue": "7794000000", "costOfRevenue": "4728000000", "costofGoodsAndServicesSold": "4728000000", "operatingIncome": "2221000000", "sellingGeneralAndAdministrative": "845000000", "researchAndDevelopment": "None", "operatingExpenses": "845000000", "investmentIncomeNet": "None", "netInterestIncome": "-361000000", "interestIncome": "172000000", "interestExpense": "385000000", "nonInterestIncome": "None", "otherNonOperatingIncome": "140000000", "depreciation": "None", "depreciationAndAmortization": "1966000000", "incomeBeforeTax": "2030000000", "incomeTaxExpense": "469000000", "interestAndDebtExpense": "None", "netIncomeFromContinuingOperations": "1561000000", "comprehensiveIncomeNetOfTax": "None", "ebit": "2415000000", "ebitda": "4381000000", "netIncome": "1528000000"}, {"fiscalDateEnding": "2021-09-30", "reportedCurrency": "USD", "grossProfit": "2426000000", "totalRevenue": "6881000000", "costOfRevenue": "4455000000", "costofGoodsAndServicesSold": "4455000000", "operatingIncome": "1641000000", "sellingGeneralAndAdministrative": "785000000", "researchAndDevelopment": "None", "operatingExpenses": "785000000", "investmentIncomeNet": "None", "netInterestIncome": "-431000000", "interestIncome": "307000000", "interestExpense": "449000000", "nonInterestIncome": "None", "otherNonOperatingIncome": "137000000", "depreciation": "None", "depreciationAndAmortization": "1916000000", "incomeBeforeTax": "1217000000", "incomeTaxExpense": "387000000", "interestAndDebtExpense": "None", "netIncomeFromContinuingOperations": "830000000", "comprehensiveIncomeNetOfTax": "None", "ebit": "1666000000", "ebitda": "3582000000", "netIncome": "823000000"}, {"fiscalDateEnding": "2021-06-30", "reportedCurrency": "USD", "grossProfit": "1406000000", "totalRevenue": "6102000000", "costOfRevenue": "4696000000", "costofGoodsAndServicesSold": "4696000000", "operatingIncome": "737000000", "sellingGeneralAndAdministrative": "177000000", "researchAndDevelopment": "None", "operatingExpenses": "669000000", "investmentIncomeNet": "None", "netInterestIncome": "-336000000", "interestIncome": "49000000", "interestExpense": "385000000", "nonInterestIncome": "None", "otherNonOperatingIncome": "-44000000", "depreciation": "None", "depreciationAndAmortization": "2371000000", "incomeBeforeTax": "143000000", "incomeTaxExpense": "43000000", "interestAndDebtExpense": "None", "netIncomeFromContinuingOperations": "100000000", "comprehensiveIncomeNetOfTax": "None", "ebit": "528000000", "ebitda": "2899000000", "netIncome": "103000000"}, {"fiscalDateEnding": "2021-03-31", "reportedCurrency": "USD", "grossProfit": "706000000", "totalRevenue": "5185000000", "costOfRevenue": "4479000000", "costofGoodsAndServicesSold": "4479000000", "operatingIncome": "72000000", "sellingGeneralAndAdministrative": "634000000", "researchAndDevelopment": "None", "operatingExpenses": "634000000", "investmentIncomeNet": "None", "netInterestIncome": "-320000000", "interestIncome": "75000000", "interestExpense": "395000000", "nonInterestIncome": "None", "otherNonOperatingIncome": "520000000", "depreciation": "None", "depreciationAndAmortization": "2194000000", "incomeBeforeTax": "315000000", "incomeTaxExpense": "16000000", "interestAndDebtExpense": "None", "netIncomeFromContinuingOperations": "299000000", "comprehensiveIncomeNetOfTax": "None", "ebit": "710000000", "ebitda": "2904000000", "netIncome": "-146000000"}, {"fiscalDateEnding": "2020-12-31", "reportedCurrency": "USD", "grossProfit": "679000000", "totalRevenue": "4556000000", "costOfRevenue": "3877000000", "costofGoodsAndServicesSold": "3877000000", "operatingIncome": "-21000000", "sellingGeneralAndAdministrative": "864000000", "researchAndDevelopment": "None", "operatingExpenses": "700000000", "investmentIncomeNet": "None", "netInterestIncome": "-379000000", "interestIncome": "914000000", "interestExpense": "409000000", "nonInterestIncome": "None", "otherNonOperatingIncome": "337000000", "depreciation": "None", "depreciationAndAmortization": "1754000000", "incomeBeforeTax": "-1425000000", "incomeTaxExpense": "-276000000", "interestAndDebtExpense": "None", "netIncomeFromContinuingOperations": "-1149000000", "comprehensiveIncomeNetOfTax": "None", "ebit": "-1016000000", "ebitda": "738000000", "netIncome": "-1112000000"}, {"fiscalDateEnding": "2020-09-30", "reportedCurrency": "USD", "grossProfit": "122000000", "totalRevenue": "4016000000", "costOfRevenue": "3894000000", "costofGoodsAndServicesSold": "3894000000", "operatingIncome": "-455000000", "sellingGeneralAndAdministrative": "577000000", "researchAndDevelopment": "None", "operatingExpenses": "577000000", "investmentIncomeNet": "None", "netInterestIncome": "-332000000", "interestIncome": "988000000", "interestExpense": "353000000", "nonInterestIncome": "None", "otherNonOperatingIncome": "211000000", "depreciation": "None", "depreciationAndAmortization": "1915000000", "incomeBeforeTax": "-4058000000", "incomeTaxExpense": "-403000000", "interestAndDebtExpense": "None", "netIncomeFromContinuingOperations": "-3655000000", "comprehensiveIncomeNetOfTax": "None", "ebit": "-3705000000", "ebitda": "-1790000000", "netIncome": "-3575000000"}, {"fiscalDateEnding": "2020-06-30", "reportedCurrency": "USD", "grossProfit": "-626000000", "totalRevenue": "3315000000", "costOfRevenue": "3941000000", "costofGoodsAndServicesSold": "3941000000", "operatingIncome": "-1033000000", "sellingGeneralAndAdministrative": "225000000", "researchAndDevelopment": "None", "operatingExpenses": "407000000", "investmentIncomeNet": "None", "netInterestIncome": "-277000000", "interestIncome": "33000000", "interestExpense": "310000000", "nonInterestIncome": "None", "otherNonOperatingIncome": "117000000", "depreciation": "None", "depreciationAndAmortization": "2119000000", "incomeBeforeTax": "-8184000000", "incomeTaxExpense": "-1468000000", "interestAndDebtExpense": "None", "netIncomeFromContinuingOperations": "-6716000000", "comprehensiveIncomeNetOfTax": "None", "ebit": "-7874000000", "ebitda": "-5755000000", "netIncome": "-8131000000"}, {"fiscalDateEnding": "2020-03-31", "reportedCurrency": "USD", "grossProfit": "266000000", "totalRevenue": "5251000000", "costOfRevenue": "4985000000", "costofGoodsAndServicesSold": "4985000000", "operatingIncome": "-420000000", "sellingGeneralAndAdministrative": "260000000", "researchAndDevelopment": "None", "operatingExpenses": "686000000", "investmentIncomeNet": "None", "netInterestIncome": "-318000000", "interestIncome": "34000000", "interestExpense": "352000000", "nonInterestIncome": "None", "otherNonOperatingIncome": "-718000000", "depreciation": "None", "depreciationAndAmortization": "2309000000", "incomeBeforeTax": "-2038000000", "incomeTaxExpense": "-25000000", "interestAndDebtExpense": "None", "netIncomeFromContinuingOperations": "-2013000000", "comprehensiveIncomeNetOfTax": "None", "ebit": "-1686000000", "ebitda": "623000000", "netIncome": "-2013000000"}, {"fiscalDateEnding": "2019-12-31", "reportedCurrency": "USD", "grossProfit": "-78000000", "totalRevenue": "4887000000", "costOfRevenue": "4965000000", "costofGoodsAndServicesSold": "4965000000", "operatingIncome": "-1346000000", "sellingGeneralAndAdministrative": "337000000", "researchAndDevelopment": "None", "operatingExpenses": "1268000000", "investmentIncomeNet": "None", "netInterestIncome": "-392000000", "interestIncome": "42000000", "interestExpense": "434000000", "nonInterestIncome": "None", "otherNonOperatingIncome": "365000000", "depreciation": "None", "depreciationAndAmortization": "2369000000", "incomeBeforeTax": "-990000000", "incomeTaxExpense": "46000000", "interestAndDebtExpense": "None", "netIncomeFromContinuingOperations": "-866000000", "comprehensiveIncomeNetOfTax": "None", "ebit": "-435000000", "ebitda": "1934000000", "netIncome": "-1138000000"}, {"fiscalDateEnding": "2019-09-30", "reportedCurrency": "USD", "grossProfit": "1560000000", "totalRevenue": "5767000000", "costOfRevenue": "4207000000", "costofGoodsAndServicesSold": "4207000000", "operatingIncome": "709000000", "sellingGeneralAndAdministrative": "242000000", "researchAndDevelopment": "None", "operatingExpenses": "851000000", "investmentIncomeNet": "None", "netInterestIncome": "-325000000", "interestIncome": "56000000", "interestExpense": "381000000", "nonInterestIncome": "None", "otherNonOperatingIncome": "71000000", "depreciation": "None", "depreciationAndAmortization": "1767000000", "incomeBeforeTax": "-574000000", "incomeTaxExpense": "116000000", "interestAndDebtExpense": "None", "netIncomeFromContinuingOperations": "-737000000", "comprehensiveIncomeNetOfTax": "None", "ebit": "-193000000", "ebitda": "1574000000", "netIncome": "-794000000"}, {"fiscalDateEnding": "2019-06-30", "reportedCurrency": "USD", "grossProfit": "854000000", "totalRevenue": "3737000000", "costOfRevenue": "2883000000", "costofGoodsAndServicesSold": "2883000000", "operatingIncome": "308000000", "sellingGeneralAndAdministrative": "163000000", "researchAndDevelopment": "None", "operatingExpenses": "546000000", "investmentIncomeNet": "None", "netInterestIncome": "-112000000", "interestIncome": "41000000", "interestExpense": "153000000", "nonInterestIncome": "None", "otherNonOperatingIncome": "97000000", "depreciation": "None", "depreciationAndAmortization": "1031000000", "incomeBeforeTax": "941000000", "incomeTaxExpense": "306000000", "interestAndDebtExpense": "None", "netIncomeFromContinuingOperations": "538000000", "comprehensiveIncomeNetOfTax": "None", "ebit": "1094000000", "ebitda": "2125000000", "netIncome": "632000000"}, {"fiscalDateEnding": "2019-03-31", "reportedCurrency": "USD", "grossProfit": "1345000000", "totalRevenue": "4064000000", "costOfRevenue": "2719000000", "costofGoodsAndServicesSold": "2719000000", "operatingIncome": "856000000", "sellingGeneralAndAdministrative": "676000000", "researchAndDevelopment": "None", "operatingExpenses": "489000000", "investmentIncomeNet": "None", "netInterestIncome": "-20000000", "interestIncome": "151000000", "interestExpense": "98000000", "nonInterestIncome": "None", "otherNonOperatingIncome": "73000000", "depreciation": "None", "depreciationAndAmortization": "973000000", "incomeBeforeTax": "856000000", "incomeTaxExpense": "225000000", "interestAndDebtExpense": "None", "netIncomeFromContinuingOperations": "558000000", "comprehensiveIncomeNetOfTax": "None", "ebit": "881000000", "ebitda": "1854000000", "netIncome": "628000000"}, {"fiscalDateEnding": "2018-12-31", "reportedCurrency": "USD", "grossProfit": "1672000000", "totalRevenue": "4762000000", "costOfRevenue": "3090000000", "costofGoodsAndServicesSold": "3090000000", "operatingIncome": "1093000000", "sellingGeneralAndAdministrative": "473000000", "researchAndDevelopment": "0", "operatingExpenses": "579000000", "investmentIncomeNet": "None", "netInterestIncome": "None", "interestIncome": "None", "interestExpense": "99000000", "nonInterestIncome": "None", "otherNonOperatingIncome": "-866000000", "depreciation": "None", "depreciationAndAmortization": "1086000000", "incomeBeforeTax": "935000000", "incomeTaxExpense": "126000000", "interestAndDebtExpense": "None", "netIncomeFromContinuingOperations": "934000000", "comprehensiveIncomeNetOfTax": "None", "ebit": "931000000", "ebitda": "2017000000", "netIncome": "705000000"}, {"fiscalDateEnding": "2018-09-30", "reportedCurrency": "USD", "grossProfit": "2348000000", "totalRevenue": "5181000000", "costOfRevenue": "2833000000", "costofGoodsAndServicesSold": "2833000000", "operatingIncome": "1807000000", "sellingGeneralAndAdministrative": "431000000", "researchAndDevelopment": "0", "operatingExpenses": "541000000", "investmentIncomeNet": "None", "netInterestIncome": "None", "interestIncome": "None", "interestExpense": "96000000", "nonInterestIncome": "None", "otherNonOperatingIncome": "1013000000", "depreciation": "None", "depreciationAndAmortization": "1035000000", "incomeBeforeTax": "2579000000", "incomeTaxExpense": "710000000", "interestAndDebtExpense": "None", "netIncomeFromContinuingOperations": "1782000000", "comprehensiveIncomeNetOfTax": "None", "ebit": "2588000000", "ebitda": "3623000000", "netIncome": "1861000000"}, {"fiscalDateEnding": "2018-06-30", "reportedCurrency": "USD", "grossProfit": "1704000000", "totalRevenue": "4137000000", "costOfRevenue": "2433000000", "costofGoodsAndServicesSold": "2433000000", "operatingIncome": "1187000000", "sellingGeneralAndAdministrative": "402000000", "researchAndDevelopment": "0", "operatingExpenses": "517000000", "investmentIncomeNet": "None", "netInterestIncome": "None", "interestIncome": "None", "interestExpense": "97000000", "nonInterestIncome": "None", "otherNonOperatingIncome": "88000000", "depreciation": "None", "depreciationAndAmortization": "962000000", "incomeBeforeTax": "1150000000", "incomeTaxExpense": "302000000", "interestAndDebtExpense": "None", "netIncomeFromContinuingOperations": "770000000", "comprehensiveIncomeNetOfTax": "None", "ebit": "1169000000", "ebitda": "2131000000", "netIncome": "843000000"}, {"fiscalDateEnding": "2018-03-31", "reportedCurrency": "USD", "grossProfit": "1483000000", "totalRevenue": "3782000000", "costOfRevenue": "2299000000", "costofGoodsAndServicesSold": "2299000000", "operatingIncome": "1068000000", "sellingGeneralAndAdministrative": "307000000", "researchAndDevelopment": "0", "operatingExpenses": "415000000", "investmentIncomeNet": "None", "netInterestIncome": "None", "interestIncome": "None", "interestExpense": "97000000", "nonInterestIncome": "None", "otherNonOperatingIncome": "96000000", "depreciation": "None", "depreciationAndAmortization": "921000000", "incomeBeforeTax": "1047000000", "incomeTaxExpense": "339000000", "interestAndDebtExpense": "None", "netIncomeFromContinuingOperations": "645000000", "comprehensiveIncomeNetOfTax": "None", "ebit": "1081000000", "ebitda": "2002000000", "netIncome": "705000000"}, {"fiscalDateEnding": "2017-12-31", "reportedCurrency": "USD", "grossProfit": "1019000000", "totalRevenue": "3475000000", "costOfRevenue": "2456000000", "costofGoodsAndServicesSold": "2456000000", "operatingIncome": "481000000", "sellingGeneralAndAdministrative": "448000000", "researchAndDevelopment": "0", "operatingExpenses": "538000000", "investmentIncomeNet": "None", "netInterestIncome": "None", "interestIncome": "None", "interestExpense": "87000000", "nonInterestIncome": "None", "otherNonOperatingIncome": "-518000000", "depreciation": "None", "depreciationAndAmortization": "1119000000", "incomeBeforeTax": "66000000", "incomeTaxExpense": "-431000000", "interestAndDebtExpense": "None", "netIncomeFromContinuingOperations": "497000000", "comprehensiveIncomeNetOfTax": "None", "ebit": "73000000", "ebitda": "1192000000", "netIncome": "495000000"}, {"fiscalDateEnding": "2017-09-30", "reportedCurrency": "USD", "grossProfit": "627000000", "totalRevenue": "2987000000", "costOfRevenue": "2360000000", "costofGoodsAndServicesSold": "2360000000", "operatingIncome": "199000000", "sellingGeneralAndAdministrative": "352000000", "researchAndDevelopment": "0", "operatingExpenses": "428000000", "investmentIncomeNet": "None", "netInterestIncome": "None", "interestIncome": "None", "interestExpense": "91000000", "nonInterestIncome": "None", "otherNonOperatingIncome": "146000000", "depreciation": "None", "depreciationAndAmortization": "996000000", "incomeBeforeTax": "275000000", "incomeTaxExpense": "85000000", "interestAndDebtExpense": "None", "netIncomeFromContinuingOperations": "190000000", "comprehensiveIncomeNetOfTax": "None", "ebit": "306000000", "ebitda": "1302000000", "netIncome": "189000000"}, {"fiscalDateEnding": "2017-06-30", "reportedCurrency": "USD", "grossProfit": "570000000", "totalRevenue": "3053000000", "costOfRevenue": "2483000000", "costofGoodsAndServicesSold": "2483000000", "operatingIncome": "141000000", "sellingGeneralAndAdministrative": "352000000", "researchAndDevelopment": "0", "operatingExpenses": "429000000", "investmentIncomeNet": "None", "netInterestIncome": "None", "interestIncome": "None", "interestExpense": "86000000", "nonInterestIncome": "None", "otherNonOperatingIncome": "699000000", "depreciation": "None", "depreciationAndAmortization": "989000000", "incomeBeforeTax": "792000000", "incomeTaxExpense": "285000000", "interestAndDebtExpense": "None", "netIncomeFromContinuingOperations": "507000000", "comprehensiveIncomeNetOfTax": "None", "ebit": "691000000", "ebitda": "1680000000", "netIncome": "505000000"}, {"fiscalDateEnding": "2017-03-31", "reportedCurrency": "USD", "grossProfit": "566000000", "totalRevenue": "2945000000", "costOfRevenue": "2379000000", "costofGoodsAndServicesSold": "2379000000", "operatingIncome": "226000000", "sellingGeneralAndAdministrative": "139000000", "researchAndDevelopment": "0", "operatingExpenses": "340000000", "investmentIncomeNet": "None", "netInterestIncome": "None", "interestIncome": "None", "interestExpense": "81000000", "nonInterestIncome": "None", "otherNonOperatingIncome": "30000000", "depreciation": "None", "depreciationAndAmortization": "942000000", "incomeBeforeTax": "165000000", "incomeTaxExpense": "78000000", "interestAndDebtExpense": "None", "netIncomeFromContinuingOperations": "117000000", "comprehensiveIncomeNetOfTax": "None", "ebit": "246000000", "ebitda": "1188000000", "netIncome": "117000000"}, {"fiscalDateEnding": "2016-12-31", "reportedCurrency": "USD", "grossProfit": "434000000", "totalRevenue": "2827000000", "costOfRevenue": "2393000000", "costofGoodsAndServicesSold": "2393000000", "operatingIncome": "-37000000", "sellingGeneralAndAdministrative": "404000000", "researchAndDevelopment": "0", "operatingExpenses": "471000000", "investmentIncomeNet": "None", "netInterestIncome": "None", "interestIncome": "None", "interestExpense": "76000000", "nonInterestIncome": "None", "otherNonOperatingIncome": "39000000", "depreciation": "None", "depreciationAndAmortization": "1050000000", "incomeBeforeTax": "-640000000", "incomeTaxExpense": "-333000000", "interestAndDebtExpense": "None", "netIncomeFromContinuingOperations": "-268000000", "comprehensiveIncomeNetOfTax": "None", "ebit": "-564000000", "ebitda": "486000000", "netIncome": "-272000000"}, {"fiscalDateEnding": "2016-09-30", "reportedCurrency": "USD", "grossProfit": "246000000", "totalRevenue": "2639000000", "costOfRevenue": "2393000000", "costofGoodsAndServicesSold": "2393000000", "operatingIncome": "-131000000", "sellingGeneralAndAdministrative": "316000000", "researchAndDevelopment": "0", "operatingExpenses": "377000000", "investmentIncomeNet": "None", "netInterestIncome": "None", "interestIncome": "None", "interestExpense": "68000000", "nonInterestIncome": "None", "otherNonOperatingIncome": "58000000", "depreciation": "None", "depreciationAndAmortization": "1051000000", "incomeBeforeTax": "-326000000", "incomeTaxExpense": "-30000000", "interestAndDebtExpense": "None", "netIncomeFromContinuingOperations": "-238000000", "comprehensiveIncomeNetOfTax": "None", "ebit": "-258000000", "ebitda": "793000000", "netIncome": "-241000000"}, {"fiscalDateEnding": "2016-06-30", "reportedCurrency": "USD", "grossProfit": "217000000", "totalRevenue": "2531000000", "costOfRevenue": "2314000000", "costofGoodsAndServicesSold": "2314000000", "operatingIncome": "-222000000", "sellingGeneralAndAdministrative": "338000000", "researchAndDevelopment": "0", "operatingExpenses": "439000000", "investmentIncomeNet": "None", "netInterestIncome": "None", "interestIncome": "None", "interestExpense": "88000000", "nonInterestIncome": "None", "otherNonOperatingIncome": "51000000", "depreciation": "None", "depreciationAndAmortization": "1070000000", "incomeBeforeTax": "-283000000", "incomeTaxExpense": "-96000000", "interestAndDebtExpense": "None", "netIncomeFromContinuingOperations": "-136000000", "comprehensiveIncomeNetOfTax": "None", "ebit": "-195000000", "ebitda": "875000000", "netIncome": "-139000000"}, {"fiscalDateEnding": "2016-03-31", "reportedCurrency": "USD", "grossProfit": "-260000000", "totalRevenue": "2123000000", "costOfRevenue": "2383000000", "costofGoodsAndServicesSold": "2383000000", "operatingIncome": "-616000000", "sellingGeneralAndAdministrative": "139000000", "researchAndDevelopment": "0", "operatingExpenses": "356000000", "investmentIncomeNet": "None", "netInterestIncome": "None", "interestIncome": "None", "interestExpense": "60000000", "nonInterestIncome": "None", "otherNonOperatingIncome": "33000000", "depreciation": "None", "depreciationAndAmortization": "1102000000", "incomeBeforeTax": "-563000000", "incomeTaxExpense": "-203000000", "interestAndDebtExpense": "None", "netIncomeFromContinuingOperations": "-360000000", "comprehensiveIncomeNetOfTax": "None", "ebit": "-616000000", "ebitda": "486000000", "netIncome": "78000000"}, {"fiscalDateEnding": "2015-12-31", "reportedCurrency": "USD", "grossProfit": "176000000", "totalRevenue": "2806000000", "costOfRevenue": "2630000000", "costofGoodsAndServicesSold": "2630000000", "operatingIncome": "-207000000", "sellingGeneralAndAdministrative": "320000000", "researchAndDevelopment": "0", "operatingExpenses": "383000000", "investmentIncomeNet": "None", "netInterestIncome": "None", "interestIncome": "None", "interestExpense": "61000000", "nonInterestIncome": "None", "otherNonOperatingIncome": "35000000", "depreciation": "None", "depreciationAndAmortization": "1276000000", "incomeBeforeTax": "-6695000000", "incomeTaxExpense": "-1190000000", "interestAndDebtExpense": "None", "netIncomeFromContinuingOperations": "-5505000000", "comprehensiveIncomeNetOfTax": "None", "ebit": "-6688000000", "ebitda": "-5412000000", "netIncome": "-5178000000"}, {"fiscalDateEnding": "2015-09-30", "reportedCurrency": "USD", "grossProfit": "580000000", "totalRevenue": "3116000000", "costOfRevenue": "2536000000", "costofGoodsAndServicesSold": "2536000000", "operatingIncome": "204000000", "sellingGeneralAndAdministrative": "292000000", "researchAndDevelopment": "0", "operatingExpenses": "292000000", "investmentIncomeNet": "None", "netInterestIncome": "None", "interestIncome": "None", "interestExpense": "48000000", "nonInterestIncome": "None", "otherNonOperatingIncome": "60000000", "depreciation": "None", "depreciationAndAmortization": "1123000000", "incomeBeforeTax": "-3111000000", "incomeTaxExpense": "-445000000", "interestAndDebtExpense": "None", "netIncomeFromContinuingOperations": "-2606000000", "comprehensiveIncomeNetOfTax": "None", "ebit": "-2116000000", "ebitda": "-993000000", "netIncome": "-2609000000"}, {"fiscalDateEnding": "2015-06-30", "reportedCurrency": "USD", "grossProfit": "873000000", "totalRevenue": "3469000000", "costOfRevenue": "2596000000", "costofGoodsAndServicesSold": "2596000000", "operatingIncome": "409000000", "sellingGeneralAndAdministrative": "347000000", "researchAndDevelopment": "0", "operatingExpenses": "464000000", "investmentIncomeNet": "None", "netInterestIncome": "None", "interestIncome": "None", "interestExpense": "8000000", "nonInterestIncome": "None", "otherNonOperatingIncome": "77000000", "depreciation": "None", "depreciationAndAmortization": "1116000000", "incomeBeforeTax": "446000000", "incomeTaxExpense": "324000000", "interestAndDebtExpense": "None", "netIncomeFromContinuingOperations": "180000000", "comprehensiveIncomeNetOfTax": "None", "ebit": "454000000", "ebitda": "1570000000", "netIncome": "176000000"}, {"fiscalDateEnding": "2015-03-31", "reportedCurrency": "USD", "grossProfit": "503000000", "totalRevenue": "3089000000", "costOfRevenue": "2586000000", "costofGoodsAndServicesSold": "2586000000", "operatingIncome": "77000000", "sellingGeneralAndAdministrative": "311000000", "researchAndDevelopment": "0", "operatingExpenses": "426000000", "investmentIncomeNet": "None", "netInterestIncome": "None", "interestIncome": "None", "interestExpense": "30000000", "nonInterestIncome": "None", "otherNonOperatingIncome": "36000000", "depreciation": "None", "depreciationAndAmortization": "1029000000", "incomeBeforeTax": "-234000000", "incomeTaxExpense": "-19000000", "interestAndDebtExpense": "None", "netIncomeFromContinuingOperations": "-215000000", "comprehensiveIncomeNetOfTax": "None", "ebit": "-240000000", "ebitda": "789000000", "netIncome": "-218000000"}, {"fiscalDateEnding": "2014-12-31", "reportedCurrency": "USD", "grossProfit": "-231000000", "totalRevenue": "953000000", "costOfRevenue": "1184000000", "costofGoodsAndServicesSold": "1184000000", "operatingIncome": "-352000000", "sellingGeneralAndAdministrative": "176000000", "researchAndDevelopment": "0", "operatingExpenses": "121000000", "investmentIncomeNet": "None", "netInterestIncome": "None", "interestIncome": "None", "interestExpense": "25000000", "nonInterestIncome": "None", "otherNonOperatingIncome": "-432000000", "depreciation": "None", "depreciationAndAmortization": "318000000", "incomeBeforeTax": "-5277000000", "incomeTaxExpense": "-1021000000", "interestAndDebtExpense": "None", "netIncomeFromContinuingOperations": "-4168000000", "comprehensiveIncomeNetOfTax": "None", "ebit": "-5252000000", "ebitda": "-4934000000", "netIncome": "-3413000000"}, {"fiscalDateEnding": "2014-09-30", "reportedCurrency": "USD", "grossProfit": "2611000000", "totalRevenue": "5996000000", "costOfRevenue": "3385000000", "costofGoodsAndServicesSold": "3385000000", "operatingIncome": "2039000000", "sellingGeneralAndAdministrative": "441000000", "researchAndDevelopment": "0", "operatingExpenses": "518000000", "investmentIncomeNet": "None", "netInterestIncome": "None", "interestIncome": "None", "interestExpense": "16000000", "nonInterestIncome": "None", "otherNonOperatingIncome": "88000000", "depreciation": "None", "depreciationAndAmortization": "1056000000", "incomeBeforeTax": "1697000000", "incomeTaxExpense": "699000000", "interestAndDebtExpense": "None", "netIncomeFromContinuingOperations": "1214000000", "comprehensiveIncomeNetOfTax": "None", "ebit": "1620000000", "ebitda": "2676000000", "netIncome": "1208000000"}, {"fiscalDateEnding": "2014-06-30", "reportedCurrency": "USD", "grossProfit": "1836000000", "totalRevenue": "5133000000", "costOfRevenue": "3297000000", "costofGoodsAndServicesSold": "3297000000", "operatingIncome": "1806000000", "sellingGeneralAndAdministrative": "498000000", "researchAndDevelopment": "0", "operatingExpenses": "612000000", "investmentIncomeNet": "None", "netInterestIncome": "None", "interestIncome": "None", "interestExpense": "20000000", "nonInterestIncome": "None", "otherNonOperatingIncome": "608000000", "depreciation": "None", "depreciationAndAmortization": "1024000000", "incomeBeforeTax": "1970000000", "incomeTaxExpense": "809000000", "interestAndDebtExpense": "None", "netIncomeFromContinuingOperations": "1435000000", "comprehensiveIncomeNetOfTax": "None", "ebit": "1907000000", "ebitda": "2931000000", "netIncome": "1431000000"}, {"fiscalDateEnding": "2014-03-31", "reportedCurrency": "USD", "grossProfit": "2348000000", "totalRevenue": "4968000000", "costOfRevenue": "2620000000", "costofGoodsAndServicesSold": "2620000000", "operatingIncome": "1856000000", "sellingGeneralAndAdministrative": "388000000", "researchAndDevelopment": "0", "operatingExpenses": "492000000", "investmentIncomeNet": "None", "netInterestIncome": "None", "interestIncome": "None", "interestExpense": "22000000", "nonInterestIncome": "None", "otherNonOperatingIncome": "67000000", "depreciation": "None", "depreciationAndAmortization": "977000000", "incomeBeforeTax": "1931000000", "incomeTaxExpense": "794000000", "interestAndDebtExpense": "None", "netIncomeFromContinuingOperations": "1389000000", "comprehensiveIncomeNetOfTax": "None", "ebit": "1886000000", "ebitda": "2863000000", "netIncome": "1390000000"}, {"fiscalDateEnding": "2013-12-31", "reportedCurrency": "USD", "grossProfit": "2794000000", "totalRevenue": "6172000000", "costOfRevenue": "3378000000", "costofGoodsAndServicesSold": "3378000000", "operatingIncome": "2099000000", "sellingGeneralAndAdministrative": "454000000", "researchAndDevelopment": "0", "operatingExpenses": "695000000", "investmentIncomeNet": "None", "netInterestIncome": "None", "interestIncome": "None", "interestExpense": "25000000", "nonInterestIncome": "None", "otherNonOperatingIncome": "1151000000", "depreciation": "None", "depreciationAndAmortization": "1451000000", "incomeBeforeTax": "2616000000", "incomeTaxExpense": "973000000", "interestAndDebtExpense": "None", "netIncomeFromContinuingOperations": "1253000000", "comprehensiveIncomeNetOfTax": "None", "ebit": "2539000000", "ebitda": "3990000000", "netIncome": "1643000000"}, {"fiscalDateEnding": "2013-09-30", "reportedCurrency": "USD", "grossProfit": "3235000000", "totalRevenue": "6449000000", "costOfRevenue": "3214000000", "costofGoodsAndServicesSold": "3214000000", "operatingIncome": "2522000000", "sellingGeneralAndAdministrative": "459000000", "researchAndDevelopment": "0", "operatingExpenses": "713000000", "investmentIncomeNet": "None", "netInterestIncome": "None", "interestIncome": "None", "interestExpense": "28000000", "nonInterestIncome": "None", "otherNonOperatingIncome": "106000000", "depreciation": "None", "depreciationAndAmortization": "1334000000", "incomeBeforeTax": "2620000000", "incomeTaxExpense": "1037000000", "interestAndDebtExpense": "None", "netIncomeFromContinuingOperations": "1588000000", "comprehensiveIncomeNetOfTax": "None", "ebit": "2522000000", "ebitda": "3856000000", "netIncome": "1583000000"}, {"fiscalDateEnding": "2013-06-30", "reportedCurrency": "USD", "grossProfit": "2782000000", "totalRevenue": "5962000000", "costOfRevenue": "3180000000", "costofGoodsAndServicesSold": "3180000000", "operatingIncome": "2013000000", "sellingGeneralAndAdministrative": "495000000", "researchAndDevelopment": "0", "operatingExpenses": "769000000", "investmentIncomeNet": "None", "netInterestIncome": "None", "interestIncome": "None", "interestExpense": "30000000", "nonInterestIncome": "None", "otherNonOperatingIncome": "217000000", "depreciation": "None", "depreciationAndAmortization": "1303000000", "incomeBeforeTax": "2142000000", "incomeTaxExpense": "901000000", "interestAndDebtExpense": "None", "netIncomeFromContinuingOperations": "1327000000", "comprehensiveIncomeNetOfTax": "None", "ebit": "2013000000", "ebitda": "3316000000", "netIncome": "1322000000"}, {"fiscalDateEnding": "2013-03-31", "reportedCurrency": "USD", "grossProfit": "2735000000", "totalRevenue": "5872000000", "costOfRevenue": "3137000000", "costofGoodsAndServicesSold": "3137000000", "operatingIncome": "2106000000", "sellingGeneralAndAdministrative": "393000000", "researchAndDevelopment": "0", "operatingExpenses": "629000000", "investmentIncomeNet": "None", "netInterestIncome": "None", "interestIncome": "None", "interestExpense": "34000000", "nonInterestIncome": "None", "otherNonOperatingIncome": "96000000", "depreciation": "None", "depreciationAndAmortization": "1259000000", "incomeBeforeTax": "2203000000", "incomeTaxExpense": "844000000", "interestAndDebtExpense": "None", "netIncomeFromContinuingOperations": "1359000000", "comprehensiveIncomeNetOfTax": "None", "ebit": "2106000000", "ebitda": "3365000000", "netIncome": "1355000000"}, {"fiscalDateEnding": "2012-12-31", "reportedCurrency": "USD", "grossProfit": "3002000000", "totalRevenue": "6171000000", "costOfRevenue": "3169000000", "costofGoodsAndServicesSold": "3169000000", "operatingIncome": "2314000000", "sellingGeneralAndAdministrative": "439000000", "researchAndDevelopment": "0", "operatingExpenses": "688000000", "investmentIncomeNet": "None", "netInterestIncome": "None", "interestIncome": "None", "interestExpense": "36000000", "nonInterestIncome": "None", "otherNonOperatingIncome": "None", "depreciation": "None", "depreciationAndAmortization": "1191000000", "incomeBeforeTax": "613000000", "incomeTaxExpense": "249000000", "interestAndDebtExpense": "None", "netIncomeFromContinuingOperations": "0", "comprehensiveIncomeNetOfTax": "None", "ebit": "579000000", "ebitda": "1770000000", "netIncome": "336000000"}, {"fiscalDateEnding": "2012-09-30", "reportedCurrency": "USD", "grossProfit": "2789000000", "totalRevenue": "5965000000", "costOfRevenue": "3176000000", "costofGoodsAndServicesSold": "3176000000", "operatingIncome": "2154000000", "sellingGeneralAndAdministrative": "394000000", "researchAndDevelopment": "0", "operatingExpenses": "635000000", "investmentIncomeNet": "None", "netInterestIncome": "None", "interestIncome": "None", "interestExpense": "36000000", "nonInterestIncome": "None", "otherNonOperatingIncome": "None", "depreciation": "None", "depreciationAndAmortization": "1148000000", "incomeBeforeTax": "2234000000", "incomeTaxExpense": "855000000", "interestAndDebtExpense": "None", "netIncomeFromContinuingOperations": "0", "comprehensiveIncomeNetOfTax": "None", "ebit": "2154000000", "ebitda": "3302000000", "netIncome": "1375000000"}, {"fiscalDateEnding": "2012-06-30", "reportedCurrency": "USD", "grossProfit": "2708000000", "totalRevenue": "5768000000", "costOfRevenue": "3060000000", "costofGoodsAndServicesSold": "3060000000", "operatingIncome": "2110000000", "sellingGeneralAndAdministrative": "335000000", "researchAndDevelopment": "0", "operatingExpenses": "598000000", "investmentIncomeNet": "None", "netInterestIncome": "None", "interestIncome": "None", "interestExpense": "28000000", "nonInterestIncome": "None", "otherNonOperatingIncome": "None", "depreciation": "None", "depreciationAndAmortization": "1087000000", "incomeBeforeTax": "2106000000", "incomeTaxExpense": "875000000", "interestAndDebtExpense": "None", "netIncomeFromContinuingOperations": "0", "comprehensiveIncomeNetOfTax": "None", "ebit": "2134000000", "ebitda": "3221000000", "netIncome": "1328000000"}, {"fiscalDateEnding": "2012-03-31", "reportedCurrency": "USD", "grossProfit": "3318000000", "totalRevenue": "6268000000", "costOfRevenue": "2950000000", "costofGoodsAndServicesSold": "2950000000", "operatingIncome": "2612000000", "sellingGeneralAndAdministrative": "434000000", "researchAndDevelopment": "0", "operatingExpenses": "706000000", "investmentIncomeNet": "None", "netInterestIncome": "None", "interestIncome": "None", "interestExpense": "30000000", "nonInterestIncome": "None", "otherNonOperatingIncome": "None", "depreciation": "None", "depreciationAndAmortization": "1085000000", "incomeBeforeTax": "2699000000", "incomeTaxExpense": "1139000000", "interestAndDebtExpense": "None", "netIncomeFromContinuingOperations": "0", "comprehensiveIncomeNetOfTax": "None", "ebit": "2627000000", "ebitda": "3712000000", "netIncome": "1559000000"}, {"fiscalDateEnding": "2011-12-31", "reportedCurrency": "USD", "grossProfit": "6789000000", "totalRevenue": "6049000000", "costOfRevenue": "-740000000", "costofGoodsAndServicesSold": "-740000000", "operatingIncome": "2533000000", "sellingGeneralAndAdministrative": "452000000", "researchAndDevelopment": "0", "operatingExpenses": "4256000000", "investmentIncomeNet": "None", "netInterestIncome": "None", "interestIncome": "None", "interestExpense": "31000000", "nonInterestIncome": "None", "otherNonOperatingIncome": "None", "depreciation": "None", "depreciationAndAmortization": "938000000", "incomeBeforeTax": "2509000000", "incomeTaxExpense": "949000000", "interestAndDebtExpense": "None", "netIncomeFromContinuingOperations": "0", "comprehensiveIncomeNetOfTax": "None", "ebit": "2540000000", "ebitda": "3478000000", "netIncome": "1634000000"}, {"fiscalDateEnding": "2011-09-30", "reportedCurrency": "USD", "grossProfit": "3127000000", "totalRevenue": "6006000000", "costOfRevenue": "2879000000", "costofGoodsAndServicesSold": "2879000000", "operatingIncome": "2694000000", "sellingGeneralAndAdministrative": "242000000", "researchAndDevelopment": "0", "operatingExpenses": "433000000", "investmentIncomeNet": "None", "netInterestIncome": "None", "interestIncome": "None", "interestExpense": "23000000", "nonInterestIncome": "None", "otherNonOperatingIncome": "123000000", "depreciation": "None", "depreciationAndAmortization": "924000000", "incomeBeforeTax": "2862000000", "incomeTaxExpense": "1087000000", "interestAndDebtExpense": "None", "netIncomeFromContinuingOperations": "1775000000", "comprehensiveIncomeNetOfTax": "None", "ebit": "2764000000", "ebitda": "3688000000", "netIncome": "1771000000"}, {"fiscalDateEnding": "2011-06-30", "reportedCurrency": "USD", "grossProfit": "3453000000", "totalRevenue": "6173000000", "costOfRevenue": "2720000000", "costofGoodsAndServicesSold": "2720000000", "operatingIncome": "2841000000", "sellingGeneralAndAdministrative": "388000000", "researchAndDevelopment": "0", "operatingExpenses": "612000000", "investmentIncomeNet": "None", "netInterestIncome": "None", "interestIncome": "None", "interestExpense": "27000000", "nonInterestIncome": "None", "otherNonOperatingIncome": "81000000", "depreciation": "None", "depreciationAndAmortization": "839000000", "incomeBeforeTax": "2930000000", "incomeTaxExpense": "1111000000", "interestAndDebtExpense": "None", "netIncomeFromContinuingOperations": "1819000000", "comprehensiveIncomeNetOfTax": "None", "ebit": "2876000000", "ebitda": "3715000000", "netIncome": "1817000000"}, {"fiscalDateEnding": "2011-03-31", "reportedCurrency": "USD", "grossProfit": "3200000000", "totalRevenue": "5726000000", "costOfRevenue": "2526000000", "costofGoodsAndServicesSold": "2526000000", "operatingIncome": "2524000000", "sellingGeneralAndAdministrative": "441000000", "researchAndDevelopment": "0", "operatingExpenses": "676000000", "investmentIncomeNet": "None", "netInterestIncome": "None", "interestIncome": "None", "interestExpense": "215000000", "nonInterestIncome": "None", "otherNonOperatingIncome": "118000000", "depreciation": "None", "depreciationAndAmortization": "890000000", "incomeBeforeTax": "2362000000", "incomeTaxExpense": "1054000000", "interestAndDebtExpense": "None", "netIncomeFromContinuingOperations": "1405000000", "comprehensiveIncomeNetOfTax": "None", "ebit": "2577000000", "ebitda": "3467000000", "netIncome": "1549000000"}, {"fiscalDateEnding": "2010-12-31", "reportedCurrency": "USD", "grossProfit": "5884000000", "totalRevenue": "4728000000", "costOfRevenue": "-1156000000", "costofGoodsAndServicesSold": "-1156000000", "operatingIncome": "2196000000", "sellingGeneralAndAdministrative": "424000000", "researchAndDevelopment": "0", "operatingExpenses": "3688000000", "investmentIncomeNet": "None", "netInterestIncome": "None", "interestIncome": "None", "interestExpense": "20000000", "nonInterestIncome": "None", "otherNonOperatingIncome": "None", "depreciation": "None", "depreciationAndAmortization": "545000000", "incomeBeforeTax": "1813000000", "incomeTaxExpense": "650000000", "interestAndDebtExpense": "None", "netIncomeFromContinuingOperations": "0", "comprehensiveIncomeNetOfTax": "None", "ebit": "1833000000", "ebitda": "2378000000", "netIncome": "1212000000"}, {"fiscalDateEnding": "2010-09-30", "reportedCurrency": "USD", "grossProfit": "2319000000", "totalRevenue": "4763000000", "costOfRevenue": "2444000000", "costofGoodsAndServicesSold": "2444000000", "operatingIncome": "2033000000", "sellingGeneralAndAdministrative": "288000000", "researchAndDevelopment": "0", "operatingExpenses": "411000000", "investmentIncomeNet": "None", "netInterestIncome": "None", "interestIncome": "None", "interestExpense": "25000000", "nonInterestIncome": "None", "otherNonOperatingIncome": "None", "depreciation": "None", "depreciationAndAmortization": "792000000", "incomeBeforeTax": "1978000000", "incomeTaxExpense": "816000000", "interestAndDebtExpense": "None", "netIncomeFromContinuingOperations": "0", "comprehensiveIncomeNetOfTax": "None", "ebit": "2003000000", "ebitda": "2795000000", "netIncome": "1191000000"}, {"fiscalDateEnding": "2010-06-30", "reportedCurrency": "USD", "grossProfit": "2098000000", "totalRevenue": "4603000000", "costOfRevenue": "2505000000", "costofGoodsAndServicesSold": "2505000000", "operatingIncome": "1835000000", "sellingGeneralAndAdministrative": "309000000", "researchAndDevelopment": "0", "operatingExpenses": "436000000", "investmentIncomeNet": "None", "netInterestIncome": "None", "interestIncome": "None", "interestExpense": "30000000", "nonInterestIncome": "None", "otherNonOperatingIncome": "None", "depreciation": "None", "depreciationAndAmortization": "798000000", "incomeBeforeTax": "1839000000", "incomeTaxExpense": "750000000", "interestAndDebtExpense": "None", "netIncomeFromContinuingOperations": "0", "comprehensiveIncomeNetOfTax": "None", "ebit": "1869000000", "ebitda": "2667000000", "netIncome": "1063000000"}, {"fiscalDateEnding": "2010-03-31", "reportedCurrency": "USD", "grossProfit": "2295000000", "totalRevenue": "4793000000", "costOfRevenue": "2498000000", "costofGoodsAndServicesSold": "2498000000", "operatingIncome": "1817000000", "sellingGeneralAndAdministrative": "375000000", "researchAndDevelopment": "0", "operatingExpenses": "498000000", "investmentIncomeNet": "None", "netInterestIncome": "None", "interestIncome": "None", "interestExpense": "37000000", "nonInterestIncome": "None", "otherNonOperatingIncome": "None", "depreciation": "None", "depreciationAndAmortization": "763000000", "incomeBeforeTax": "1802000000", "incomeTaxExpense": "729000000", "interestAndDebtExpense": "None", "netIncomeFromContinuingOperations": "0", "comprehensiveIncomeNetOfTax": "None", "ebit": "1839000000", "ebitda": "2602000000", "netIncome": "1064000000"}, {"fiscalDateEnding": "2009-12-31", "reportedCurrency": "USD", "grossProfit": "5374000000", "totalRevenue": "4580000000", "costOfRevenue": "-794000000", "costofGoodsAndServicesSold": "-794000000", "operatingIncome": "1770000000", "sellingGeneralAndAdministrative": "374000000", "researchAndDevelopment": "0", "operatingExpenses": "3604000000", "investmentIncomeNet": "None", "netInterestIncome": "None", "interestIncome": "None", "interestExpense": "41000000", "nonInterestIncome": "None", "otherNonOperatingIncome": "None", "depreciation": "None", "depreciationAndAmortization": "820000000", "incomeBeforeTax": "1559000000", "incomeTaxExpense": "673000000", "interestAndDebtExpense": "None", "netIncomeFromContinuingOperations": "0", "comprehensiveIncomeNetOfTax": "None", "ebit": "1600000000", "ebitda": "2420000000", "netIncome": "938000000"}, {"fiscalDateEnding": "2009-09-30", "reportedCurrency": "USD", "grossProfit": "1918000000", "totalRevenue": "4104000000", "costOfRevenue": "2186000000", "costofGoodsAndServicesSold": "2186000000", "operatingIncome": "1444000000", "sellingGeneralAndAdministrative": "10000000", "researchAndDevelopment": "0", "operatingExpenses": "474000000", "investmentIncomeNet": "None", "netInterestIncome": "None", "interestIncome": "None", "interestExpense": "40000000", "nonInterestIncome": "None", "otherNonOperatingIncome": "None", "depreciation": "None", "depreciationAndAmortization": "769000000", "incomeBeforeTax": "1426000000", "incomeTaxExpense": "549000000", "interestAndDebtExpense": "None", "netIncomeFromContinuingOperations": "0", "comprehensiveIncomeNetOfTax": "None", "ebit": "1466000000", "ebitda": "2235000000", "netIncome": "927000000"}, {"fiscalDateEnding": "2009-06-30", "reportedCurrency": "USD", "grossProfit": "1609000000", "totalRevenue": "3722000000", "costOfRevenue": "2113000000", "costofGoodsAndServicesSold": "2113000000", "operatingIncome": "1137000000", "sellingGeneralAndAdministrative": "362000000", "researchAndDevelopment": "0", "operatingExpenses": "472000000", "investmentIncomeNet": "None", "netInterestIncome": "None", "interestIncome": "None", "interestExpense": "32000000", "nonInterestIncome": "None", "otherNonOperatingIncome": "None", "depreciation": "None", "depreciationAndAmortization": "742000000", "incomeBeforeTax": "1139000000", "incomeTaxExpense": "455000000", "interestAndDebtExpense": "None", "netIncomeFromContinuingOperations": "0", "comprehensiveIncomeNetOfTax": "None", "ebit": "1137000000", "ebitda": "1879000000", "netIncome": "682000000"}, {"fiscalDateEnding": "2009-03-31", "reportedCurrency": "USD", "grossProfit": "981000000", "totalRevenue": "3103000000", "costOfRevenue": "2122000000", "costofGoodsAndServicesSold": "2122000000", "operatingIncome": "606000000", "sellingGeneralAndAdministrative": "42000000", "researchAndDevelopment": "0", "operatingExpenses": "375000000", "investmentIncomeNet": "None", "netInterestIncome": "None", "interestIncome": "None", "interestExpense": "27000000", "nonInterestIncome": "None", "otherNonOperatingIncome": "None", "depreciation": "None", "depreciationAndAmortization": "786000000", "incomeBeforeTax": "579000000", "incomeTaxExpense": "241000000", "interestAndDebtExpense": "None", "netIncomeFromContinuingOperations": "0", "comprehensiveIncomeNetOfTax": "None", "ebit": "606000000", "ebitda": "1392000000", "netIncome": "368000000"}, {"fiscalDateEnding": "2008-12-31", "reportedCurrency": "USD", "grossProfit": "4714000000", "totalRevenue": "4284000000", "costOfRevenue": "-430000000", "costofGoodsAndServicesSold": "-430000000", "operatingIncome": "1329000000", "sellingGeneralAndAdministrative": "16000000", "researchAndDevelopment": "0", "operatingExpenses": "3385000000", "investmentIncomeNet": "None", "netInterestIncome": "None", "interestIncome": "None", "interestExpense": "35000000", "nonInterestIncome": "None", "otherNonOperatingIncome": "None", "depreciation": "None", "depreciationAndAmortization": "753000000", "incomeBeforeTax": "533000000", "incomeTaxExpense": "118000000", "interestAndDebtExpense": "None", "netIncomeFromContinuingOperations": "0", "comprehensiveIncomeNetOfTax": "None", "ebit": "682000000", "ebitda": "1435000000", "netIncome": "443000000"}, {"fiscalDateEnding": "2008-09-30", "reportedCurrency": "USD", "grossProfit": "4155000000", "totalRevenue": "7060000000", "costOfRevenue": "2905000000", "costofGoodsAndServicesSold": "2905000000", "operatingIncome": "3764000000", "sellingGeneralAndAdministrative": "391000000", "researchAndDevelopment": "0", "operatingExpenses": "391000000", "investmentIncomeNet": "None", "netInterestIncome": "None", "interestIncome": "None", "interestExpense": "53000000", "nonInterestIncome": "None", "otherNonOperatingIncome": "None", "depreciation": "None", "depreciationAndAmortization": "683000000", "incomeBeforeTax": "3799000000", "incomeTaxExpense": "1546000000", "interestAndDebtExpense": "None", "netIncomeFromContinuingOperations": "0", "comprehensiveIncomeNetOfTax": "None", "ebit": "3764000000", "ebitda": "4447000000", "netIncome": "2271000000"}, {"fiscalDateEnding": "2008-06-30", "reportedCurrency": "USD", "grossProfit": "4481000000", "totalRevenue": "7220000000", "costOfRevenue": "2739000000", "costofGoodsAndServicesSold": "2739000000", "operatingIncome": "3975000000", "sellingGeneralAndAdministrative": "506000000", "researchAndDevelopment": "0", "operatingExpenses": "506000000", "investmentIncomeNet": "None", "netInterestIncome": "None", "interestIncome": "None", "interestExpense": "32000000", "nonInterestIncome": "None", "otherNonOperatingIncome": "None", "depreciation": "None", "depreciationAndAmortization": "621000000", "incomeBeforeTax": "3943000000", "incomeTaxExpense": "1646000000", "interestAndDebtExpense": "None", "netIncomeFromContinuingOperations": "0", "comprehensiveIncomeNetOfTax": "None", "ebit": "3975000000", "ebitda": "4596000000", "netIncome": "2297000000"}, {"fiscalDateEnding": "2008-03-31", "reportedCurrency": "USD", "grossProfit": "3484000000", "totalRevenue": "6020000000", "costOfRevenue": "2536000000", "costofGoodsAndServicesSold": "2536000000", "operatingIncome": "3134000000", "sellingGeneralAndAdministrative": "404000000", "researchAndDevelopment": "0", "operatingExpenses": "404000000", "investmentIncomeNet": "None", "netInterestIncome": "None", "interestIncome": "None", "interestExpense": "38000000", "nonInterestIncome": "None", "otherNonOperatingIncome": "None", "depreciation": "None", "depreciationAndAmortization": "653000000", "incomeBeforeTax": "3096000000", "incomeTaxExpense": "1294000000", "interestAndDebtExpense": "None", "netIncomeFromContinuingOperations": "0", "comprehensiveIncomeNetOfTax": "None", "ebit": "3134000000", "ebitda": "3787000000", "netIncome": "1846000000"}, {"fiscalDateEnding": "2007-12-31", "reportedCurrency": "USD", "grossProfit": "6571000000", "totalRevenue": "6746000000", "costOfRevenue": "175000000", "costofGoodsAndServicesSold": "175000000", "operatingIncome": "3724000000", "sellingGeneralAndAdministrative": "468000000", "researchAndDevelopment": "0", "operatingExpenses": "2847000000", "investmentIncomeNet": "None", "netInterestIncome": "None", "interestIncome": "None", "interestExpense": "42000000", "nonInterestIncome": "None", "otherNonOperatingIncome": "None", "depreciation": "None", "depreciationAndAmortization": "639000000", "incomeBeforeTax": "2507000000", "incomeTaxExpense": "1057000000", "interestAndDebtExpense": "None", "netIncomeFromContinuingOperations": "0", "comprehensiveIncomeNetOfTax": "None", "ebit": "3724000000", "ebitda": "4363000000", "netIncome": "1452000000"}, {"fiscalDateEnding": "2007-09-30", "reportedCurrency": "USD", "grossProfit": "2418000000", "totalRevenue": "4841000000", "costOfRevenue": "2423000000", "costofGoodsAndServicesSold": "2423000000", "operatingIncome": "2003000000", "sellingGeneralAndAdministrative": "415000000", "researchAndDevelopment": "0", "operatingExpenses": "415000000", "investmentIncomeNet": "None", "netInterestIncome": "None", "interestIncome": "None", "interestExpense": "48000000", "nonInterestIncome": "None", "otherNonOperatingIncome": "None", "depreciation": "None", "depreciationAndAmortization": "602000000", "incomeBeforeTax": "2169000000", "incomeTaxExpense": "862000000", "interestAndDebtExpense": "None", "netIncomeFromContinuingOperations": "0", "comprehensiveIncomeNetOfTax": "None", "ebit": "2003000000", "ebitda": "2605000000", "netIncome": "1324000000"}, {"fiscalDateEnding": "2007-06-30", "reportedCurrency": "USD", "grossProfit": "2113000000", "totalRevenue": "4411000000", "costOfRevenue": "2298000000", "costofGoodsAndServicesSold": "2298000000", "operatingIncome": "1719000000", "sellingGeneralAndAdministrative": "394000000", "researchAndDevelopment": "0", "operatingExpenses": "394000000", "investmentIncomeNet": "None", "netInterestIncome": "None", "interestIncome": "None", "interestExpense": "597000000", "nonInterestIncome": "None", "otherNonOperatingIncome": "None", "depreciation": "None", "depreciationAndAmortization": "564000000", "incomeBeforeTax": "2052000000", "incomeTaxExpense": "904000000", "interestAndDebtExpense": "None", "netIncomeFromContinuingOperations": "0", "comprehensiveIncomeNetOfTax": "None", "ebit": "1719000000", "ebitda": "2283000000", "netIncome": "1412000000"}, {"fiscalDateEnding": "2007-03-31", "reportedCurrency": "USD", "grossProfit": "1835000000", "totalRevenue": "4015000000", "costOfRevenue": "2180000000", "costofGoodsAndServicesSold": "2180000000", "operatingIncome": "1471000000", "sellingGeneralAndAdministrative": "395000000", "researchAndDevelopment": "0", "operatingExpenses": "395000000", "investmentIncomeNet": "None", "netInterestIncome": "None", "interestIncome": "None", "interestExpense": "217000000", "nonInterestIncome": "None", "otherNonOperatingIncome": "None", "depreciation": "None", "depreciationAndAmortization": "588000000", "incomeBeforeTax": "1850000000", "incomeTaxExpense": "703000000", "interestAndDebtExpense": "None", "netIncomeFromContinuingOperations": "0", "comprehensiveIncomeNetOfTax": "None", "ebit": "1457000000", "ebitda": "2045000000", "netIncome": "1212000000"}, {"fiscalDateEnding": "2006-12-31", "reportedCurrency": "USD", "grossProfit": "4202000000", "totalRevenue": "4415000000", "costOfRevenue": "213000000", "costofGoodsAndServicesSold": "213000000", "operatingIncome": "1805000000", "sellingGeneralAndAdministrative": "355000000", "researchAndDevelopment": "0", "operatingExpenses": "2397000000", "investmentIncomeNet": "None", "netInterestIncome": "None", "interestIncome": "None", "interestExpense": "83000000", "nonInterestIncome": "None", "otherNonOperatingIncome": "None", "depreciation": "None", "depreciationAndAmortization": "565000000", "incomeBeforeTax": "1716000000", "incomeTaxExpense": "794000000", "interestAndDebtExpense": "None", "netIncomeFromContinuingOperations": "0", "comprehensiveIncomeNetOfTax": "None", "ebit": "1805000000", "ebitda": "2370000000", "netIncome": "928000000"}, {"fiscalDateEnding": "2006-09-30", "reportedCurrency": "USD", "grossProfit": "2262000000", "totalRevenue": "4402000000", "costOfRevenue": "2140000000", "costofGoodsAndServicesSold": "2140000000", "operatingIncome": "1910000000", "sellingGeneralAndAdministrative": "356000000", "researchAndDevelopment": "0", "operatingExpenses": "352000000", "investmentIncomeNet": "None", "netInterestIncome": "None", "interestIncome": "None", "interestExpense": "62000000", "nonInterestIncome": "None", "otherNonOperatingIncome": "None", "depreciation": "None", "depreciationAndAmortization": "524000000", "incomeBeforeTax": "2013000000", "incomeTaxExpense": "886000000", "interestAndDebtExpense": "None", "netIncomeFromContinuingOperations": "0", "comprehensiveIncomeNetOfTax": "None", "ebit": "1902000000", "ebitda": "2426000000", "netIncome": "1170000000"}, {"fiscalDateEnding": "2006-06-30", "reportedCurrency": "USD", "grossProfit": "2318000000", "totalRevenue": "4470000000", "costOfRevenue": "2152000000", "costofGoodsAndServicesSold": "2152000000", "operatingIncome": "1966000000", "sellingGeneralAndAdministrative": "356000000", "researchAndDevelopment": "0", "operatingExpenses": "352000000", "investmentIncomeNet": "None", "netInterestIncome": "None", "interestIncome": "None", "interestExpense": "339000000", "nonInterestIncome": "None", "otherNonOperatingIncome": "None", "depreciation": "None", "depreciationAndAmortization": "473000000", "incomeBeforeTax": "1984000000", "incomeTaxExpense": "851000000", "interestAndDebtExpense": "None", "netIncomeFromContinuingOperations": "0", "comprehensiveIncomeNetOfTax": "None", "ebit": "1960000000", "ebitda": "2433000000", "netIncome": "860000000"}, {"fiscalDateEnding": "2006-03-31", "reportedCurrency": "USD", "grossProfit": "2467000000", "totalRevenue": "4527000000", "costOfRevenue": "2060000000", "costofGoodsAndServicesSold": "2060000000", "operatingIncome": "2096000000", "sellingGeneralAndAdministrative": "383000000", "researchAndDevelopment": "0", "operatingExpenses": "351000000", "investmentIncomeNet": "None", "netInterestIncome": "None", "interestIncome": "None", "interestExpense": "29000000", "nonInterestIncome": "None", "otherNonOperatingIncome": "None", "depreciation": "None", "depreciationAndAmortization": "480000000", "incomeBeforeTax": "2116000000", "incomeTaxExpense": "932000000", "interestAndDebtExpense": "None", "netIncomeFromContinuingOperations": "0", "comprehensiveIncomeNetOfTax": "None", "ebit": "2079000000", "ebitda": "2559000000", "netIncome": "1231000000"}, {"fiscalDateEnding": "2005-12-31", "reportedCurrency": "USD", "grossProfit": "3513000000", "totalRevenue": "4391000000", "costOfRevenue": "878000000", "costofGoodsAndServicesSold": "878000000", "operatingIncome": "1723000000", "sellingGeneralAndAdministrative": "305000000", "researchAndDevelopment": "0", "operatingExpenses": "1790000000", "investmentIncomeNet": "None", "netInterestIncome": "None", "interestIncome": "None", "interestExpense": "193000000", "nonInterestIncome": "None", "otherNonOperatingIncome": "None", "depreciation": "None", "depreciationAndAmortization": "409000000", "incomeBeforeTax": "1875000000", "incomeTaxExpense": "764000000", "interestAndDebtExpense": "None", "netIncomeFromContinuingOperations": "0", "comprehensiveIncomeNetOfTax": "None", "ebit": "1723000000", "ebitda": "2132000000", "netIncome": "1152000000"}, {"fiscalDateEnding": "2005-09-30", "reportedCurrency": "USD", "grossProfit": "2792000000", "totalRevenue": "4634000000", "costOfRevenue": "1842000000", "costofGoodsAndServicesSold": "1842000000", "operatingIncome": "2271000000", "sellingGeneralAndAdministrative": "553000000", "researchAndDevelopment": "0", "operatingExpenses": "553000000", "investmentIncomeNet": "None", "netInterestIncome": "None", "interestIncome": "None", "interestExpense": "96000000", "nonInterestIncome": "None", "otherNonOperatingIncome": "None", "depreciation": "None", "depreciationAndAmortization": "376000000", "incomeBeforeTax": "2297000000", "incomeTaxExpense": "611000000", "interestAndDebtExpense": "None", "netIncomeFromContinuingOperations": "0", "comprehensiveIncomeNetOfTax": "None", "ebit": "2257000000", "ebitda": "2633000000", "netIncome": "1747000000"}]}