{"symbol": "ABT", "annualReports": [{"fiscalDateEnding": "2025-12-31", "reportedCurrency": "USD", "grossProfit": "24607000000", "totalRevenue": "44328000000", "costOfRevenue": "19721000000", "costofGoodsAndServicesSold": "19721000000", "operatingIncome": "8048000000", "sellingGeneralAndAdministrative": "12378000000", "researchAndDevelopment": "2955000000", "operatingExpenses": "16586000000", "investmentIncomeNet": "None", "netInterestIncome": "None", "interestIncome": "135000000", "interestExpense": "341000000", "nonInterestIncome": "None", "otherNonOperatingIncome": "None", "depreciation": "None", "depreciationAndAmortization": "2746000000", "incomeBeforeTax": "8466000000", "incomeTaxExpense": "1942000000", "interestAndDebtExpense": "None", "netIncomeFromContinuingOperations": "None", "comprehensiveIncomeNetOfTax": "None", "ebit": "8586000000", "ebitda": "11332000000", "netIncome": "6524000000"}, {"fiscalDateEnding": "2024-12-31", "reportedCurrency": "USD", "grossProfit": "21325000000", "totalRevenue": "41950000000", "costOfRevenue": "20625000000", "costofGoodsAndServicesSold": "20625000000", "operatingIncome": "6825000000", "sellingGeneralAndAdministrative": "11697000000", "researchAndDevelopment": "2823000000", "operatingExpenses": "14474000000", "investmentIncomeNet": "None", "netInterestIncome": "-215000000", "interestIncome": "344000000", "interestExpense": "603000000", "nonInterestIncome": "None", "otherNonOperatingIncome": "None", "depreciation": "None", "depreciationAndAmortization": "3218000000", "incomeBeforeTax": "7013000000", "incomeTaxExpense": "-6389000000", "interestAndDebtExpense": "None", "netIncomeFromContinuingOperations": "13402000000", "comprehensiveIncomeNetOfTax": "None", "ebit": "7616000000", "ebitda": "10834000000", "netIncome": "13402000000"}, {"fiscalDateEnding": "2023-12-31", "reportedCurrency": "USD", "grossProfit": "20037000000", "totalRevenue": "40109000000", "costOfRevenue": "20072000000", "costofGoodsAndServicesSold": "20072000000", "operatingIncome": "6435000000", "sellingGeneralAndAdministrative": "11198000000", "researchAndDevelopment": "2719000000", "operatingExpenses": "13602000000", "investmentIncomeNet": "None", "netInterestIncome": "-248000000", "interestIncome": "384000000", "interestExpense": "698000000", "nonInterestIncome": "None", "otherNonOperatingIncome": "None", "depreciation": "None", "depreciationAndAmortization": "3243000000", "incomeBeforeTax": "6664000000", "incomeTaxExpense": "941000000", "interestAndDebtExpense": "None", "netIncomeFromContinuingOperations": "5162000000", "comprehensiveIncomeNetOfTax": "None", "ebit": "7362000000", "ebitda": "10605000000", "netIncome": "5723000000"}, {"fiscalDateEnding": "2022-12-31", "reportedCurrency": "USD", "grossProfit": "22323000000", "totalRevenue": "43653000000", "costOfRevenue": "21330000000", "costofGoodsAndServicesSold": "21330000000", "operatingIncome": "8362000000", "sellingGeneralAndAdministrative": "11012000000", "researchAndDevelopment": "2852000000", "operatingExpenses": "13961000000", "investmentIncomeNet": "None", "netInterestIncome": "-375000000", "interestIncome": "377000000", "interestExpense": "315000000", "nonInterestIncome": "None", "otherNonOperatingIncome": "502000000", "depreciation": "None", "depreciationAndAmortization": "3267000000", "incomeBeforeTax": "8306000000", "incomeTaxExpense": "1373000000", "interestAndDebtExpense": "None", "netIncomeFromContinuingOperations": "6933000000", "comprehensiveIncomeNetOfTax": "None", "ebit": "8621000000", "ebitda": "11888000000", "netIncome": "6933000000"}, {"fiscalDateEnding": "2021-12-31", "reportedCurrency": "USD", "grossProfit": "23214000000", "totalRevenue": "43075000000", "costOfRevenue": "19861000000", "costofGoodsAndServicesSold": "19861000000", "operatingIncome": "9200000000", "sellingGeneralAndAdministrative": "11324000000", "researchAndDevelopment": "2738000000", "operatingExpenses": "14014000000", "investmentIncomeNet": "None", "netInterestIncome": "-490000000", "interestIncome": "491000000", "interestExpense": "410000000", "nonInterestIncome": "None", "otherNonOperatingIncome": "319000000", "depreciation": "None", "depreciationAndAmortization": "3538000000", "incomeBeforeTax": "8211000000", "incomeTaxExpense": "1140000000", "interestAndDebtExpense": "None", "netIncomeFromContinuingOperations": "7071000000", "comprehensiveIncomeNetOfTax": "None", "ebit": "8621000000", "ebitda": "12159000000", "netIncome": "7071000000"}, {"fiscalDateEnding": "2020-12-31", "reportedCurrency": "USD", "grossProfit": "17377000000", "totalRevenue": "34608000000", "costOfRevenue": "17231000000", "costofGoodsAndServicesSold": "17231000000", "operatingIncome": "5291000000", "sellingGeneralAndAdministrative": "9696000000", "researchAndDevelopment": "2418000000", "operatingExpenses": "12086000000", "investmentIncomeNet": "None", "netInterestIncome": "-500000000", "interestIncome": "492000000", "interestExpense": "708000000", "nonInterestIncome": "None", "otherNonOperatingIncome": "157000000", "depreciation": "None", "depreciationAndAmortization": "3327000000", "incomeBeforeTax": "4968000000", "incomeTaxExpense": "497000000", "interestAndDebtExpense": "None", "netIncomeFromContinuingOperations": "4471000000", "comprehensiveIncomeNetOfTax": "None", "ebit": "5676000000", "ebitda": "9003000000", "netIncome": "4495000000"}, {"fiscalDateEnding": "2019-12-31", "reportedCurrency": "USD", "grossProfit": "16693000000", "totalRevenue": "31904000000", "costOfRevenue": "15211000000", "costofGoodsAndServicesSold": "15211000000", "operatingIncome": "4591000000", "sellingGeneralAndAdministrative": "9765000000", "researchAndDevelopment": "2408000000", "operatingExpenses": "12102000000", "investmentIncomeNet": "None", "netInterestIncome": "-576000000", "interestIncome": "94000000", "interestExpense": "818000000", "nonInterestIncome": "None", "otherNonOperatingIncome": "215000000", "depreciation": "None", "depreciationAndAmortization": "3014000000", "incomeBeforeTax": "4077000000", "incomeTaxExpense": "390000000", "interestAndDebtExpense": "None", "netIncomeFromContinuingOperations": "3687000000", "comprehensiveIncomeNetOfTax": "None", "ebit": "4895000000", "ebitda": "7909000000", "netIncome": "3687000000"}, {"fiscalDateEnding": "2018-12-31", "reportedCurrency": "USD", "grossProfit": "15823000000", "totalRevenue": "30578000000", "costOfRevenue": "14755000000", "costofGoodsAndServicesSold": "14755000000", "operatingIncome": "3844000000", "sellingGeneralAndAdministrative": "9744000000", "researchAndDevelopment": "2288000000", "operatingExpenses": "11979000000", "investmentIncomeNet": "None", "netInterestIncome": "-721000000", "interestIncome": "105000000", "interestExpense": "729000000", "nonInterestIncome": "None", "otherNonOperatingIncome": "49000000", "depreciation": "None", "depreciationAndAmortization": "3278000000", "incomeBeforeTax": "2873000000", "incomeTaxExpense": "539000000", "interestAndDebtExpense": "None", "netIncomeFromContinuingOperations": "2334000000", "comprehensiveIncomeNetOfTax": "None", "ebit": "3602000000", "ebitda": "6880000000", "netIncome": "2368000000"}, {"fiscalDateEnding": "2017-12-31", "reportedCurrency": "USD", "grossProfit": "13066000000", "totalRevenue": "27390000000", "costOfRevenue": "14324000000", "costofGoodsAndServicesSold": "14324000000", "operatingIncome": "1972000000", "sellingGeneralAndAdministrative": "9117000000", "researchAndDevelopment": "2130000000", "operatingExpenses": "11094000000", "investmentIncomeNet": "None", "netInterestIncome": "-780000000", "interestIncome": "124000000", "interestExpense": "880000000", "nonInterestIncome": "None", "otherNonOperatingIncome": "1409000000", "depreciation": "None", "depreciationAndAmortization": "3021000000", "incomeBeforeTax": "2231000000", "incomeTaxExpense": "1878000000", "interestAndDebtExpense": "None", "netIncomeFromContinuingOperations": "353000000", "comprehensiveIncomeNetOfTax": "None", "ebit": "3111000000", "ebitda": "6132000000", "netIncome": "477000000"}, {"fiscalDateEnding": "2016-12-31", "reportedCurrency": "USD", "grossProfit": "11244000000", "totalRevenue": "20853000000", "costOfRevenue": "9609000000", "costofGoodsAndServicesSold": "9609000000", "operatingIncome": "3249000000", "sellingGeneralAndAdministrative": "6672000000", "researchAndDevelopment": "1358000000", "operatingExpenses": "7995000000", "investmentIncomeNet": "None", "netInterestIncome": "-332000000", "interestIncome": "99000000", "interestExpense": "304000000", "nonInterestIncome": "None", "otherNonOperatingIncome": "-1341000000", "depreciation": "None", "depreciationAndAmortization": "1353000000", "incomeBeforeTax": "1413000000", "incomeTaxExpense": "350000000", "interestAndDebtExpense": "None", "netIncomeFromContinuingOperations": "1063000000", "comprehensiveIncomeNetOfTax": "None", "ebit": "1717000000", "ebitda": "3070000000", "netIncome": "1400000000"}, {"fiscalDateEnding": "2015-12-31", "reportedCurrency": "USD", "grossProfit": "10960000000", "totalRevenue": "20405000000", "costOfRevenue": "9445000000", "costofGoodsAndServicesSold": "9445000000", "operatingIncome": "2949000000", "sellingGeneralAndAdministrative": "6785000000", "researchAndDevelopment": "1369000000", "operatingExpenses": "8011000000", "investmentIncomeNet": "None", "netInterestIncome": "None", "interestIncome": "35000000", "interestExpense": "178000000", "nonInterestIncome": "None", "otherNonOperatingIncome": "479000000", "depreciation": "None", "depreciationAndAmortization": "1472000000", "incomeBeforeTax": "3183000000", "incomeTaxExpense": "577000000", "interestAndDebtExpense": "None", "netIncomeFromContinuingOperations": "2606000000", "comprehensiveIncomeNetOfTax": "None", "ebit": "3361000000", "ebitda": "4833000000", "netIncome": "4423000000"}, {"fiscalDateEnding": "2014-12-31", "reportedCurrency": "USD", "grossProfit": "10490000000", "totalRevenue": "20247000000", "costOfRevenue": "9757000000", "costofGoodsAndServicesSold": "9757000000", "operatingIncome": "2916000000", "sellingGeneralAndAdministrative": "6530000000", "researchAndDevelopment": "1286000000", "operatingExpenses": "7574000000", "investmentIncomeNet": "None", "netInterestIncome": "None", "interestIncome": "None", "interestExpense": "164000000", "nonInterestIncome": "None", "otherNonOperatingIncome": "69000000", "depreciation": "None", "depreciationAndAmortization": "1473000000", "incomeBeforeTax": "2518000000", "incomeTaxExpense": "797000000", "interestAndDebtExpense": "None", "netIncomeFromContinuingOperations": "1721000000", "comprehensiveIncomeNetOfTax": "None", "ebit": "2682000000", "ebitda": "4155000000", "netIncome": "2284000000"}, {"fiscalDateEnding": "2013-12-31", "reportedCurrency": "USD", "grossProfit": "9857000000", "totalRevenue": "21848000000", "costOfRevenue": "9800000000", "costofGoodsAndServicesSold": "9800000000", "operatingIncome": "2146000000", "sellingGeneralAndAdministrative": "6936000000", "researchAndDevelopment": "1371000000", "operatingExpenses": "7711000000", "investmentIncomeNet": "None", "netInterestIncome": "None", "interestIncome": "None", "interestExpense": "47000000", "nonInterestIncome": "None", "otherNonOperatingIncome": "49000000", "depreciation": "None", "depreciationAndAmortization": "1516000000", "incomeBeforeTax": "2521000000", "incomeTaxExpense": "138000000", "interestAndDebtExpense": "None", "netIncomeFromContinuingOperations": "2383000000", "comprehensiveIncomeNetOfTax": "None", "ebit": "2088000000", "ebitda": "3604000000", "netIncome": "2576000000"}, {"fiscalDateEnding": "2012-12-31", "reportedCurrency": "USD", "grossProfit": "10854000000", "totalRevenue": "39874000000", "costOfRevenue": "10640000000", "costofGoodsAndServicesSold": "10640000000", "operatingIncome": "2007000000", "sellingGeneralAndAdministrative": "12059495000", "researchAndDevelopment": "1544000000", "operatingExpenses": "8847000000", "investmentIncomeNet": "None", "netInterestIncome": "None", "interestIncome": "None", "interestExpense": "409000000", "nonInterestIncome": "None", "otherNonOperatingIncome": "-1229498000", "depreciation": "None", "depreciationAndAmortization": "2783207000", "incomeBeforeTax": "6263000000", "incomeTaxExpense": "300000000", "interestAndDebtExpense": "None", "netIncomeFromContinuingOperations": "5962920000", "comprehensiveIncomeNetOfTax": "None", "ebit": "712793000", "ebitda": "3496000000", "netIncome": "5963000000"}, {"fiscalDateEnding": "2011-12-31", "reportedCurrency": "USD", "grossProfit": "23440679000", "totalRevenue": "38851000000", "costOfRevenue": "15410580000", "costofGoodsAndServicesSold": "15410580000", "operatingIncome": "6841448000", "sellingGeneralAndAdministrative": "12756817000", "researchAndDevelopment": "4060414000", "operatingExpenses": "16599231000", "investmentIncomeNet": "None", "netInterestIncome": "None", "interestIncome": "None", "interestExpense": "1018141000", "nonInterestIncome": "None", "otherNonOperatingIncome": "-23165000", "depreciation": "None", "depreciationAndAmortization": "3043894000", "incomeBeforeTax": "5199000000", "incomeTaxExpense": "470000000", "interestAndDebtExpense": "None", "netIncomeFromContinuingOperations": "4728449000", "comprehensiveIncomeNetOfTax": "None", "ebit": "6216783000", "ebitda": "9260677000", "netIncome": "4728000000"}, {"fiscalDateEnding": "2010-12-31", "reportedCurrency": "USD", "grossProfit": "20593529000", "totalRevenue": "35167000000", "costOfRevenue": "14573192000", "costofGoodsAndServicesSold": "14573192000", "operatingIncome": "7050781000", "sellingGeneralAndAdministrative": "10376324000", "researchAndDevelopment": "3572424000", "operatingExpenses": "13542748000", "investmentIncomeNet": "None", "netInterestIncome": "None", "interestIncome": "None", "interestExpense": "801135000", "nonInterestIncome": "None", "otherNonOperatingIncome": "178388000", "depreciation": "None", "depreciationAndAmortization": "2624305000", "incomeBeforeTax": "5713000000", "incomeTaxExpense": "1087000000", "interestAndDebtExpense": "None", "netIncomeFromContinuingOperations": "4626172000", "comprehensiveIncomeNetOfTax": "None", "ebit": "6513969000", "ebitda": "9138274000", "netIncome": "4626172000"}, {"fiscalDateEnding": "2009-12-31", "reportedCurrency": "USD", "grossProfit": "17619378000", "totalRevenue": "30765000000", "costOfRevenue": "13145329000", "costofGoodsAndServicesSold": "13145329000", "operatingIncome": "6570741000", "sellingGeneralAndAdministrative": "8405904000", "researchAndDevelopment": "2743733000", "operatingExpenses": "11048637000", "investmentIncomeNet": "None", "netInterestIncome": "None", "interestIncome": "None", "interestExpense": "210656000", "nonInterestIncome": "None", "otherNonOperatingIncome": "1477689000", "depreciation": "None", "depreciationAndAmortization": "2089510000", "incomeBeforeTax": "7194000000", "incomeTaxExpense": "1448000000", "interestAndDebtExpense": "None", "netIncomeFromContinuingOperations": "5745838000", "comprehensiveIncomeNetOfTax": "None", "ebit": "7404430000", "ebitda": "9493940000", "netIncome": "5745838000"}, {"fiscalDateEnding": "2008-12-31", "reportedCurrency": "USD", "grossProfit": "17044530000", "totalRevenue": "29527552000", "costOfRevenue": "12483022000", "costofGoodsAndServicesSold": "12483022000", "operatingIncome": "6089095000", "sellingGeneralAndAdministrative": "8435624000", "researchAndDevelopment": "2688811000", "operatingExpenses": "10955435000", "investmentIncomeNet": "None", "netInterestIncome": "None", "interestIncome": "None", "interestExpense": "528474000", "nonInterestIncome": "None", "otherNonOperatingIncome": "None", "depreciation": "None", "depreciationAndAmortization": "1838829000", "incomeBeforeTax": "5856286000", "incomeTaxExpense": "1122070000", "interestAndDebtExpense": "None", "netIncomeFromContinuingOperations": "None", "comprehensiveIncomeNetOfTax": "None", "ebit": "6384760000", "ebitda": "8223589000", "netIncome": "4880719000"}, {"fiscalDateEnding": "2007-12-31", "reportedCurrency": "USD", "grossProfit": "14586192000", "totalRevenue": "25914238000", "costOfRevenue": "11328046000", "costofGoodsAndServicesSold": "11328046000", "operatingIncome": "4945545000", "sellingGeneralAndAdministrative": "7407998000", "researchAndDevelopment": "2402649000", "operatingExpenses": "9640647000", "investmentIncomeNet": "None", "netInterestIncome": "None", "interestIncome": "None", "interestExpense": "593142000", "nonInterestIncome": "None", "otherNonOperatingIncome": "None", "depreciation": "None", "depreciationAndAmortization": "1854886000", "incomeBeforeTax": "4469648000", "incomeTaxExpense": "863334000", "interestAndDebtExpense": "None", "netIncomeFromContinuingOperations": "None", "comprehensiveIncomeNetOfTax": "None", "ebit": "5062790000", "ebitda": "6917676000", "netIncome": "3606314000"}, {"fiscalDateEnding": "2006-12-31", "reportedCurrency": "USD", "grossProfit": "12842175000", "totalRevenue": "22476322000", "costOfRevenue": "9634147000", "costofGoodsAndServicesSold": "9634147000", "operatingIncome": "4336219000", "sellingGeneralAndAdministrative": "6349685000", "researchAndDevelopment": "2226271000", "operatingExpenses": "8505956000", "investmentIncomeNet": "None", "netInterestIncome": "None", "interestIncome": "None", "interestExpense": "416172000", "nonInterestIncome": "None", "otherNonOperatingIncome": "None", "depreciation": "None", "depreciationAndAmortization": "1558750000", "incomeBeforeTax": "2276370000", "incomeTaxExpense": "559615000", "interestAndDebtExpense": "None", "netIncomeFromContinuingOperations": "None", "comprehensiveIncomeNetOfTax": "None", "ebit": "2692542000", "ebitda": "4251292000", "netIncome": "1716755000"}], "quarterlyReports": [{"fiscalDateEnding": "2025-12-31", "reportedCurrency": "USD", "grossProfit": "6537000000", "totalRevenue": "11459000000", "costOfRevenue": "4922000000", "costofGoodsAndServicesSold": "4922000000", "operatingIncome": "2251000000", "sellingGeneralAndAdministrative": "3129000000", "researchAndDevelopment": "735000000", "operatingExpenses": "4286000000", "investmentIncomeNet": "None", "netInterestIncome": "None", "interestIncome": "27000000", "interestExpense": "42000000", "nonInterestIncome": "None", "otherNonOperatingIncome": "None", "depreciation": "None", "depreciationAndAmortization": "422000000", "incomeBeforeTax": "2358000000", "incomeTaxExpense": "582000000", "interestAndDebtExpense": "None", "netIncomeFromContinuingOperations": "None", "comprehensiveIncomeNetOfTax": "None", "ebit": "2102000000", "ebitda": "2524000000", "netIncome": "1776000000"}, {"fiscalDateEnding": "2025-09-30", "reportedCurrency": "USD", "grossProfit": "6338000000", "totalRevenue": "11369000000", "costOfRevenue": "5031000000", "costofGoodsAndServicesSold": "5031000000", "operatingIncome": "2057000000", "sellingGeneralAndAdministrative": "3051000000", "researchAndDevelopment": "785000000", "operatingExpenses": "4308000000", "investmentIncomeNet": "None", "netInterestIncome": "-44000000", "interestIncome": "77000000", "interestExpense": "44000000", "nonInterestIncome": "None", "otherNonOperatingIncome": "None", "depreciation": "None", "depreciationAndAmortization": "791000000", "incomeBeforeTax": "2180000000", "incomeTaxExpense": "536000000", "interestAndDebtExpense": "None", "netIncomeFromContinuingOperations": "1644000000", "comprehensiveIncomeNetOfTax": "None", "ebit": "2301000000", "ebitda": "3092000000", "netIncome": "1644000000"}, {"fiscalDateEnding": "2025-06-30", "reportedCurrency": "USD", "grossProfit": "6288000000", "totalRevenue": "11142000000", "costOfRevenue": "4854000000", "costofGoodsAndServicesSold": "4854000000", "operatingIncome": "2052000000", "sellingGeneralAndAdministrative": "3090000000", "researchAndDevelopment": "732000000", "operatingExpenses": "4236000000", "investmentIncomeNet": "None", "netInterestIncome": "-50000000", "interestIncome": "39000000", "interestExpense": "121000000", "nonInterestIncome": "None", "otherNonOperatingIncome": "None", "depreciation": "None", "depreciationAndAmortization": "777000000", "incomeBeforeTax": "2150000000", "incomeTaxExpense": "371000000", "interestAndDebtExpense": "None", "netIncomeFromContinuingOperations": "1779000000", "comprehensiveIncomeNetOfTax": "None", "ebit": "2271000000", "ebitda": "3048000000", "netIncome": "1779000000"}, {"fiscalDateEnding": "2025-03-31", "reportedCurrency": "USD", "grossProfit": "5444000000", "totalRevenue": "10358000000", "costOfRevenue": "4914000000", "costofGoodsAndServicesSold": "4914000000", "operatingIncome": "1688000000", "sellingGeneralAndAdministrative": "3061000000", "researchAndDevelopment": "703000000", "operatingExpenses": "3756000000", "investmentIncomeNet": "None", "netInterestIncome": "-49000000", "interestIncome": "82000000", "interestExpense": "134000000", "nonInterestIncome": "None", "otherNonOperatingIncome": "None", "depreciation": "None", "depreciationAndAmortization": "756000000", "incomeBeforeTax": "1778000000", "incomeTaxExpense": "453000000", "interestAndDebtExpense": "None", "netIncomeFromContinuingOperations": "1325000000", "comprehensiveIncomeNetOfTax": "None", "ebit": "1912000000", "ebitda": "2668000000", "netIncome": "1325000000"}, {"fiscalDateEnding": "2024-12-31", "reportedCurrency": "USD", "grossProfit": "5598000000", "totalRevenue": "10974000000", "costOfRevenue": "5376000000", "costofGoodsAndServicesSold": "5376000000", "operatingIncome": "1990000000", "sellingGeneralAndAdministrative": "2907000000", "researchAndDevelopment": "728000000", "operatingExpenses": "3608000000", "investmentIncomeNet": "None", "netInterestIncome": "-45000000", "interestIncome": "91000000", "interestExpense": "152000000", "nonInterestIncome": "None", "otherNonOperatingIncome": "None", "depreciation": "None", "depreciationAndAmortization": "807000000", "incomeBeforeTax": "2030000000", "incomeTaxExpense": "-7199000000", "interestAndDebtExpense": "None", "netIncomeFromContinuingOperations": "9229000000", "comprehensiveIncomeNetOfTax": "None", "ebit": "2182000000", "ebitda": "2989000000", "netIncome": "9229000000"}, {"fiscalDateEnding": "2024-09-30", "reportedCurrency": "USD", "grossProfit": "5426000000", "totalRevenue": "10635000000", "costOfRevenue": "5209000000", "costofGoodsAndServicesSold": "5209000000", "operatingIncome": "1818000000", "sellingGeneralAndAdministrative": "2895000000", "researchAndDevelopment": "713000000", "operatingExpenses": "3608000000", "investmentIncomeNet": "None", "netInterestIncome": "-51000000", "interestIncome": "91000000", "interestExpense": "166000000", "nonInterestIncome": "None", "otherNonOperatingIncome": "None", "depreciation": "None", "depreciationAndAmortization": "801000000", "incomeBeforeTax": "1940000000", "incomeTaxExpense": "294000000", "interestAndDebtExpense": "None", "netIncomeFromContinuingOperations": "1646000000", "comprehensiveIncomeNetOfTax": "None", "ebit": "2106000000", "ebitda": "2907000000", "netIncome": "1646000000"}, {"fiscalDateEnding": "2024-06-30", "reportedCurrency": "USD", "grossProfit": "5305000000", "totalRevenue": "10377000000", "costOfRevenue": "5072000000", "costofGoodsAndServicesSold": "5072000000", "operatingIncome": "1686000000", "sellingGeneralAndAdministrative": "2936000000", "researchAndDevelopment": "697000000", "operatingExpenses": "3619000000", "investmentIncomeNet": "None", "netInterestIncome": "-58000000", "interestIncome": "82000000", "interestExpense": "168000000", "nonInterestIncome": "None", "otherNonOperatingIncome": "None", "depreciation": "None", "depreciationAndAmortization": "805000000", "incomeBeforeTax": "1607000000", "incomeTaxExpense": "305000000", "interestAndDebtExpense": "None", "netIncomeFromContinuingOperations": "1302000000", "comprehensiveIncomeNetOfTax": "None", "ebit": "1775000000", "ebitda": "2580000000", "netIncome": "1302000000"}, {"fiscalDateEnding": "2024-03-31", "reportedCurrency": "USD", "grossProfit": "5022000000", "totalRevenue": "9964000000", "costOfRevenue": "4942000000", "costofGoodsAndServicesSold": "4942000000", "operatingIncome": "1385000000", "sellingGeneralAndAdministrative": "2959000000", "researchAndDevelopment": "683000000", "operatingExpenses": "3637000000", "investmentIncomeNet": "None", "netInterestIncome": "-61000000", "interestIncome": "80000000", "interestExpense": "117000000", "nonInterestIncome": "None", "otherNonOperatingIncome": "None", "depreciation": "None", "depreciationAndAmortization": "805000000", "incomeBeforeTax": "1436000000", "incomeTaxExpense": "211000000", "interestAndDebtExpense": "None", "netIncomeFromContinuingOperations": "1225000000", "comprehensiveIncomeNetOfTax": "None", "ebit": "1553000000", "ebitda": "2358000000", "netIncome": "1225000000"}, {"fiscalDateEnding": "2023-12-31", "reportedCurrency": "USD", "grossProfit": "5258000000", "totalRevenue": "10241000000", "costOfRevenue": "4983000000", "costofGoodsAndServicesSold": "4983000000", "operatingIncome": "1864000000", "sellingGeneralAndAdministrative": "2724000000", "researchAndDevelopment": "690000000", "operatingExpenses": "3394000000", "investmentIncomeNet": "None", "netInterestIncome": "-70000000", "interestIncome": "89000000", "interestExpense": "235000000", "nonInterestIncome": "None", "otherNonOperatingIncome": "None", "depreciation": "None", "depreciationAndAmortization": "813000000", "incomeBeforeTax": "1795000000", "incomeTaxExpense": "201000000", "interestAndDebtExpense": "None", "netIncomeFromContinuingOperations": "1594000000", "comprehensiveIncomeNetOfTax": "None", "ebit": "2030000000", "ebitda": "2843000000", "netIncome": "1594000000"}, {"fiscalDateEnding": "2023-09-30", "reportedCurrency": "USD", "grossProfit": "5034000000", "totalRevenue": "10143000000", "costOfRevenue": "5109000000", "costofGoodsAndServicesSold": "5109000000", "operatingIncome": "1678000000", "sellingGeneralAndAdministrative": "2680000000", "researchAndDevelopment": "661000000", "operatingExpenses": "3356000000", "investmentIncomeNet": "None", "netInterestIncome": "-69000000", "interestIncome": "59000000", "interestExpense": "148000000", "nonInterestIncome": "None", "otherNonOperatingIncome": "None", "depreciation": "None", "depreciationAndAmortization": "824000000", "incomeBeforeTax": "1671000000", "incomeTaxExpense": "235000000", "interestAndDebtExpense": "None", "netIncomeFromContinuingOperations": "1436000000", "comprehensiveIncomeNetOfTax": "None", "ebit": "1819000000", "ebitda": "2643000000", "netIncome": "1436000000"}, {"fiscalDateEnding": "2023-06-30", "reportedCurrency": "USD", "grossProfit": "4945000000", "totalRevenue": "9978000000", "costOfRevenue": "5033000000", "costofGoodsAndServicesSold": "5033000000", "operatingIncome": "1511000000", "sellingGeneralAndAdministrative": "2740000000", "researchAndDevelopment": "710000000", "operatingExpenses": "3434000000", "investmentIncomeNet": "None", "netInterestIncome": "-61000000", "interestIncome": "82000000", "interestExpense": "153000000", "nonInterestIncome": "None", "otherNonOperatingIncome": "253000000", "depreciation": "None", "depreciationAndAmortization": "800000000", "incomeBeforeTax": "1636000000", "incomeTaxExpense": "261000000", "interestAndDebtExpense": "None", "netIncomeFromContinuingOperations": "1375000000", "comprehensiveIncomeNetOfTax": "None", "ebit": "1789000000", "ebitda": "2589000000", "netIncome": "1375000000"}, {"fiscalDateEnding": "2023-03-31", "reportedCurrency": "USD", "grossProfit": "4805000000", "totalRevenue": "9747000000", "costOfRevenue": "4942000000", "costofGoodsAndServicesSold": "4942000000", "operatingIncome": "1400000000", "sellingGeneralAndAdministrative": "2760000000", "researchAndDevelopment": "654000000", "operatingExpenses": "3405000000", "investmentIncomeNet": "None", "netInterestIncome": "-52000000", "interestIncome": "58000000", "interestExpense": "162000000", "nonInterestIncome": "None", "otherNonOperatingIncome": "206000000", "depreciation": "None", "depreciationAndAmortization": "806000000", "incomeBeforeTax": "1562000000", "incomeTaxExpense": "244000000", "interestAndDebtExpense": "None", "netIncomeFromContinuingOperations": "1318000000", "comprehensiveIncomeNetOfTax": "None", "ebit": "1724000000", "ebitda": "2530000000", "netIncome": "1318000000"}, {"fiscalDateEnding": "2022-12-31", "reportedCurrency": "USD", "grossProfit": "4971000000", "totalRevenue": "10091000000", "costOfRevenue": "5120000000", "costofGoodsAndServicesSold": "5120000000", "operatingIncome": "1441000000", "sellingGeneralAndAdministrative": "2829000000", "researchAndDevelopment": "691000000", "operatingExpenses": "3530000000", "investmentIncomeNet": "None", "netInterestIncome": "-66000000", "interestIncome": "52000000", "interestExpense": "164000000", "nonInterestIncome": "None", "otherNonOperatingIncome": "170000000", "depreciation": "None", "depreciationAndAmortization": "807000000", "incomeBeforeTax": "1320000000", "incomeTaxExpense": "287000000", "interestAndDebtExpense": "None", "netIncomeFromContinuingOperations": "1033000000", "comprehensiveIncomeNetOfTax": "None", "ebit": "1484000000", "ebitda": "2291000000", "netIncome": "1033000000"}, {"fiscalDateEnding": "2022-09-30", "reportedCurrency": "USD", "grossProfit": "5209000000", "totalRevenue": "10410000000", "costOfRevenue": "5201000000", "costofGoodsAndServicesSold": "5201000000", "operatingIncome": "1703000000", "sellingGeneralAndAdministrative": "2692000000", "researchAndDevelopment": "780000000", "operatingExpenses": "3506000000", "investmentIncomeNet": "None", "netInterestIncome": "-86000000", "interestIncome": "105000000", "interestExpense": "56000000", "nonInterestIncome": "None", "otherNonOperatingIncome": "129000000", "depreciation": "None", "depreciationAndAmortization": "815000000", "incomeBeforeTax": "1758000000", "incomeTaxExpense": "323000000", "interestAndDebtExpense": "None", "netIncomeFromContinuingOperations": "1435000000", "comprehensiveIncomeNetOfTax": "None", "ebit": "1814000000", "ebitda": "2629000000", "netIncome": "1435000000"}, {"fiscalDateEnding": "2022-06-30", "reportedCurrency": "USD", "grossProfit": "5774000000", "totalRevenue": "11257000000", "costOfRevenue": "5483000000", "costofGoodsAndServicesSold": "5483000000", "operatingIncome": "2333000000", "sellingGeneralAndAdministrative": "2757000000", "researchAndDevelopment": "684000000", "operatingExpenses": "3441000000", "investmentIncomeNet": "None", "netInterestIncome": "-106000000", "interestIncome": "26000000", "interestExpense": "85000000", "nonInterestIncome": "None", "otherNonOperatingIncome": "108000000", "depreciation": "None", "depreciationAndAmortization": "822000000", "incomeBeforeTax": "2352000000", "incomeTaxExpense": "334000000", "interestAndDebtExpense": "None", "netIncomeFromContinuingOperations": "2018000000", "comprehensiveIncomeNetOfTax": "None", "ebit": "2437000000", "ebitda": "3259000000", "netIncome": "2018000000"}, {"fiscalDateEnding": "2022-03-31", "reportedCurrency": "USD", "grossProfit": "6369000000", "totalRevenue": "11895000000", "costOfRevenue": "5526000000", "costofGoodsAndServicesSold": "5526000000", "operatingIncome": "2885000000", "sellingGeneralAndAdministrative": "2787000000", "researchAndDevelopment": "697000000", "operatingExpenses": "3484000000", "investmentIncomeNet": "None", "netInterestIncome": "-117000000", "interestIncome": "14000000", "interestExpense": "10000000", "nonInterestIncome": "None", "otherNonOperatingIncome": "95000000", "depreciation": "None", "depreciationAndAmortization": "823000000", "incomeBeforeTax": "2876000000", "incomeTaxExpense": "429000000", "interestAndDebtExpense": "None", "netIncomeFromContinuingOperations": "2447000000", "comprehensiveIncomeNetOfTax": "None", "ebit": "2886000000", "ebitda": "3709000000", "netIncome": "2447000000"}, {"fiscalDateEnding": "2021-12-31", "reportedCurrency": "USD", "grossProfit": "6209000000", "totalRevenue": "11468000000", "costOfRevenue": "5259000000", "costofGoodsAndServicesSold": "5259000000", "operatingIncome": "2447000000", "sellingGeneralAndAdministrative": "3048000000", "researchAndDevelopment": "758000000", "operatingExpenses": "3762000000", "investmentIncomeNet": "None", "netInterestIncome": "-120000000", "interestIncome": "114000000", "interestExpense": "89000000", "nonInterestIncome": "None", "otherNonOperatingIncome": "80000000", "depreciation": "None", "depreciationAndAmortization": "883000000", "incomeBeforeTax": "2327000000", "incomeTaxExpense": "338000000", "interestAndDebtExpense": "None", "netIncomeFromContinuingOperations": "1989000000", "comprehensiveIncomeNetOfTax": "None", "ebit": "2416000000", "ebitda": "3299000000", "netIncome": "1989000000"}, {"fiscalDateEnding": "2021-09-30", "reportedCurrency": "USD", "grossProfit": "6060000000", "totalRevenue": "10928000000", "costOfRevenue": "4868000000", "costofGoodsAndServicesSold": "4868000000", "operatingIncome": "2622000000", "sellingGeneralAndAdministrative": "2737000000", "researchAndDevelopment": "672000000", "operatingExpenses": "3438000000", "investmentIncomeNet": "None", "netInterestIncome": "-123000000", "interestIncome": "127000000", "interestExpense": "119000000", "nonInterestIncome": "None", "otherNonOperatingIncome": "80000000", "depreciation": "None", "depreciationAndAmortization": "847000000", "incomeBeforeTax": "2493000000", "incomeTaxExpense": "393000000", "interestAndDebtExpense": "None", "netIncomeFromContinuingOperations": "2100000000", "comprehensiveIncomeNetOfTax": "None", "ebit": "2612000000", "ebitda": "3459000000", "netIncome": "2100000000"}, {"fiscalDateEnding": "2021-06-30", "reportedCurrency": "USD", "grossProfit": "5375000000", "totalRevenue": "10223000000", "costOfRevenue": "4848000000", "costofGoodsAndServicesSold": "4848000000", "operatingIncome": "1998000000", "sellingGeneralAndAdministrative": "2790000000", "researchAndDevelopment": "654000000", "operatingExpenses": "3377000000", "investmentIncomeNet": "None", "netInterestIncome": "-123000000", "interestIncome": "123000000", "interestExpense": "136000000", "nonInterestIncome": "None", "otherNonOperatingIncome": "90000000", "depreciation": "None", "depreciationAndAmortization": "874000000", "incomeBeforeTax": "1348000000", "incomeTaxExpense": "159000000", "interestAndDebtExpense": "None", "netIncomeFromContinuingOperations": "1189000000", "comprehensiveIncomeNetOfTax": "None", "ebit": "1484000000", "ebitda": "2358000000", "netIncome": "1189000000"}, {"fiscalDateEnding": "2021-03-31", "reportedCurrency": "USD", "grossProfit": "5570000000", "totalRevenue": "10456000000", "costOfRevenue": "4886000000", "costofGoodsAndServicesSold": "4886000000", "operatingIncome": "2133000000", "sellingGeneralAndAdministrative": "2783000000", "researchAndDevelopment": "654000000", "operatingExpenses": "3437000000", "investmentIncomeNet": "None", "netInterestIncome": "-124000000", "interestIncome": "127000000", "interestExpense": "66000000", "nonInterestIncome": "None", "otherNonOperatingIncome": "69000000", "depreciation": "None", "depreciationAndAmortization": "934000000", "incomeBeforeTax": "2043000000", "incomeTaxExpense": "250000000", "interestAndDebtExpense": "None", "netIncomeFromContinuingOperations": "1793000000", "comprehensiveIncomeNetOfTax": "None", "ebit": "2109000000", "ebitda": "3043000000", "netIncome": "1793000000"}, {"fiscalDateEnding": "2020-12-31", "reportedCurrency": "USD", "grossProfit": "5687000000", "totalRevenue": "10701000000", "costOfRevenue": "5014000000", "costofGoodsAndServicesSold": "5014000000", "operatingIncome": "2414000000", "sellingGeneralAndAdministrative": "2548000000", "researchAndDevelopment": "698000000", "operatingExpenses": "3273000000", "investmentIncomeNet": "None", "netInterestIncome": "-127000000", "interestIncome": "122000000", "interestExpense": "114000000", "nonInterestIncome": "None", "otherNonOperatingIncome": "92000000", "depreciation": "None", "depreciationAndAmortization": "866000000", "incomeBeforeTax": "2388000000", "incomeTaxExpense": "230000000", "interestAndDebtExpense": "None", "netIncomeFromContinuingOperations": "2158000000", "comprehensiveIncomeNetOfTax": "None", "ebit": "2502000000", "ebitda": "3368000000", "netIncome": "2162000000"}, {"fiscalDateEnding": "2020-09-30", "reportedCurrency": "USD", "grossProfit": "4332000000", "totalRevenue": "8853000000", "costOfRevenue": "4521000000", "costofGoodsAndServicesSold": "4521000000", "operatingIncome": "1456000000", "sellingGeneralAndAdministrative": "2302000000", "researchAndDevelopment": "580000000", "operatingExpenses": "2876000000", "investmentIncomeNet": "None", "netInterestIncome": "-127000000", "interestIncome": "120000000", "interestExpense": "126000000", "nonInterestIncome": "None", "otherNonOperatingIncome": "63000000", "depreciation": "None", "depreciationAndAmortization": "808000000", "incomeBeforeTax": "1421000000", "incomeTaxExpense": "189000000", "interestAndDebtExpense": "None", "netIncomeFromContinuingOperations": "1232000000", "comprehensiveIncomeNetOfTax": "None", "ebit": "1547000000", "ebitda": "2355000000", "netIncome": "1232000000"}, {"fiscalDateEnding": "2020-06-30", "reportedCurrency": "USD", "grossProfit": "3481000000", "totalRevenue": "7328000000", "costOfRevenue": "3847000000", "costofGoodsAndServicesSold": "3847000000", "operatingIncome": "642000000", "sellingGeneralAndAdministrative": "2276000000", "researchAndDevelopment": "564000000", "operatingExpenses": "2839000000", "investmentIncomeNet": "None", "netInterestIncome": "-125000000", "interestIncome": "9000000", "interestExpense": "161000000", "nonInterestIncome": "None", "otherNonOperatingIncome": "-12000000", "depreciation": "None", "depreciationAndAmortization": "825000000", "incomeBeforeTax": "526000000", "incomeTaxExpense": "-11000000", "interestAndDebtExpense": "None", "netIncomeFromContinuingOperations": "537000000", "comprehensiveIncomeNetOfTax": "None", "ebit": "687000000", "ebitda": "1512000000", "netIncome": "537000000"}, {"fiscalDateEnding": "2020-03-31", "reportedCurrency": "USD", "grossProfit": "3877000000", "totalRevenue": "7726000000", "costOfRevenue": "3849000000", "costofGoodsAndServicesSold": "3849000000", "operatingIncome": "779000000", "sellingGeneralAndAdministrative": "2548000000", "researchAndDevelopment": "576000000", "operatingExpenses": "3098000000", "investmentIncomeNet": "None", "netInterestIncome": "-121000000", "interestIncome": "18000000", "interestExpense": "307000000", "nonInterestIncome": "None", "otherNonOperatingIncome": "14000000", "depreciation": "None", "depreciationAndAmortization": "828000000", "incomeBeforeTax": "633000000", "incomeTaxExpense": "89000000", "interestAndDebtExpense": "None", "netIncomeFromContinuingOperations": "544000000", "comprehensiveIncomeNetOfTax": "None", "ebit": "940000000", "ebitda": "1768000000", "netIncome": "564000000"}, {"fiscalDateEnding": "2019-12-31", "reportedCurrency": "USD", "grossProfit": "4383000000", "totalRevenue": "8314000000", "costOfRevenue": "3931000000", "costofGoodsAndServicesSold": "3931000000", "operatingIncome": "1405000000", "sellingGeneralAndAdministrative": "2413000000", "researchAndDevelopment": "575000000", "operatingExpenses": "2978000000", "investmentIncomeNet": "None", "netInterestIncome": "-139000000", "interestIncome": "137000000", "interestExpense": "138000000", "nonInterestIncome": "None", "otherNonOperatingIncome": "None", "depreciation": "None", "depreciationAndAmortization": "756000000", "incomeBeforeTax": "1240000000", "incomeTaxExpense": "191000000", "interestAndDebtExpense": "None", "netIncomeFromContinuingOperations": "1049000000", "comprehensiveIncomeNetOfTax": "None", "ebit": "1378000000", "ebitda": "2134000000", "netIncome": "1049000000"}, {"fiscalDateEnding": "2019-09-30", "reportedCurrency": "USD", "grossProfit": "4210000000", "totalRevenue": "8076000000", "costOfRevenue": "3866000000", "costofGoodsAndServicesSold": "3866000000", "operatingIncome": "1202000000", "sellingGeneralAndAdministrative": "2440000000", "researchAndDevelopment": "594000000", "operatingExpenses": "3008000000", "investmentIncomeNet": "None", "netInterestIncome": "-143000000", "interestIncome": "24000000", "interestExpense": "202000000", "nonInterestIncome": "None", "otherNonOperatingIncome": "72000000", "depreciation": "None", "depreciationAndAmortization": "754000000", "incomeBeforeTax": "1103000000", "incomeTaxExpense": "143000000", "interestAndDebtExpense": "None", "netIncomeFromContinuingOperations": "960000000", "comprehensiveIncomeNetOfTax": "None", "ebit": "1305000000", "ebitda": "2059000000", "netIncome": "960000000"}, {"fiscalDateEnding": "2019-06-30", "reportedCurrency": "USD", "grossProfit": "4200000000", "totalRevenue": "7979000000", "costOfRevenue": "3779000000", "costofGoodsAndServicesSold": "3779000000", "operatingIncome": "1190000000", "sellingGeneralAndAdministrative": "2434000000", "researchAndDevelopment": "577000000", "operatingExpenses": "3010000000", "investmentIncomeNet": "None", "netInterestIncome": "-146000000", "interestIncome": "142000000", "interestExpense": "264000000", "nonInterestIncome": "None", "otherNonOperatingIncome": "None", "depreciation": "None", "depreciationAndAmortization": "751000000", "incomeBeforeTax": "1102000000", "incomeTaxExpense": "96000000", "interestAndDebtExpense": "None", "netIncomeFromContinuingOperations": "1006000000", "comprehensiveIncomeNetOfTax": "None", "ebit": "1366000000", "ebitda": "2117000000", "netIncome": "1006000000"}, {"fiscalDateEnding": "2019-03-31", "reportedCurrency": "USD", "grossProfit": "3890000000", "totalRevenue": "7535000000", "costOfRevenue": "3645000000", "costofGoodsAndServicesSold": "3645000000", "operatingIncome": "759000000", "sellingGeneralAndAdministrative": "2478000000", "researchAndDevelopment": "670000000", "operatingExpenses": "3131000000", "investmentIncomeNet": "None", "netInterestIncome": "-148000000", "interestIncome": "23000000", "interestExpense": "214000000", "nonInterestIncome": "None", "otherNonOperatingIncome": "64000000", "depreciation": "None", "depreciationAndAmortization": "753000000", "incomeBeforeTax": "632000000", "incomeTaxExpense": "-40000000", "interestAndDebtExpense": "None", "netIncomeFromContinuingOperations": "672000000", "comprehensiveIncomeNetOfTax": "None", "ebit": "846000000", "ebitda": "1599000000", "netIncome": "672000000"}, {"fiscalDateEnding": "2018-12-31", "reportedCurrency": "USD", "grossProfit": "4083000000", "totalRevenue": "7765000000", "costOfRevenue": "3682000000", "costofGoodsAndServicesSold": "3682000000", "operatingIncome": "1176000000", "sellingGeneralAndAdministrative": "2359000000", "researchAndDevelopment": "561000000", "operatingExpenses": "2907000000", "investmentIncomeNet": "None", "netInterestIncome": "None", "interestIncome": "None", "interestExpense": "268000000", "nonInterestIncome": "None", "otherNonOperatingIncome": "-32000000", "depreciation": "None", "depreciationAndAmortization": "763000000", "incomeBeforeTax": "947000000", "incomeTaxExpense": "292000000", "interestAndDebtExpense": "None", "netIncomeFromContinuingOperations": "655000000", "comprehensiveIncomeNetOfTax": "None", "ebit": "1215000000", "ebitda": "1978000000", "netIncome": "654000000"}, {"fiscalDateEnding": "2018-09-30", "reportedCurrency": "USD", "grossProfit": "3984000000", "totalRevenue": "7656000000", "costOfRevenue": "3672000000", "costofGoodsAndServicesSold": "3672000000", "operatingIncome": "1050000000", "sellingGeneralAndAdministrative": "2377000000", "researchAndDevelopment": "573000000", "operatingExpenses": "2934000000", "investmentIncomeNet": "None", "netInterestIncome": "None", "interestIncome": "None", "interestExpense": "161000000", "nonInterestIncome": "None", "otherNonOperatingIncome": "-74000000", "depreciation": "None", "depreciationAndAmortization": "813000000", "incomeBeforeTax": "718000000", "incomeTaxExpense": "166000000", "interestAndDebtExpense": "None", "netIncomeFromContinuingOperations": "552000000", "comprehensiveIncomeNetOfTax": "None", "ebit": "879000000", "ebitda": "1692000000", "netIncome": "563000000"}, {"fiscalDateEnding": "2018-06-30", "reportedCurrency": "USD", "grossProfit": "3977000000", "totalRevenue": "7767000000", "costOfRevenue": "3790000000", "costofGoodsAndServicesSold": "3790000000", "operatingIncome": "947000000", "sellingGeneralAndAdministrative": "2466000000", "researchAndDevelopment": "573000000", "operatingExpenses": "3030000000", "investmentIncomeNet": "None", "netInterestIncome": "None", "interestIncome": "None", "interestExpense": "179000000", "nonInterestIncome": "None", "otherNonOperatingIncome": "105000000", "depreciation": "None", "depreciationAndAmortization": "850000000", "incomeBeforeTax": "777000000", "incomeTaxExpense": "59000000", "interestAndDebtExpense": "None", "netIncomeFromContinuingOperations": "718000000", "comprehensiveIncomeNetOfTax": "None", "ebit": "956000000", "ebitda": "1806000000", "netIncome": "733000000"}, {"fiscalDateEnding": "2018-03-31", "reportedCurrency": "USD", "grossProfit": "3779000000", "totalRevenue": "7390000000", "costOfRevenue": "3611000000", "costofGoodsAndServicesSold": "3611000000", "operatingIncome": "671000000", "sellingGeneralAndAdministrative": "2542000000", "researchAndDevelopment": "581000000", "operatingExpenses": "3108000000", "investmentIncomeNet": "None", "netInterestIncome": "None", "interestIncome": "None", "interestExpense": "121000000", "nonInterestIncome": "None", "otherNonOperatingIncome": "50000000", "depreciation": "None", "depreciationAndAmortization": "852000000", "incomeBeforeTax": "431000000", "incomeTaxExpense": "22000000", "interestAndDebtExpense": "None", "netIncomeFromContinuingOperations": "409000000", "comprehensiveIncomeNetOfTax": "None", "ebit": "552000000", "ebitda": "1404000000", "netIncome": "418000000"}, {"fiscalDateEnding": "2017-12-31", "reportedCurrency": "USD", "grossProfit": "3781000000", "totalRevenue": "7589000000", "costOfRevenue": "3808000000", "costofGoodsAndServicesSold": "3808000000", "operatingIncome": "735000000", "sellingGeneralAndAdministrative": "2462000000", "researchAndDevelopment": "618000000", "operatingExpenses": "3046000000", "investmentIncomeNet": "None", "netInterestIncome": "None", "interestIncome": "None", "interestExpense": "209000000", "nonInterestIncome": "None", "otherNonOperatingIncome": "129000000", "depreciation": "None", "depreciationAndAmortization": "843000000", "incomeBeforeTax": "574000000", "incomeTaxExpense": "1438000000", "interestAndDebtExpense": "None", "netIncomeFromContinuingOperations": "-864000000", "comprehensiveIncomeNetOfTax": "None", "ebit": "783000000", "ebitda": "1626000000", "netIncome": "-828000000"}, {"fiscalDateEnding": "2017-09-30", "reportedCurrency": "USD", "grossProfit": "3478000000", "totalRevenue": "6829000000", "costOfRevenue": "3351000000", "costofGoodsAndServicesSold": "3351000000", "operatingIncome": "905000000", "sellingGeneralAndAdministrative": "2099000000", "researchAndDevelopment": "493000000", "operatingExpenses": "2573000000", "investmentIncomeNet": "None", "netInterestIncome": "None", "interestIncome": "None", "interestExpense": "217000000", "nonInterestIncome": "None", "otherNonOperatingIncome": "34000000", "depreciation": "None", "depreciationAndAmortization": "756000000", "incomeBeforeTax": "626000000", "incomeTaxExpense": "65000000", "interestAndDebtExpense": "None", "netIncomeFromContinuingOperations": "561000000", "comprehensiveIncomeNetOfTax": "None", "ebit": "843000000", "ebitda": "1599000000", "netIncome": "603000000"}, {"fiscalDateEnding": "2017-06-30", "reportedCurrency": "USD", "grossProfit": "3058000000", "totalRevenue": "6637000000", "costOfRevenue": "3579000000", "costofGoodsAndServicesSold": "3579000000", "operatingIncome": "388000000", "sellingGeneralAndAdministrative": "2132000000", "researchAndDevelopment": "520000000", "operatingExpenses": "2670000000", "investmentIncomeNet": "None", "netInterestIncome": "None", "interestIncome": "None", "interestExpense": "228000000", "nonInterestIncome": "None", "otherNonOperatingIncome": "82000000", "depreciation": "None", "depreciationAndAmortization": "648000000", "incomeBeforeTax": "295000000", "incomeTaxExpense": "25000000", "interestAndDebtExpense": "None", "netIncomeFromContinuingOperations": "270000000", "comprehensiveIncomeNetOfTax": "None", "ebit": "523000000", "ebitda": "1171000000", "netIncome": "283000000"}, {"fiscalDateEnding": "2017-03-31", "reportedCurrency": "USD", "grossProfit": "2774000000", "totalRevenue": "6335000000", "costOfRevenue": "3561000000", "costofGoodsAndServicesSold": "3561000000", "operatingIncome": "-66000000", "sellingGeneralAndAdministrative": "2424000000", "researchAndDevelopment": "541000000", "operatingExpenses": "2840000000", "investmentIncomeNet": "None", "netInterestIncome": "None", "interestIncome": "None", "interestExpense": "200000000", "nonInterestIncome": "None", "otherNonOperatingIncome": "1164000000", "depreciation": "None", "depreciationAndAmortization": "774000000", "incomeBeforeTax": "736000000", "incomeTaxExpense": "350000000", "interestAndDebtExpense": "None", "netIncomeFromContinuingOperations": "386000000", "comprehensiveIncomeNetOfTax": "None", "ebit": "936000000", "ebitda": "1710000000", "netIncome": "419000000"}, {"fiscalDateEnding": "2016-12-31", "reportedCurrency": "USD", "grossProfit": "2917000000", "totalRevenue": "5333000000", "costOfRevenue": "2416000000", "costofGoodsAndServicesSold": "2416000000", "operatingIncome": "975000000", "sellingGeneralAndAdministrative": "1609000000", "researchAndDevelopment": "338000000", "operatingExpenses": "1942000000", "investmentIncomeNet": "None", "netInterestIncome": "None", "interestIncome": "None", "interestExpense": "153000000", "nonInterestIncome": "None", "otherNonOperatingIncome": "80000000", "depreciation": "None", "depreciationAndAmortization": "319000000", "incomeBeforeTax": "875000000", "incomeTaxExpense": "110000000", "interestAndDebtExpense": "None", "netIncomeFromContinuingOperations": "765000000", "comprehensiveIncomeNetOfTax": "None", "ebit": "806000000", "ebitda": "1125000000", "netIncome": "798000000"}, {"fiscalDateEnding": "2016-09-30", "reportedCurrency": "USD", "grossProfit": "2872000000", "totalRevenue": "5302000000", "costOfRevenue": "2430000000", "costofGoodsAndServicesSold": "2430000000", "operatingIncome": "918000000", "sellingGeneralAndAdministrative": "1628000000", "researchAndDevelopment": "336000000", "operatingExpenses": "1954000000", "investmentIncomeNet": "None", "netInterestIncome": "None", "interestIncome": "None", "interestExpense": "67000000", "nonInterestIncome": "None", "otherNonOperatingIncome": "-959000000", "depreciation": "None", "depreciationAndAmortization": "340000000", "incomeBeforeTax": "-179000000", "incomeTaxExpense": "178000000", "interestAndDebtExpense": "None", "netIncomeFromContinuingOperations": "-357000000", "comprehensiveIncomeNetOfTax": "None", "ebit": "-112000000", "ebitda": "228000000", "netIncome": "-329000000"}, {"fiscalDateEnding": "2016-06-30", "reportedCurrency": "USD", "grossProfit": "3046000000", "totalRevenue": "5333000000", "costOfRevenue": "2287000000", "costofGoodsAndServicesSold": "2287000000", "operatingIncome": "816000000", "sellingGeneralAndAdministrative": "1737000000", "researchAndDevelopment": "348000000", "operatingExpenses": "2230000000", "investmentIncomeNet": "None", "netInterestIncome": "None", "interestIncome": "None", "interestExpense": "103000000", "nonInterestIncome": "None", "otherNonOperatingIncome": "2000000", "depreciation": "None", "depreciationAndAmortization": "347000000", "incomeBeforeTax": "715000000", "incomeTaxExpense": "116000000", "interestAndDebtExpense": "None", "netIncomeFromContinuingOperations": "599000000", "comprehensiveIncomeNetOfTax": "None", "ebit": "818000000", "ebitda": "1165000000", "netIncome": "615000000"}, {"fiscalDateEnding": "2016-03-31", "reportedCurrency": "USD", "grossProfit": "2745000000", "totalRevenue": "4885000000", "costOfRevenue": "2140000000", "costofGoodsAndServicesSold": "2140000000", "operatingIncome": "524000000", "sellingGeneralAndAdministrative": "1698000000", "researchAndDevelopment": "379000000", "operatingExpenses": "2221000000", "investmentIncomeNet": "None", "netInterestIncome": "None", "interestIncome": "None", "interestExpense": "58000000", "nonInterestIncome": "None", "otherNonOperatingIncome": "-464000000", "depreciation": "None", "depreciationAndAmortization": "347000000", "incomeBeforeTax": "2000000", "incomeTaxExpense": "-54000000", "interestAndDebtExpense": "None", "netIncomeFromContinuingOperations": "56000000", "comprehensiveIncomeNetOfTax": "None", "ebit": "60000000", "ebitda": "407000000", "netIncome": "316000000"}, {"fiscalDateEnding": "2015-12-31", "reportedCurrency": "USD", "grossProfit": "2982000000", "totalRevenue": "5188000000", "costOfRevenue": "2206000000", "costofGoodsAndServicesSold": "2206000000", "operatingIncome": "815000000", "sellingGeneralAndAdministrative": "1655000000", "researchAndDevelopment": "369000000", "operatingExpenses": "2167000000", "investmentIncomeNet": "None", "netInterestIncome": "None", "interestIncome": "None", "interestExpense": "41000000", "nonInterestIncome": "None", "otherNonOperatingIncome": "56000000", "depreciation": "None", "depreciationAndAmortization": "366000000", "incomeBeforeTax": "830000000", "incomeTaxExpense": "135000000", "interestAndDebtExpense": "None", "netIncomeFromContinuingOperations": "695000000", "comprehensiveIncomeNetOfTax": "None", "ebit": "871000000", "ebitda": "1237000000", "netIncome": "767000000"}, {"fiscalDateEnding": "2015-09-30", "reportedCurrency": "USD", "grossProfit": "2908000000", "totalRevenue": "5150000000", "costOfRevenue": "2242000000", "costofGoodsAndServicesSold": "2242000000", "operatingIncome": "713000000", "sellingGeneralAndAdministrative": "1666000000", "researchAndDevelopment": "378000000", "operatingExpenses": "2195000000", "investmentIncomeNet": "None", "netInterestIncome": "None", "interestIncome": "None", "interestExpense": "41000000", "nonInterestIncome": "None", "otherNonOperatingIncome": "42000000", "depreciation": "None", "depreciationAndAmortization": "383000000", "incomeBeforeTax": "714000000", "incomeTaxExpense": "118000000", "interestAndDebtExpense": "None", "netIncomeFromContinuingOperations": "596000000", "comprehensiveIncomeNetOfTax": "None", "ebit": "755000000", "ebitda": "1138000000", "netIncome": "580000000"}, {"fiscalDateEnding": "2015-06-30", "reportedCurrency": "USD", "grossProfit": "2952000000", "totalRevenue": "5170000000", "costOfRevenue": "2218000000", "costofGoodsAndServicesSold": "2218000000", "operatingIncome": "729000000", "sellingGeneralAndAdministrative": "1727000000", "researchAndDevelopment": "345000000", "operatingExpenses": "2223000000", "investmentIncomeNet": "None", "netInterestIncome": "None", "interestIncome": "None", "interestExpense": "44000000", "nonInterestIncome": "None", "otherNonOperatingIncome": "301000000", "depreciation": "None", "depreciationAndAmortization": "352000000", "incomeBeforeTax": "986000000", "incomeTaxExpense": "200000000", "interestAndDebtExpense": "None", "netIncomeFromContinuingOperations": "786000000", "comprehensiveIncomeNetOfTax": "None", "ebit": "1030000000", "ebitda": "1382000000", "netIncome": "784000000"}, {"fiscalDateEnding": "2015-03-31", "reportedCurrency": "USD", "grossProfit": "2816000000", "totalRevenue": "4897000000", "costOfRevenue": "2081000000", "costofGoodsAndServicesSold": "2081000000", "operatingIncome": "610000000", "sellingGeneralAndAdministrative": "1737000000", "researchAndDevelopment": "313000000", "operatingExpenses": "2206000000", "investmentIncomeNet": "None", "netInterestIncome": "None", "interestIncome": "None", "interestExpense": "37000000", "nonInterestIncome": "None", "otherNonOperatingIncome": "80000000", "depreciation": "None", "depreciationAndAmortization": "371000000", "incomeBeforeTax": "653000000", "incomeTaxExpense": "124000000", "interestAndDebtExpense": "None", "netIncomeFromContinuingOperations": "529000000", "comprehensiveIncomeNetOfTax": "None", "ebit": "690000000", "ebitda": "1061000000", "netIncome": "2292000000"}, {"fiscalDateEnding": "2014-12-31", "reportedCurrency": "USD", "grossProfit": "3019000000", "totalRevenue": "5356000000", "costOfRevenue": "2337000000", "costofGoodsAndServicesSold": "2337000000", "operatingIncome": "829000000", "sellingGeneralAndAdministrative": "1644000000", "researchAndDevelopment": "361000000", "operatingExpenses": "1693000000", "investmentIncomeNet": "None", "netInterestIncome": "None", "interestIncome": "None", "interestExpense": "43000000", "nonInterestIncome": "None", "otherNonOperatingIncome": "21000000", "depreciation": "None", "depreciationAndAmortization": "356000000", "incomeBeforeTax": "804000000", "incomeTaxExpense": "170000000", "interestAndDebtExpense": "None", "netIncomeFromContinuingOperations": "482000000", "comprehensiveIncomeNetOfTax": "None", "ebit": "884000000", "ebitda": "1240000000", "netIncome": "904000000"}, {"fiscalDateEnding": "2014-09-30", "reportedCurrency": "USD", "grossProfit": "2773000000", "totalRevenue": "5104000000", "costOfRevenue": "2331000000", "costofGoodsAndServicesSold": "2331000000", "operatingIncome": "731000000", "sellingGeneralAndAdministrative": "1603000000", "researchAndDevelopment": "307000000", "operatingExpenses": "2042000000", "investmentIncomeNet": "None", "netInterestIncome": "None", "interestIncome": "None", "interestExpense": "35000000", "nonInterestIncome": "None", "otherNonOperatingIncome": "22000000", "depreciation": "None", "depreciationAndAmortization": "355000000", "incomeBeforeTax": "718000000", "incomeTaxExpense": "278000000", "interestAndDebtExpense": "None", "netIncomeFromContinuingOperations": "440000000", "comprehensiveIncomeNetOfTax": "None", "ebit": "750000000", "ebitda": "1105000000", "netIncome": "538000000"}, {"fiscalDateEnding": "2014-06-30", "reportedCurrency": "USD", "grossProfit": "3045000000", "totalRevenue": "5551000000", "costOfRevenue": "2506000000", "costofGoodsAndServicesSold": "2506000000", "operatingIncome": "677000000", "sellingGeneralAndAdministrative": "1788000000", "researchAndDevelopment": "335000000", "operatingExpenses": "2092000000", "investmentIncomeNet": "None", "netInterestIncome": "None", "interestIncome": "None", "interestExpense": "36000000", "nonInterestIncome": "None", "otherNonOperatingIncome": "15000000", "depreciation": "None", "depreciationAndAmortization": "400000000", "incomeBeforeTax": "737000000", "incomeTaxExpense": "277000000", "interestAndDebtExpense": "None", "netIncomeFromContinuingOperations": "460000000", "comprehensiveIncomeNetOfTax": "None", "ebit": "694000000", "ebitda": "1094000000", "netIncome": "466000000"}, {"fiscalDateEnding": "2014-03-31", "reportedCurrency": "USD", "grossProfit": "2774000000", "totalRevenue": "5244000000", "costOfRevenue": "2470000000", "costofGoodsAndServicesSold": "2470000000", "operatingIncome": "365000000", "sellingGeneralAndAdministrative": "1762000000", "researchAndDevelopment": "387000000", "operatingExpenses": "2116000000", "investmentIncomeNet": "None", "netInterestIncome": "None", "interestIncome": "None", "interestExpense": "36000000", "nonInterestIncome": "None", "otherNonOperatingIncome": "11000000", "depreciation": "None", "depreciationAndAmortization": "398000000", "incomeBeforeTax": "423000000", "incomeTaxExpense": "84000000", "interestAndDebtExpense": "None", "netIncomeFromContinuingOperations": "339000000", "comprehensiveIncomeNetOfTax": "None", "ebit": "377000000", "ebitda": "775000000", "netIncome": "375000000"}, {"fiscalDateEnding": "2013-12-31", "reportedCurrency": "USD", "grossProfit": "3042000000", "totalRevenue": "5655000000", "costOfRevenue": "2613000000", "costofGoodsAndServicesSold": "2613000000", "operatingIncome": "757000000", "sellingGeneralAndAdministrative": "1701473000", "researchAndDevelopment": "386000000", "operatingExpenses": "2285649000", "investmentIncomeNet": "None", "netInterestIncome": "None", "interestIncome": "None", "interestExpense": "35918000", "nonInterestIncome": "None", "otherNonOperatingIncome": "16826000", "depreciation": "None", "depreciationAndAmortization": "425625000", "incomeBeforeTax": "737000000", "incomeTaxExpense": "148000000", "interestAndDebtExpense": "None", "netIncomeFromContinuingOperations": "589421000", "comprehensiveIncomeNetOfTax": "None", "ebit": "773224000", "ebitda": "1198849000", "netIncome": "589551000"}, {"fiscalDateEnding": "2013-09-30", "reportedCurrency": "USD", "grossProfit": "2919000000", "totalRevenue": "5369000000", "costOfRevenue": "2450000000", "costofGoodsAndServicesSold": "2450000000", "operatingIncome": "473000000", "sellingGeneralAndAdministrative": "1734693000", "researchAndDevelopment": "357000000", "operatingExpenses": "2097000000", "investmentIncomeNet": "None", "netInterestIncome": "None", "interestIncome": "None", "interestExpense": "37000000", "nonInterestIncome": "None", "otherNonOperatingIncome": "37855000", "depreciation": "None", "depreciationAndAmortization": "436000000", "incomeBeforeTax": "628000000", "incomeTaxExpense": "-145000000", "interestAndDebtExpense": "None", "netIncomeFromContinuingOperations": "772863000", "comprehensiveIncomeNetOfTax": "None", "ebit": "518000000", "ebitda": "954000000", "netIncome": "966000000"}, {"fiscalDateEnding": "2013-06-30", "reportedCurrency": "USD", "grossProfit": "2901000000", "totalRevenue": "5446000000", "costOfRevenue": "2545000000", "costofGoodsAndServicesSold": "2545000000", "operatingIncome": "627000000", "sellingGeneralAndAdministrative": "1714275000", "researchAndDevelopment": "363000000", "operatingExpenses": "2274000000", "investmentIncomeNet": "None", "netInterestIncome": "None", "interestIncome": "None", "interestExpense": "40000000", "nonInterestIncome": "None", "otherNonOperatingIncome": "13799000", "depreciation": "None", "depreciationAndAmortization": "436000000", "incomeBeforeTax": "601000000", "incomeTaxExpense": "125000000", "interestAndDebtExpense": "None", "netIncomeFromContinuingOperations": "476055000", "comprehensiveIncomeNetOfTax": "None", "ebit": "396000000", "ebitda": "832000000", "netIncome": "476000000"}, {"fiscalDateEnding": "2013-03-31", "reportedCurrency": "USD", "grossProfit": "2946000000", "totalRevenue": "5378000000", "costOfRevenue": "2432000000", "costofGoodsAndServicesSold": "2432000000", "operatingIncome": "615000000", "sellingGeneralAndAdministrative": "1785559000", "researchAndDevelopment": "346000000", "operatingExpenses": "2331000000", "investmentIncomeNet": "None", "netInterestIncome": "None", "interestIncome": "None", "interestExpense": "41000000", "nonInterestIncome": "None", "otherNonOperatingIncome": "-19480000", "depreciation": "None", "depreciationAndAmortization": "421000000", "incomeBeforeTax": "554000000", "incomeTaxExpense": "10000000", "interestAndDebtExpense": "None", "netIncomeFromContinuingOperations": "544661000", "comprehensiveIncomeNetOfTax": "None", "ebit": "595000000", "ebitda": "1016000000", "netIncome": "544000000"}, {"fiscalDateEnding": "2012-12-31", "reportedCurrency": "USD", "grossProfit": "6777526000", "totalRevenue": "10836936000", "costOfRevenue": "4059410000", "costofGoodsAndServicesSold": "4059410000", "operatingIncome": "2415323000", "sellingGeneralAndAdministrative": "3192772000", "researchAndDevelopment": "1141431000", "operatingExpenses": "4334203000", "investmentIncomeNet": "None", "netInterestIncome": "None", "interestIncome": "None", "interestExpense": "186312000", "nonInterestIncome": "None", "otherNonOperatingIncome": "-1355123000", "depreciation": "None", "depreciationAndAmortization": "588777000", "incomeBeforeTax": "873887000", "incomeTaxExpense": "-179494000", "interestAndDebtExpense": "None", "netIncomeFromContinuingOperations": "1053378000", "comprehensiveIncomeNetOfTax": "None", "ebit": "1060199000", "ebitda": "1648976000", "netIncome": "1053381000"}, {"fiscalDateEnding": "2012-09-30", "reportedCurrency": "USD", "grossProfit": "6075000000", "totalRevenue": "9773000000", "costOfRevenue": "3698000000", "costofGoodsAndServicesSold": "3698000000", "operatingIncome": "310017000", "sellingGeneralAndAdministrative": "2921923000", "researchAndDevelopment": "1164000000", "operatingExpenses": "4086000000", "investmentIncomeNet": "None", "netInterestIncome": "None", "interestIncome": "None", "interestExpense": "152034000", "nonInterestIncome": "None", "otherNonOperatingIncome": "35365000", "depreciation": "None", "depreciationAndAmortization": "759728000", "incomeBeforeTax": "1872000000", "incomeTaxExpense": "-71000000", "interestAndDebtExpense": "None", "netIncomeFromContinuingOperations": "1942806000", "comprehensiveIncomeNetOfTax": "None", "ebit": "383345000", "ebitda": "1143073000", "netIncome": "1942806000"}, {"fiscalDateEnding": "2012-06-30", "reportedCurrency": "USD", "grossProfit": "6170000000", "totalRevenue": "9807000000", "costOfRevenue": "3637000000", "costofGoodsAndServicesSold": "3637000000", "operatingIncome": "564190000", "sellingGeneralAndAdministrative": "2944492000", "researchAndDevelopment": "1011000000", "operatingExpenses": "3956000000", "investmentIncomeNet": "None", "netInterestIncome": "None", "interestIncome": "None", "interestExpense": "83288000", "nonInterestIncome": "None", "otherNonOperatingIncome": "26087000", "depreciation": "None", "depreciationAndAmortization": "691435000", "incomeBeforeTax": "2003000000", "incomeTaxExpense": "278000000", "interestAndDebtExpense": "None", "netIncomeFromContinuingOperations": "1724612000", "comprehensiveIncomeNetOfTax": "None", "ebit": "612792000", "ebitda": "1304227000", "netIncome": "1724612000"}, {"fiscalDateEnding": "2012-03-31", "reportedCurrency": "USD", "grossProfit": "5732000000", "totalRevenue": "9457000000", "costOfRevenue": "3725000000", "costofGoodsAndServicesSold": "3725000000", "operatingIncome": "509185000", "sellingGeneralAndAdministrative": "3000308000", "researchAndDevelopment": "1006000000", "operatingExpenses": "4006000000", "investmentIncomeNet": "None", "netInterestIncome": "None", "interestIncome": "None", "interestExpense": "82080000", "nonInterestIncome": "None", "otherNonOperatingIncome": "64173000", "depreciation": "None", "depreciationAndAmortization": "743267000", "incomeBeforeTax": "1513000000", "incomeTaxExpense": "271000000", "interestAndDebtExpense": "None", "netIncomeFromContinuingOperations": "1242124000", "comprehensiveIncomeNetOfTax": "None", "ebit": "545456000", "ebitda": "1288723000", "netIncome": "1242124000"}, {"fiscalDateEnding": "2011-12-31", "reportedCurrency": "USD", "grossProfit": "6539578000", "totalRevenue": "10377453000", "costOfRevenue": "3837875000", "costofGoodsAndServicesSold": "3837875000", "operatingIncome": "2082468000", "sellingGeneralAndAdministrative": "2905503000", "researchAndDevelopment": "1151607000", "operatingExpenses": "4457110000", "investmentIncomeNet": "None", "netInterestIncome": "None", "interestIncome": "None", "interestExpense": "126086000", "nonInterestIncome": "None", "otherNonOperatingIncome": "-2677000", "depreciation": "None", "depreciationAndAmortization": "648429000", "incomeBeforeTax": "1953705000", "incomeTaxExpense": "335037000", "interestAndDebtExpense": "None", "netIncomeFromContinuingOperations": "1618668000", "comprehensiveIncomeNetOfTax": "None", "ebit": "2079791000", "ebitda": "2728220000", "netIncome": "1618668000"}, {"fiscalDateEnding": "2011-09-30", "reportedCurrency": "USD", "grossProfit": "5844000000", "totalRevenue": "9817000000", "costOfRevenue": "3973000000", "costofGoodsAndServicesSold": "3973000000", "operatingIncome": "595000000", "sellingGeneralAndAdministrative": "4238910000", "researchAndDevelopment": "1010000000", "operatingExpenses": "5249000000", "investmentIncomeNet": "None", "netInterestIncome": "None", "interestIncome": "None", "interestExpense": "124339000", "nonInterestIncome": "None", "otherNonOperatingIncome": "31056000", "depreciation": "None", "depreciationAndAmortization": "838386000", "incomeBeforeTax": "501000000", "incomeTaxExpense": "198000000", "interestAndDebtExpense": "None", "netIncomeFromContinuingOperations": "303181000", "comprehensiveIncomeNetOfTax": "None", "ebit": "625934000", "ebitda": "1464320000", "netIncome": "303181000"}, {"fiscalDateEnding": "2011-06-30", "reportedCurrency": "USD", "grossProfit": "5746000000", "totalRevenue": "9616000000", "costOfRevenue": "3870000000", "costofGoodsAndServicesSold": "3870000000", "operatingIncome": "1773000000", "sellingGeneralAndAdministrative": "2762086000", "researchAndDevelopment": "1038000000", "operatingExpenses": "3800000000", "investmentIncomeNet": "None", "netInterestIncome": "None", "interestIncome": "None", "interestExpense": "134129000", "nonInterestIncome": "None", "otherNonOperatingIncome": "35232000", "depreciation": "None", "depreciationAndAmortization": "811412000", "incomeBeforeTax": "1675000000", "incomeTaxExpense": "-268000000", "interestAndDebtExpense": "None", "netIncomeFromContinuingOperations": "1942782000", "comprehensiveIncomeNetOfTax": "None", "ebit": "1808685000", "ebitda": "2620097000", "netIncome": "1942782000"}, {"fiscalDateEnding": "2011-03-31", "reportedCurrency": "USD", "grossProfit": "5182000000", "totalRevenue": "9041000000", "costOfRevenue": "3859000000", "costofGoodsAndServicesSold": "3859000000", "operatingIncome": "1301000000", "sellingGeneralAndAdministrative": "2850318000", "researchAndDevelopment": "930000000", "operatingExpenses": "3781000000", "investmentIncomeNet": "None", "netInterestIncome": "None", "interestIncome": "None", "interestExpense": "145587000", "nonInterestIncome": "None", "otherNonOperatingIncome": "-86776000", "depreciation": "None", "depreciationAndAmortization": "745667000", "incomeBeforeTax": "1069000000", "incomeTaxExpense": "205000000", "interestAndDebtExpense": "None", "netIncomeFromContinuingOperations": "863818000", "comprehensiveIncomeNetOfTax": "None", "ebit": "1214373000", "ebitda": "1960040000", "netIncome": "863818000"}, {"fiscalDateEnding": "2010-12-31", "reportedCurrency": "USD", "grossProfit": "5922808000", "totalRevenue": "9967848000", "costOfRevenue": "4045040000", "costofGoodsAndServicesSold": "4045040000", "operatingIncome": "1829947000", "sellingGeneralAndAdministrative": "2797229000", "researchAndDevelopment": "1295632000", "operatingExpenses": "4092861000", "investmentIncomeNet": "None", "netInterestIncome": "None", "interestIncome": "None", "interestExpense": "151344000", "nonInterestIncome": "None", "otherNonOperatingIncome": "89227000", "depreciation": "None", "depreciationAndAmortization": "709578000", "incomeBeforeTax": "1767830000", "incomeTaxExpense": "326983000", "interestAndDebtExpense": "None", "netIncomeFromContinuingOperations": "1440847000", "comprehensiveIncomeNetOfTax": "None", "ebit": "1919174000", "ebitda": "2628752000", "netIncome": "1440847000"}, {"fiscalDateEnding": "2010-09-30", "reportedCurrency": "USD", "grossProfit": "4933000000", "totalRevenue": "8675000000", "costOfRevenue": "3742000000", "costofGoodsAndServicesSold": "3742000000", "operatingIncome": "1181000000", "sellingGeneralAndAdministrative": "2673277000", "researchAndDevelopment": "1079000000", "operatingExpenses": "3752000000", "investmentIncomeNet": "None", "netInterestIncome": "None", "interestIncome": "None", "interestExpense": "149102000", "nonInterestIncome": "None", "otherNonOperatingIncome": "32027000", "depreciation": "None", "depreciationAndAmortization": "677024000", "incomeBeforeTax": "1064000000", "incomeTaxExpense": "173000000", "interestAndDebtExpense": "None", "netIncomeFromContinuingOperations": "890660000", "comprehensiveIncomeNetOfTax": "None", "ebit": "1213212000", "ebitda": "1890236000", "netIncome": "890660000"}, {"fiscalDateEnding": "2010-06-30", "reportedCurrency": "USD", "grossProfit": "5282000000", "totalRevenue": "8826000000", "costOfRevenue": "3544000000", "costofGoodsAndServicesSold": "3544000000", "operatingIncome": "1606000000", "sellingGeneralAndAdministrative": "2743418000", "researchAndDevelopment": "858000000", "operatingExpenses": "3676116000", "investmentIncomeNet": "None", "netInterestIncome": "None", "interestIncome": "None", "interestExpense": "134488000", "nonInterestIncome": "None", "otherNonOperatingIncome": "87209000", "depreciation": "None", "depreciationAndAmortization": "675202000", "incomeBeforeTax": "1559000000", "incomeTaxExpense": "267000000", "interestAndDebtExpense": "None", "netIncomeFromContinuingOperations": "1291650000", "comprehensiveIncomeNetOfTax": "None", "ebit": "1693175000", "ebitda": "2368377000", "netIncome": "1291650000"}, {"fiscalDateEnding": "2010-03-31", "reportedCurrency": "USD", "grossProfit": "4363000000", "totalRevenue": "7698000000", "costOfRevenue": "3335000000", "costofGoodsAndServicesSold": "3335000000", "operatingIncome": "1471000000", "sellingGeneralAndAdministrative": "2162400000", "researchAndDevelopment": "730000000", "operatingExpenses": "2892000000", "investmentIncomeNet": "None", "netInterestIncome": "None", "interestIncome": "None", "interestExpense": "118201000", "nonInterestIncome": "None", "otherNonOperatingIncome": "-30075000", "depreciation": "None", "depreciationAndAmortization": "562501000", "incomeBeforeTax": "1322000000", "incomeTaxExpense": "319000000", "interestAndDebtExpense": "None", "netIncomeFromContinuingOperations": "1003015000", "comprehensiveIncomeNetOfTax": "None", "ebit": "1440408000", "ebitda": "2002909000", "netIncome": "1003015000"}, {"fiscalDateEnding": "2009-12-31", "reportedCurrency": "USD", "grossProfit": "5005904000", "totalRevenue": "8790127000", "costOfRevenue": "3784223000", "costofGoodsAndServicesSold": "3784223000", "operatingIncome": "1863809000", "sellingGeneralAndAdministrative": "2225047000", "researchAndDevelopment": "747048000", "operatingExpenses": "3142095000", "investmentIncomeNet": "None", "netInterestIncome": "None", "interestIncome": "None", "interestExpense": "123885000", "nonInterestIncome": "None", "otherNonOperatingIncome": "None", "depreciation": "None", "depreciationAndAmortization": "547353000", "incomeBeforeTax": "1822882000", "incomeTaxExpense": "284153000", "interestAndDebtExpense": "None", "netIncomeFromContinuingOperations": "0", "comprehensiveIncomeNetOfTax": "None", "ebit": "1946767000", "ebitda": "2494120000", "netIncome": "1538729000"}, {"fiscalDateEnding": "2009-09-30", "reportedCurrency": "USD", "grossProfit": "4401000000", "totalRevenue": "7761000000", "costOfRevenue": "3360000000", "costofGoodsAndServicesSold": "3360000000", "operatingIncome": "1640000000", "sellingGeneralAndAdministrative": "2085660000", "researchAndDevelopment": "676000000", "operatingExpenses": "2761000000", "investmentIncomeNet": "None", "netInterestIncome": "None", "interestIncome": "None", "interestExpense": "134612000", "nonInterestIncome": "None", "otherNonOperatingIncome": "366234000", "depreciation": "None", "depreciationAndAmortization": "540714000", "incomeBeforeTax": "1871000000", "incomeTaxExpense": "391000000", "interestAndDebtExpense": "None", "netIncomeFromContinuingOperations": "1480367000", "comprehensiveIncomeNetOfTax": "None", "ebit": "2005987000", "ebitda": "2546701000", "netIncome": "1480367000"}, {"fiscalDateEnding": "2009-06-30", "reportedCurrency": "USD", "grossProfit": "4366000000", "totalRevenue": "7495000000", "costOfRevenue": "3129000000", "costofGoodsAndServicesSold": "3129000000", "operatingIncome": "1671000000", "sellingGeneralAndAdministrative": "2024252000", "researchAndDevelopment": "670000000", "operatingExpenses": "2695000000", "investmentIncomeNet": "None", "netInterestIncome": "None", "interestIncome": "None", "interestExpense": "136969000", "nonInterestIncome": "None", "otherNonOperatingIncome": "32587000", "depreciation": "None", "depreciationAndAmortization": "537398000", "incomeBeforeTax": "1567000000", "incomeTaxExpense": "279000000", "interestAndDebtExpense": "None", "netIncomeFromContinuingOperations": "1288105000", "comprehensiveIncomeNetOfTax": "None", "ebit": "1704007000", "ebitda": "2241405000", "netIncome": "1288105000"}, {"fiscalDateEnding": "2009-03-31", "reportedCurrency": "USD", "grossProfit": "3782447000", "totalRevenue": "6718368000", "costOfRevenue": "2935921000", "costofGoodsAndServicesSold": "2935921000", "operatingIncome": "1060759000", "sellingGeneralAndAdministrative": "2070945000", "researchAndDevelopment": "650743000", "operatingExpenses": "2721688000", "investmentIncomeNet": "None", "netInterestIncome": "None", "interestIncome": "None", "interestExpense": "124190000", "nonInterestIncome": "None", "otherNonOperatingIncome": "None", "depreciation": "None", "depreciationAndAmortization": "464045000", "incomeBeforeTax": "1932479000", "incomeTaxExpense": "493842000", "interestAndDebtExpense": "None", "netIncomeFromContinuingOperations": "0", "comprehensiveIncomeNetOfTax": "None", "ebit": "2056669000", "ebitda": "2520714000", "netIncome": "1438637000"}, {"fiscalDateEnding": "2008-12-31", "reportedCurrency": "USD", "grossProfit": "4771887000", "totalRevenue": "7950268000", "costOfRevenue": "3178381000", "costofGoodsAndServicesSold": "3178381000", "operatingIncome": "1742896000", "sellingGeneralAndAdministrative": "2297360000", "researchAndDevelopment": "731631000", "operatingExpenses": "3028991000", "investmentIncomeNet": "None", "netInterestIncome": "None", "interestIncome": "None", "interestExpense": "528474000", "nonInterestIncome": "None", "otherNonOperatingIncome": "None", "depreciation": "None", "depreciationAndAmortization": "422555000", "incomeBeforeTax": "1686206000", "incomeTaxExpense": "296483000", "interestAndDebtExpense": "None", "netIncomeFromContinuingOperations": "0", "comprehensiveIncomeNetOfTax": "None", "ebit": "2336561000", "ebitda": "2759116000", "netIncome": "1536226000"}, {"fiscalDateEnding": "2008-09-30", "reportedCurrency": "USD", "grossProfit": "4144791000", "totalRevenue": "7497660000", "costOfRevenue": "3352869000", "costofGoodsAndServicesSold": "3352869000", "operatingIncome": "1396517000", "sellingGeneralAndAdministrative": "2067914000", "researchAndDevelopment": "680360000", "operatingExpenses": "2748274000", "investmentIncomeNet": "None", "netInterestIncome": "None", "interestIncome": "None", "interestExpense": "125014000", "nonInterestIncome": "None", "otherNonOperatingIncome": "None", "depreciation": "None", "depreciationAndAmortization": "498560000", "incomeBeforeTax": "1373036000", "incomeTaxExpense": "288424000", "interestAndDebtExpense": "None", "netIncomeFromContinuingOperations": "0", "comprehensiveIncomeNetOfTax": "None", "ebit": "1396517000", "ebitda": "1895077000", "netIncome": "1084612000"}, {"fiscalDateEnding": "2008-06-30", "reportedCurrency": "USD", "grossProfit": "4194321000", "totalRevenue": "7314021000", "costOfRevenue": "3119700000", "costofGoodsAndServicesSold": "3119700000", "operatingIncome": "1406585000", "sellingGeneralAndAdministrative": "2052317000", "researchAndDevelopment": "656863000", "operatingExpenses": "2787736000", "investmentIncomeNet": "None", "netInterestIncome": "None", "interestIncome": "None", "interestExpense": "137769000", "nonInterestIncome": "None", "otherNonOperatingIncome": "None", "depreciation": "None", "depreciationAndAmortization": "465860000", "incomeBeforeTax": "1636318000", "incomeTaxExpense": "314304000", "interestAndDebtExpense": "None", "netIncomeFromContinuingOperations": "0", "comprehensiveIncomeNetOfTax": "None", "ebit": "1774087000", "ebitda": "2239947000", "netIncome": "1322014000"}, {"fiscalDateEnding": "2008-03-31", "reportedCurrency": "USD", "grossProfit": "3804531000", "totalRevenue": "6765603000", "costOfRevenue": "2961072000", "costofGoodsAndServicesSold": "2961072000", "operatingIncome": "1147841000", "sellingGeneralAndAdministrative": "2018033000", "researchAndDevelopment": "619957000", "operatingExpenses": "2637990000", "investmentIncomeNet": "None", "netInterestIncome": "None", "interestIncome": "None", "interestExpense": "142534000", "nonInterestIncome": "None", "otherNonOperatingIncome": "None", "depreciation": "None", "depreciationAndAmortization": "451854000", "incomeBeforeTax": "1160726000", "incomeTaxExpense": "222859000", "interestAndDebtExpense": "None", "netIncomeFromContinuingOperations": "0", "comprehensiveIncomeNetOfTax": "None", "ebit": "1303260000", "ebitda": "1755114000", "netIncome": "937867000"}, {"fiscalDateEnding": "2007-12-31", "reportedCurrency": "USD", "grossProfit": "4059671000", "totalRevenue": "7221351000", "costOfRevenue": "3161680000", "costofGoodsAndServicesSold": "3161680000", "operatingIncome": "1518001000", "sellingGeneralAndAdministrative": "1879269000", "researchAndDevelopment": "662401000", "operatingExpenses": "2541670000", "investmentIncomeNet": "None", "netInterestIncome": "None", "interestIncome": "None", "interestExpense": "593142000", "nonInterestIncome": "None", "otherNonOperatingIncome": "None", "depreciation": "None", "depreciationAndAmortization": "483192000", "incomeBeforeTax": "1482925000", "incomeTaxExpense": "279898000", "interestAndDebtExpense": "None", "netIncomeFromContinuingOperations": "0", "comprehensiveIncomeNetOfTax": "None", "ebit": "1518001000", "ebitda": "2001193000", "netIncome": "1203027000"}, {"fiscalDateEnding": "2007-09-30", "reportedCurrency": "USD", "grossProfit": "3512676000", "totalRevenue": "6376706000", "costOfRevenue": "2864030000", "costofGoodsAndServicesSold": "2864030000", "operatingIncome": "926554000", "sellingGeneralAndAdministrative": "1945404000", "researchAndDevelopment": "640718000", "operatingExpenses": "2586122000", "investmentIncomeNet": "None", "netInterestIncome": "None", "interestIncome": "None", "interestExpense": "146657000", "nonInterestIncome": "None", "otherNonOperatingIncome": "None", "depreciation": "None", "depreciationAndAmortization": "503769000", "incomeBeforeTax": "893419000", "incomeTaxExpense": "176414000", "interestAndDebtExpense": "None", "netIncomeFromContinuingOperations": "0", "comprehensiveIncomeNetOfTax": "None", "ebit": "926554000", "ebitda": "1430323000", "netIncome": "717005000"}, {"fiscalDateEnding": "2007-06-30", "reportedCurrency": "USD", "grossProfit": "3566294000", "totalRevenue": "6370620000", "costOfRevenue": "2804326000", "costofGoodsAndServicesSold": "2804326000", "operatingIncome": "1186364000", "sellingGeneralAndAdministrative": "1796456000", "researchAndDevelopment": "583474000", "operatingExpenses": "2379930000", "investmentIncomeNet": "None", "netInterestIncome": "None", "interestIncome": "None", "interestExpense": "153349000", "nonInterestIncome": "None", "otherNonOperatingIncome": "None", "depreciation": "None", "depreciationAndAmortization": "435501000", "incomeBeforeTax": "1252638000", "incomeTaxExpense": "263894000", "interestAndDebtExpense": "None", "netIncomeFromContinuingOperations": "0", "comprehensiveIncomeNetOfTax": "None", "ebit": "1186364000", "ebitda": "1621865000", "netIncome": "988744000"}, {"fiscalDateEnding": "2007-03-31", "reportedCurrency": "USD", "grossProfit": "3113589000", "totalRevenue": "5290284000", "costOfRevenue": "2176695000", "costofGoodsAndServicesSold": "2176695000", "operatingIncome": "947625000", "sellingGeneralAndAdministrative": "1657030000", "researchAndDevelopment": "578374000", "operatingExpenses": "2405925000", "investmentIncomeNet": "None", "netInterestIncome": "None", "interestIncome": "None", "interestExpense": "147385000", "nonInterestIncome": "None", "otherNonOperatingIncome": "None", "depreciation": "None", "depreciationAndAmortization": "432424000", "incomeBeforeTax": "770991000", "incomeTaxExpense": "129542000", "interestAndDebtExpense": "None", "netIncomeFromContinuingOperations": "0", "comprehensiveIncomeNetOfTax": "None", "ebit": "947625000", "ebitda": "1380049000", "netIncome": "697537000"}, {"fiscalDateEnding": "2006-12-31", "reportedCurrency": "USD", "grossProfit": "3352357000", "totalRevenue": "6217969000", "costOfRevenue": "2865612000", "costofGoodsAndServicesSold": "2865612000", "operatingIncome": "-253922000", "sellingGeneralAndAdministrative": "1703112000", "researchAndDevelopment": "596167000", "operatingExpenses": "3606279000", "investmentIncomeNet": "None", "netInterestIncome": "None", "interestIncome": "None", "interestExpense": "292347000", "nonInterestIncome": "None", "otherNonOperatingIncome": "None", "depreciation": "None", "depreciationAndAmortization": "411106000", "incomeBeforeTax": "-242100000", "incomeTaxExpense": "234114000", "interestAndDebtExpense": "None", "netIncomeFromContinuingOperations": "0", "comprehensiveIncomeNetOfTax": "None", "ebit": "1053078000", "ebitda": "1464184000", "netIncome": "-476214000"}, {"fiscalDateEnding": "2006-09-30", "reportedCurrency": "USD", "grossProfit": "3182552000", "totalRevenue": "5573770000", "costOfRevenue": "2391218000", "costofGoodsAndServicesSold": "2391218000", "operatingIncome": "689166000", "sellingGeneralAndAdministrative": "1661761000", "researchAndDevelopment": "617625000", "operatingExpenses": "2493386000", "investmentIncomeNet": "None", "netInterestIncome": "None", "interestIncome": "None", "interestExpense": "86884000000", "nonInterestIncome": "None", "otherNonOperatingIncome": "None", "depreciation": "None", "depreciationAndAmortization": "381441000", "incomeBeforeTax": "726317000", "incomeTaxExpense": "10475000", "interestAndDebtExpense": "None", "netIncomeFromContinuingOperations": "0", "comprehensiveIncomeNetOfTax": "None", "ebit": "903166000", "ebitda": "1284607000", "netIncome": "715842000"}, {"fiscalDateEnding": "2006-06-30", "reportedCurrency": "USD", "grossProfit": "3112511000", "totalRevenue": "5501124000", "costOfRevenue": "2388613000", "costofGoodsAndServicesSold": "2388613000", "operatingIncome": "542777000", "sellingGeneralAndAdministrative": "1520397000", "researchAndDevelopment": "1049337000", "operatingExpenses": "2569734000", "investmentIncomeNet": "None", "netInterestIncome": "None", "interestIncome": "None", "interestExpense": "81683000000", "nonInterestIncome": "None", "otherNonOperatingIncome": "None", "depreciation": "None", "depreciationAndAmortization": "393611000", "incomeBeforeTax": "657136000", "incomeTaxExpense": "44892000", "interestAndDebtExpense": "None", "netIncomeFromContinuingOperations": "0", "comprehensiveIncomeNetOfTax": "None", "ebit": "542777000", "ebitda": "936388000", "netIncome": "612244000"}, {"fiscalDateEnding": "2006-03-31", "reportedCurrency": "USD", "grossProfit": "3013755000", "totalRevenue": "5183459000", "costOfRevenue": "2169704000", "costofGoodsAndServicesSold": "2169704000", "operatingIncome": "1064198000", "sellingGeneralAndAdministrative": "1464415000", "researchAndDevelopment": "485142000", "operatingExpenses": "1949557000", "investmentIncomeNet": "None", "netInterestIncome": "None", "interestIncome": "None", "interestExpense": "34519000", "nonInterestIncome": "None", "otherNonOperatingIncome": "None", "depreciation": "None", "depreciationAndAmortization": "372592000", "incomeBeforeTax": "1135017000", "incomeTaxExpense": "270134000", "interestAndDebtExpense": "None", "netIncomeFromContinuingOperations": "0", "comprehensiveIncomeNetOfTax": "None", "ebit": "1042761000", "ebitda": "1415353000", "netIncome": "864883000"}, {"fiscalDateEnding": "2005-12-31", "reportedCurrency": "USD", "grossProfit": "3237777000", "totalRevenue": "6047334000", "costOfRevenue": "2809557000", "costofGoodsAndServicesSold": "2809557000", "operatingIncome": "1300802000", "sellingGeneralAndAdministrative": "1446583000", "researchAndDevelopment": "490392000", "operatingExpenses": "1936975000", "investmentIncomeNet": "None", "netInterestIncome": "None", "interestIncome": "None", "interestExpense": "153662000", "nonInterestIncome": "None", "otherNonOperatingIncome": "None", "depreciation": "None", "depreciationAndAmortization": "337715000", "incomeBeforeTax": "1399924000", "incomeTaxExpense": "423508000", "interestAndDebtExpense": "None", "netIncomeFromContinuingOperations": "0", "comprehensiveIncomeNetOfTax": "None", "ebit": "1300802000", "ebitda": "1638517000", "netIncome": "976416000"}]}