{"symbol": "ARKR", "annualReports": [{"fiscalDateEnding": "2025-09-30", "reportedCurrency": "USD", "grossProfit": "58978000", "totalRevenue": "165751000", "costOfRevenue": "106773000", "costofGoodsAndServicesSold": "106773000", "operatingIncome": "-4064000", "sellingGeneralAndAdministrative": "34528000", "researchAndDevelopment": "None", "operatingExpenses": "63042000", "investmentIncomeNet": "None", "netInterestIncome": "-369000", "interestIncome": "45000", "interestExpense": "414000", "nonInterestIncome": "None", "otherNonOperatingIncome": "None", "depreciation": "None", "depreciationAndAmortization": "3409000", "incomeBeforeTax": "-3839000", "incomeTaxExpense": "5324000", "interestAndDebtExpense": "None", "netIncomeFromContinuingOperations": "-9163000", "comprehensiveIncomeNetOfTax": "None", "ebit": "-3425000", "ebitda": "-16000", "netIncome": "-11466000"}, {"fiscalDateEnding": "2024-09-30", "reportedCurrency": "USD", "grossProfit": "15345000", "totalRevenue": "183545000", "costOfRevenue": "168200000", "costofGoodsAndServicesSold": "168200000", "operatingIncome": "3082000", "sellingGeneralAndAdministrative": "36885000", "researchAndDevelopment": "None", "operatingExpenses": "12263000", "investmentIncomeNet": "None", "netInterestIncome": "-577000", "interestIncome": "44000", "interestExpense": "621000", "nonInterestIncome": "None", "otherNonOperatingIncome": "None", "depreciation": "None", "depreciationAndAmortization": "4530000", "incomeBeforeTax": "-4560000", "incomeTaxExpense": "-815000", "interestAndDebtExpense": "None", "netIncomeFromContinuingOperations": "-3745000", "comprehensiveIncomeNetOfTax": "None", "ebit": "-3939000", "ebitda": "591000", "netIncome": "-3896000"}, {"fiscalDateEnding": "2023-09-30", "reportedCurrency": "USD", "grossProfit": "17567000", "totalRevenue": "184793000", "costOfRevenue": "167226000", "costofGoodsAndServicesSold": "167226000", "operatingIncome": "5160000", "sellingGeneralAndAdministrative": "12073000", "researchAndDevelopment": "None", "operatingExpenses": "12407000", "investmentIncomeNet": "None", "netInterestIncome": "-906000", "interestIncome": "372000", "interestExpense": "1239000", "nonInterestIncome": "None", "otherNonOperatingIncome": "None", "depreciation": "None", "depreciationAndAmortization": "4817000", "incomeBeforeTax": "-5422000", "incomeTaxExpense": "-64000", "interestAndDebtExpense": "None", "netIncomeFromContinuingOperations": "-5358000", "comprehensiveIncomeNetOfTax": "None", "ebit": "-4183000", "ebitda": "634000", "netIncome": "-5928000"}, {"fiscalDateEnding": "2022-09-30", "reportedCurrency": "USD", "grossProfit": "22800000", "totalRevenue": "183674000", "costOfRevenue": "160874000", "costofGoodsAndServicesSold": "160874000", "operatingIncome": "9864000", "sellingGeneralAndAdministrative": "35117000", "researchAndDevelopment": "None", "operatingExpenses": "12936000", "investmentIncomeNet": "None", "netInterestIncome": "-1083000", "interestIncome": "109000", "interestExpense": "1192000", "nonInterestIncome": "None", "otherNonOperatingIncome": "1758000", "depreciation": "None", "depreciationAndAmortization": "5170000", "incomeBeforeTax": "11622000", "incomeTaxExpense": "1448000", "interestAndDebtExpense": "None", "netIncomeFromContinuingOperations": "10174000", "comprehensiveIncomeNetOfTax": "None", "ebit": "12814000", "ebitda": "17984000", "netIncome": "9281000"}, {"fiscalDateEnding": "2021-09-30", "reportedCurrency": "USD", "grossProfit": "15920000", "totalRevenue": "131870000", "costOfRevenue": "115950000", "costofGoodsAndServicesSold": "115950000", "operatingIncome": "5397000", "sellingGeneralAndAdministrative": "25270000", "researchAndDevelopment": "None", "operatingExpenses": "10523000", "investmentIncomeNet": "None", "netInterestIncome": "-1179000", "interestIncome": "51000", "interestExpense": "1230000", "nonInterestIncome": "None", "otherNonOperatingIncome": "None", "depreciation": "None", "depreciationAndAmortization": "5438000", "incomeBeforeTax": "15428000", "incomeTaxExpense": "1181000", "interestAndDebtExpense": "None", "netIncomeFromContinuingOperations": "14247000", "comprehensiveIncomeNetOfTax": "None", "ebit": "16658000", "ebitda": "22096000", "netIncome": "12895000"}, {"fiscalDateEnding": "2020-09-30", "reportedCurrency": "USD", "grossProfit": "2728000", "totalRevenue": "106490000", "costOfRevenue": "103762000", "costofGoodsAndServicesSold": "103762000", "operatingIncome": "-7432000", "sellingGeneralAndAdministrative": "25551000", "researchAndDevelopment": "None", "operatingExpenses": "10160000", "investmentIncomeNet": "None", "netInterestIncome": "-1295000", "interestIncome": "126000", "interestExpense": "1421000", "nonInterestIncome": "None", "otherNonOperatingIncome": "214000", "depreciation": "None", "depreciationAndAmortization": "4640000", "incomeBeforeTax": "-9003000", "incomeTaxExpense": "-4385000", "interestAndDebtExpense": "None", "netIncomeFromContinuingOperations": "-4618000", "comprehensiveIncomeNetOfTax": "None", "ebit": "-7582000", "ebitda": "-2942000", "netIncome": "-4688000"}, {"fiscalDateEnding": "2019-09-30", "reportedCurrency": "USD", "grossProfit": "19220000", "totalRevenue": "162354000", "costOfRevenue": "143134000", "costofGoodsAndServicesSold": "143134000", "operatingIncome": "7209000", "sellingGeneralAndAdministrative": "29424000", "researchAndDevelopment": "None", "operatingExpenses": "12011000", "investmentIncomeNet": "None", "netInterestIncome": "-1376000", "interestIncome": "61000", "interestExpense": "1437000", "nonInterestIncome": "None", "otherNonOperatingIncome": "61000", "depreciation": "None", "depreciationAndAmortization": "5233000", "incomeBeforeTax": "1870000", "incomeTaxExpense": "-591000", "interestAndDebtExpense": "None", "netIncomeFromContinuingOperations": "2461000", "comprehensiveIncomeNetOfTax": "None", "ebit": "3307000", "ebitda": "8540000", "netIncome": "2676000"}, {"fiscalDateEnding": "2018-09-30", "reportedCurrency": "USD", "grossProfit": "16245999", "totalRevenue": "159990000", "costOfRevenue": "143744000", "costofGoodsAndServicesSold": "143744000", "operatingIncome": "5032000", "sellingGeneralAndAdministrative": "29791000", "researchAndDevelopment": "0", "operatingExpenses": "11214000", "investmentIncomeNet": "None", "netInterestIncome": "-1106000", "interestIncome": "57000", "interestExpense": "1163000", "nonInterestIncome": "None", "otherNonOperatingIncome": "57000", "depreciation": "None", "depreciationAndAmortization": "5074000", "incomeBeforeTax": "3926000", "incomeTaxExpense": "-1147000", "interestAndDebtExpense": "None", "netIncomeFromContinuingOperations": "5073000", "comprehensiveIncomeNetOfTax": "None", "ebit": "5089000", "ebitda": "10163000", "netIncome": "4655000"}, {"fiscalDateEnding": "2017-09-30", "reportedCurrency": "USD", "grossProfit": "17278000", "totalRevenue": "153877000", "costOfRevenue": "136599000", "costofGoodsAndServicesSold": "136599000", "operatingIncome": "5961000", "sellingGeneralAndAdministrative": "28604000", "researchAndDevelopment": "0", "operatingExpenses": "11317000", "investmentIncomeNet": "None", "netInterestIncome": "-583000", "interestIncome": "170000", "interestExpense": "753000", "nonInterestIncome": "None", "otherNonOperatingIncome": "170000", "depreciation": "None", "depreciationAndAmortization": "4138000", "incomeBeforeTax": "6425000", "incomeTaxExpense": "1668000", "interestAndDebtExpense": "None", "netIncomeFromContinuingOperations": "4757000", "comprehensiveIncomeNetOfTax": "None", "ebit": "7178000", "ebitda": "11316000", "netIncome": "4039000"}, {"fiscalDateEnding": "2016-09-30", "reportedCurrency": "USD", "grossProfit": "19532000", "totalRevenue": "150152000", "costOfRevenue": "131050000", "costofGoodsAndServicesSold": "131050000", "operatingIncome": "7824000", "sellingGeneralAndAdministrative": "28223000", "researchAndDevelopment": "0", "operatingExpenses": "11708000", "investmentIncomeNet": "None", "netInterestIncome": "-236000", "interestIncome": "180000", "interestExpense": "416000", "nonInterestIncome": "None", "otherNonOperatingIncome": "610000", "depreciation": "None", "depreciationAndAmortization": "4553000", "incomeBeforeTax": "7588000", "incomeTaxExpense": "2098000", "interestAndDebtExpense": "None", "netIncomeFromContinuingOperations": "5490000", "comprehensiveIncomeNetOfTax": "None", "ebit": "7834000", "ebitda": "12387000", "netIncome": "4030000"}, {"fiscalDateEnding": "2015-09-30", "reportedCurrency": "USD", "grossProfit": "19826000", "totalRevenue": "145863000", "costOfRevenue": "126037000", "costofGoodsAndServicesSold": "126037000", "operatingIncome": "8941000", "sellingGeneralAndAdministrative": "27675000", "researchAndDevelopment": "0", "operatingExpenses": "10885000", "investmentIncomeNet": "None", "netInterestIncome": "None", "interestIncome": "191000", "interestExpense": "238000", "nonInterestIncome": "None", "otherNonOperatingIncome": "285000", "depreciation": "None", "depreciationAndAmortization": "4415000", "incomeBeforeTax": "8988000", "incomeTaxExpense": "2596000", "interestAndDebtExpense": "None", "netIncomeFromContinuingOperations": "6392000", "comprehensiveIncomeNetOfTax": "None", "ebit": "9226000", "ebitda": "13641000", "netIncome": "5390000"}, {"fiscalDateEnding": "2014-09-30", "reportedCurrency": "USD", "grossProfit": "18030000", "totalRevenue": "139357000", "costOfRevenue": "121327000", "costofGoodsAndServicesSold": "121327000", "operatingIncome": "7778000", "sellingGeneralAndAdministrative": "27790000", "researchAndDevelopment": "0", "operatingExpenses": "10252000", "investmentIncomeNet": "None", "netInterestIncome": "None", "interestIncome": "None", "interestExpense": "201000", "nonInterestIncome": "None", "otherNonOperatingIncome": "533000", "depreciation": "None", "depreciationAndAmortization": "4619000", "incomeBeforeTax": "7960000", "incomeTaxExpense": "1775000", "interestAndDebtExpense": "None", "netIncomeFromContinuingOperations": "6185000", "comprehensiveIncomeNetOfTax": "None", "ebit": "8161000", "ebitda": "12780000", "netIncome": "4915000"}, {"fiscalDateEnding": "2013-09-30", "reportedCurrency": "USD", "grossProfit": "55319000", "totalRevenue": "130598000", "costOfRevenue": "75279000", "costofGoodsAndServicesSold": "75279000", "operatingIncome": "6606000", "sellingGeneralAndAdministrative": "27325000", "researchAndDevelopment": "0", "operatingExpenses": "48713000", "investmentIncomeNet": "None", "netInterestIncome": "None", "interestIncome": "None", "interestExpense": "62000", "nonInterestIncome": "None", "otherNonOperatingIncome": "508000", "depreciation": "None", "depreciationAndAmortization": "4303000", "incomeBeforeTax": "7052000", "incomeTaxExpense": "1941000", "interestAndDebtExpense": "None", "netIncomeFromContinuingOperations": "5111000", "comprehensiveIncomeNetOfTax": "None", "ebit": "6606000", "ebitda": "10909000", "netIncome": "3824000"}, {"fiscalDateEnding": "2012-09-30", "reportedCurrency": "USD", "grossProfit": "20103000", "totalRevenue": "138028000", "costOfRevenue": "117925000", "costofGoodsAndServicesSold": "117925000", "operatingIncome": "11276400", "sellingGeneralAndAdministrative": "9368000", "researchAndDevelopment": "0", "operatingExpenses": "8826600", "investmentIncomeNet": "None", "netInterestIncome": "None", "interestIncome": "None", "interestExpense": "23000", "nonInterestIncome": "None", "otherNonOperatingIncome": "487000", "depreciation": "None", "depreciationAndAmortization": "4110000", "incomeBeforeTax": "10455000", "incomeTaxExpense": "3013000", "interestAndDebtExpense": "None", "netIncomeFromContinuingOperations": "7442000", "comprehensiveIncomeNetOfTax": "None", "ebit": "10478000", "ebitda": "14588000", "netIncome": "5489000"}, {"fiscalDateEnding": "2011-09-30", "reportedCurrency": "USD", "grossProfit": "97389000", "totalRevenue": "139445000", "costOfRevenue": "42056000", "costofGoodsAndServicesSold": "42056000", "operatingIncome": "4505000", "sellingGeneralAndAdministrative": "9476000", "researchAndDevelopment": "0", "operatingExpenses": "92884000", "investmentIncomeNet": "None", "netInterestIncome": "None", "interestIncome": "None", "interestExpense": "14000", "nonInterestIncome": "None", "otherNonOperatingIncome": "708000", "depreciation": "None", "depreciationAndAmortization": "4491000", "incomeBeforeTax": "2596000", "incomeTaxExpense": "145000", "interestAndDebtExpense": "None", "netIncomeFromContinuingOperations": "2451000", "comprehensiveIncomeNetOfTax": "None", "ebit": "2610000", "ebitda": "7101000", "netIncome": "1415000"}, {"fiscalDateEnding": "2010-09-30", "reportedCurrency": "USD", "grossProfit": "45566000", "totalRevenue": "117768000", "costOfRevenue": "72202000", "costofGoodsAndServicesSold": "72202000", "operatingIncome": "2999000", "sellingGeneralAndAdministrative": "9516000", "researchAndDevelopment": "None", "operatingExpenses": "42567000", "investmentIncomeNet": "None", "netInterestIncome": "None", "interestIncome": "None", "interestExpense": "29000", "nonInterestIncome": "None", "otherNonOperatingIncome": "None", "depreciation": "None", "depreciationAndAmortization": "3873000", "incomeBeforeTax": "3438000", "incomeTaxExpense": "1121000", "interestAndDebtExpense": "None", "netIncomeFromContinuingOperations": "None", "comprehensiveIncomeNetOfTax": "None", "ebit": "3467000", "ebitda": "7340000", "netIncome": "2605000"}, {"fiscalDateEnding": "2009-09-30", "reportedCurrency": "USD", "grossProfit": "44857000", "totalRevenue": "115007000", "costOfRevenue": "70150000", "costofGoodsAndServicesSold": "70150000", "operatingIncome": "3272000", "sellingGeneralAndAdministrative": "62600000", "researchAndDevelopment": "None", "operatingExpenses": "41585000", "investmentIncomeNet": "None", "netInterestIncome": "None", "interestIncome": "None", "interestExpense": "43000", "nonInterestIncome": "None", "otherNonOperatingIncome": "None", "depreciation": "None", "depreciationAndAmortization": "3619000", "incomeBeforeTax": "4083000", "incomeTaxExpense": "1240000", "interestAndDebtExpense": "None", "netIncomeFromContinuingOperations": "None", "comprehensiveIncomeNetOfTax": "None", "ebit": "4126000", "ebitda": "7745000", "netIncome": "3059000"}, {"fiscalDateEnding": "2008-09-30", "reportedCurrency": "USD", "grossProfit": "51167000", "totalRevenue": "122934000", "costOfRevenue": "74223000", "costofGoodsAndServicesSold": "74223000", "operatingIncome": "9787000", "sellingGeneralAndAdministrative": "9157000", "researchAndDevelopment": "None", "operatingExpenses": "41380000", "investmentIncomeNet": "None", "netInterestIncome": "None", "interestIncome": "None", "interestExpense": "57000", "nonInterestIncome": "None", "otherNonOperatingIncome": "None", "depreciation": "None", "depreciationAndAmortization": "3091000", "incomeBeforeTax": "10936000", "incomeTaxExpense": "3676000", "interestAndDebtExpense": "None", "netIncomeFromContinuingOperations": "None", "comprehensiveIncomeNetOfTax": "None", "ebit": "10993000", "ebitda": "14084000", "netIncome": "6978000"}, {"fiscalDateEnding": "2007-09-30", "reportedCurrency": "USD", "grossProfit": "49263000", "totalRevenue": "124207000", "costOfRevenue": "68558000", "costofGoodsAndServicesSold": "68558000", "operatingIncome": "10712000", "sellingGeneralAndAdministrative": "9046000", "researchAndDevelopment": "None", "operatingExpenses": "38551000", "investmentIncomeNet": "None", "netInterestIncome": "None", "interestIncome": "None", "interestExpense": "65000", "nonInterestIncome": "None", "otherNonOperatingIncome": "None", "depreciation": "None", "depreciationAndAmortization": "2657000", "incomeBeforeTax": "12493000", "incomeTaxExpense": "3853000", "interestAndDebtExpense": "None", "netIncomeFromContinuingOperations": "None", "comprehensiveIncomeNetOfTax": "None", "ebit": "11927000", "ebitda": "14584000", "netIncome": "13013000"}, {"fiscalDateEnding": "2006-09-30", "reportedCurrency": "USD", "grossProfit": "44830000", "totalRevenue": "115969000", "costOfRevenue": "65688999", "costofGoodsAndServicesSold": "65688999", "operatingIncome": "8140000", "sellingGeneralAndAdministrative": "75556000", "researchAndDevelopment": "None", "operatingExpenses": "36690000", "investmentIncomeNet": "None", "netInterestIncome": "None", "interestIncome": "None", "interestExpense": "0", "nonInterestIncome": "None", "otherNonOperatingIncome": "None", "depreciation": "None", "depreciationAndAmortization": "3778000", "incomeBeforeTax": "8511000", "incomeTaxExpense": "2824000", "interestAndDebtExpense": "None", "netIncomeFromContinuingOperations": "None", "comprehensiveIncomeNetOfTax": "None", "ebit": "8944000", "ebitda": "12722000", "netIncome": "5220000"}], "quarterlyReports": [{"fiscalDateEnding": "2025-12-31", "reportedCurrency": "USD", "grossProfit": "4272000", "totalRevenue": "40749000", "costOfRevenue": "36477000", "costofGoodsAndServicesSold": "36477000", "operatingIncome": "1093000", "sellingGeneralAndAdministrative": "3179000", "researchAndDevelopment": "None", "operatingExpenses": "3179000", "investmentIncomeNet": "None", "netInterestIncome": "-61000", "interestIncome": "11000", "interestExpense": "72000", "nonInterestIncome": "None", "otherNonOperatingIncome": "None", "depreciation": "None", "depreciationAndAmortization": "610000", "incomeBeforeTax": "1160000", "incomeTaxExpense": "58000", "interestAndDebtExpense": "None", "netIncomeFromContinuingOperations": "1102000", "comprehensiveIncomeNetOfTax": "None", "ebit": "1221000", "ebitda": "1831000", "netIncome": "896000"}, {"fiscalDateEnding": "2025-09-30", "reportedCurrency": "USD", "grossProfit": "987000", "totalRevenue": "37323000", "costOfRevenue": "36336000", "costofGoodsAndServicesSold": "36336000", "operatingIncome": "-1722000", "sellingGeneralAndAdministrative": "2135000", "researchAndDevelopment": "None", "operatingExpenses": "2709000", "investmentIncomeNet": "None", "netInterestIncome": "-75000", "interestIncome": "12000", "interestExpense": "87000", "nonInterestIncome": "None", "otherNonOperatingIncome": "None", "depreciation": "None", "depreciationAndAmortization": "696000", "incomeBeforeTax": "-1594000", "incomeTaxExpense": "305000", "interestAndDebtExpense": "None", "netIncomeFromContinuingOperations": "-1899000", "comprehensiveIncomeNetOfTax": "None", "ebit": "-1519000", "ebitda": "-823000", "netIncome": "-1919000"}, {"fiscalDateEnding": "2025-06-30", "reportedCurrency": "USD", "grossProfit": "3929000", "totalRevenue": "43715000", "costOfRevenue": "39786000", "costofGoodsAndServicesSold": "39786000", "operatingIncome": "1107000", "sellingGeneralAndAdministrative": "2701000", "researchAndDevelopment": "None", "operatingExpenses": "2822000", "investmentIncomeNet": "None", "netInterestIncome": "-90000", "interestIncome": "11000", "interestExpense": "101000", "nonInterestIncome": "None", "otherNonOperatingIncome": "None", "depreciation": "None", "depreciationAndAmortization": "964000", "incomeBeforeTax": "-3114000", "incomeTaxExpense": "81000", "interestAndDebtExpense": "None", "netIncomeFromContinuingOperations": "-3195000", "comprehensiveIncomeNetOfTax": "None", "ebit": "-3013000", "ebitda": "-2049000", "netIncome": "-3454000"}, {"fiscalDateEnding": "2025-03-31", "reportedCurrency": "USD", "grossProfit": "2005000", "totalRevenue": "39725000", "costOfRevenue": "37720000", "costofGoodsAndServicesSold": "37720000", "operatingIncome": "-1317000", "sellingGeneralAndAdministrative": "3201000", "researchAndDevelopment": "None", "operatingExpenses": "3322000", "investmentIncomeNet": "None", "netInterestIncome": "-93000", "interestIncome": "11000", "interestExpense": "104000", "nonInterestIncome": "None", "otherNonOperatingIncome": "None", "depreciation": "None", "depreciationAndAmortization": "786000", "incomeBeforeTax": "-4710000", "incomeTaxExpense": "4434000", "interestAndDebtExpense": "None", "netIncomeFromContinuingOperations": "-9144000", "comprehensiveIncomeNetOfTax": "None", "ebit": "-4606000", "ebitda": "-3820000", "netIncome": "-9258000"}, {"fiscalDateEnding": "2024-12-31", "reportedCurrency": "USD", "grossProfit": "3748000", "totalRevenue": "44988000", "costOfRevenue": "41240000", "costofGoodsAndServicesSold": "41240000", "operatingIncome": "600000", "sellingGeneralAndAdministrative": "3027000", "researchAndDevelopment": "None", "operatingExpenses": "3148000", "investmentIncomeNet": "None", "netInterestIncome": "-111000", "interestIncome": "11000", "interestExpense": "122000", "nonInterestIncome": "None", "otherNonOperatingIncome": "None", "depreciation": "None", "depreciationAndAmortization": "891000", "incomeBeforeTax": "5578000", "incomeTaxExpense": "503000", "interestAndDebtExpense": "None", "netIncomeFromContinuingOperations": "5075000", "comprehensiveIncomeNetOfTax": "None", "ebit": "5700000", "ebitda": "6591000", "netIncome": "3164000"}, {"fiscalDateEnding": "2024-09-30", "reportedCurrency": "USD", "grossProfit": "2469000", "totalRevenue": "43406000", "costOfRevenue": "40937000", "costofGoodsAndServicesSold": "40937000", "operatingIncome": "-643000", "sellingGeneralAndAdministrative": "9366000", "researchAndDevelopment": "None", "operatingExpenses": "3112000", "investmentIncomeNet": "None", "netInterestIncome": "-129000", "interestIncome": "11000", "interestExpense": "140000", "nonInterestIncome": "None", "otherNonOperatingIncome": "None", "depreciation": "None", "depreciationAndAmortization": "1028999", "incomeBeforeTax": "-5648000", "incomeTaxExpense": "-613000", "interestAndDebtExpense": "None", "netIncomeFromContinuingOperations": "-5035000", "comprehensiveIncomeNetOfTax": "None", "ebit": "-5507999", "ebitda": "-4479000", "netIncome": "-4457000"}, {"fiscalDateEnding": "2024-06-30", "reportedCurrency": "USD", "grossProfit": "6014000", "totalRevenue": "50396000", "costOfRevenue": "44382000", "costofGoodsAndServicesSold": "44382000", "operatingIncome": "3324000", "sellingGeneralAndAdministrative": "2690000", "researchAndDevelopment": "None", "operatingExpenses": "2690000", "investmentIncomeNet": "None", "netInterestIncome": "-138000", "interestIncome": "11000", "interestExpense": "149000", "nonInterestIncome": "None", "otherNonOperatingIncome": "None", "depreciation": "None", "depreciationAndAmortization": "1139000", "incomeBeforeTax": "686000", "incomeTaxExpense": "-213000", "interestAndDebtExpense": "None", "netIncomeFromContinuingOperations": "899000", "comprehensiveIncomeNetOfTax": "None", "ebit": "835000", "ebitda": "1974000", "netIncome": "640000"}, {"fiscalDateEnding": "2024-03-31", "reportedCurrency": "USD", "grossProfit": "1939000", "totalRevenue": "42257000", "costOfRevenue": "40318000", "costofGoodsAndServicesSold": "40318000", "operatingIncome": "-1202000", "sellingGeneralAndAdministrative": "3019000", "researchAndDevelopment": "None", "operatingExpenses": "3141000", "investmentIncomeNet": "None", "netInterestIncome": "-150000", "interestIncome": "11000", "interestExpense": "161000", "nonInterestIncome": "None", "otherNonOperatingIncome": "None", "depreciation": "None", "depreciationAndAmortization": "1175000", "incomeBeforeTax": "-1352000", "incomeTaxExpense": "-147000", "interestAndDebtExpense": "None", "netIncomeFromContinuingOperations": "-1205000", "comprehensiveIncomeNetOfTax": "None", "ebit": "-1191000", "ebitda": "-16000", "netIncome": "-1449000"}, {"fiscalDateEnding": "2023-12-31", "reportedCurrency": "USD", "grossProfit": "4923000", "totalRevenue": "47487000", "costOfRevenue": "42564000", "costofGoodsAndServicesSold": "42564000", "operatingIncome": "1603000", "sellingGeneralAndAdministrative": "9652000", "researchAndDevelopment": "None", "operatingExpenses": "3320000", "investmentIncomeNet": "None", "netInterestIncome": "-160000", "interestIncome": "11000", "interestExpense": "171000", "nonInterestIncome": "None", "otherNonOperatingIncome": "None", "depreciation": "None", "depreciationAndAmortization": "1188000", "incomeBeforeTax": "1754000", "incomeTaxExpense": "158000", "interestAndDebtExpense": "None", "netIncomeFromContinuingOperations": "1596000", "comprehensiveIncomeNetOfTax": "None", "ebit": "1925000", "ebitda": "3113000", "netIncome": "1370000"}, {"fiscalDateEnding": "2023-09-30", "reportedCurrency": "USD", "grossProfit": "2049000", "totalRevenue": "44400000", "costOfRevenue": "42351000", "costofGoodsAndServicesSold": "42351000", "operatingIncome": "-703000", "sellingGeneralAndAdministrative": "8635000", "researchAndDevelopment": "None", "operatingExpenses": "2752000", "investmentIncomeNet": "None", "netInterestIncome": "-161000", "interestIncome": "10000", "interestExpense": "171000", "nonInterestIncome": "None", "otherNonOperatingIncome": "None", "depreciation": "None", "depreciationAndAmortization": "1080000", "incomeBeforeTax": "-10838000", "incomeTaxExpense": "-370000", "interestAndDebtExpense": "None", "netIncomeFromContinuingOperations": "-10468000", "comprehensiveIncomeNetOfTax": "None", "ebit": "-10667000", "ebitda": "-9587000", "netIncome": "-10364000"}, {"fiscalDateEnding": "2023-06-30", "reportedCurrency": "USD", "grossProfit": "7132000", "totalRevenue": "51051000", "costOfRevenue": "43919000", "costofGoodsAndServicesSold": "43919000", "operatingIncome": "3637000", "sellingGeneralAndAdministrative": "9646000", "researchAndDevelopment": "None", "operatingExpenses": "3495000", "investmentIncomeNet": "None", "netInterestIncome": "-158000", "interestIncome": "16000", "interestExpense": "174000", "nonInterestIncome": "None", "otherNonOperatingIncome": "None", "depreciation": "None", "depreciationAndAmortization": "1173000", "incomeBeforeTax": "3505000", "incomeTaxExpense": "173000", "interestAndDebtExpense": "None", "netIncomeFromContinuingOperations": "3332000", "comprehensiveIncomeNetOfTax": "None", "ebit": "3679000", "ebitda": "4852000", "netIncome": "3195000"}, {"fiscalDateEnding": "2023-03-31", "reportedCurrency": "USD", "grossProfit": "3046000", "totalRevenue": "41897000", "costOfRevenue": "38851000", "costofGoodsAndServicesSold": "38851000", "operatingIncome": "23000", "sellingGeneralAndAdministrative": "8278000", "researchAndDevelopment": "None", "operatingExpenses": "3023000", "investmentIncomeNet": "None", "netInterestIncome": "-248000", "interestIncome": "217000", "interestExpense": "465000", "nonInterestIncome": "None", "otherNonOperatingIncome": "None", "depreciation": "None", "depreciationAndAmortization": "1257000", "incomeBeforeTax": "-225000", "incomeTaxExpense": "19000", "interestAndDebtExpense": "None", "netIncomeFromContinuingOperations": "-244000", "comprehensiveIncomeNetOfTax": "None", "ebit": "240000", "ebitda": "1497000", "netIncome": "-484000"}, {"fiscalDateEnding": "2022-12-31", "reportedCurrency": "USD", "grossProfit": "5340000", "totalRevenue": "47445000", "costOfRevenue": "42105000", "costofGoodsAndServicesSold": "42105000", "operatingIncome": "2203000", "sellingGeneralAndAdministrative": "9320000", "researchAndDevelopment": "None", "operatingExpenses": "3137000", "investmentIncomeNet": "None", "netInterestIncome": "-339000", "interestIncome": "90000", "interestExpense": "429000", "nonInterestIncome": "None", "otherNonOperatingIncome": "None", "depreciation": "None", "depreciationAndAmortization": "1344000", "incomeBeforeTax": "2136000", "incomeTaxExpense": "114000", "interestAndDebtExpense": "None", "netIncomeFromContinuingOperations": "2022000", "comprehensiveIncomeNetOfTax": "None", "ebit": "2565000", "ebitda": "3909000", "netIncome": "1725000"}, {"fiscalDateEnding": "2022-09-30", "reportedCurrency": "USD", "grossProfit": "4505000", "totalRevenue": "46884000", "costOfRevenue": "42379000", "costofGoodsAndServicesSold": "42379000", "operatingIncome": "1423000", "sellingGeneralAndAdministrative": "9449000", "researchAndDevelopment": "None", "operatingExpenses": "3082000", "investmentIncomeNet": "None", "netInterestIncome": "-305000", "interestIncome": "49000", "interestExpense": "354000", "nonInterestIncome": "None", "otherNonOperatingIncome": "None", "depreciation": "None", "depreciationAndAmortization": "1366000", "incomeBeforeTax": "1155000", "incomeTaxExpense": "157000", "interestAndDebtExpense": "None", "netIncomeFromContinuingOperations": "998000", "comprehensiveIncomeNetOfTax": "None", "ebit": "1509000", "ebitda": "2875000", "netIncome": "762000"}, {"fiscalDateEnding": "2022-06-30", "reportedCurrency": "USD", "grossProfit": "9293000", "totalRevenue": "53218000", "costOfRevenue": "43925000", "costofGoodsAndServicesSold": "43925000", "operatingIncome": "5421000", "sellingGeneralAndAdministrative": "9838000", "researchAndDevelopment": "None", "operatingExpenses": "3872000", "investmentIncomeNet": "None", "netInterestIncome": "-253000", "interestIncome": "38000", "interestExpense": "291000", "nonInterestIncome": "None", "otherNonOperatingIncome": "None", "depreciation": "None", "depreciationAndAmortization": "1265000", "incomeBeforeTax": "6503000", "incomeTaxExpense": "905000", "interestAndDebtExpense": "None", "netIncomeFromContinuingOperations": "5598000", "comprehensiveIncomeNetOfTax": "None", "ebit": "6794000", "ebitda": "8059000", "netIncome": "5255000"}, {"fiscalDateEnding": "2022-03-31", "reportedCurrency": "USD", "grossProfit": "3245000", "totalRevenue": "39586000", "costOfRevenue": "36341000", "costofGoodsAndServicesSold": "36341000", "operatingIncome": "227000", "sellingGeneralAndAdministrative": "7634000", "researchAndDevelopment": "None", "operatingExpenses": "3018000", "investmentIncomeNet": "None", "netInterestIncome": "-250000", "interestIncome": "12000", "interestExpense": "262000", "nonInterestIncome": "None", "otherNonOperatingIncome": "None", "depreciation": "None", "depreciationAndAmortization": "1307000", "incomeBeforeTax": "1224000", "incomeTaxExpense": "76000", "interestAndDebtExpense": "None", "netIncomeFromContinuingOperations": "1148000", "comprehensiveIncomeNetOfTax": "None", "ebit": "1486000", "ebitda": "2793000", "netIncome": "1055000"}, {"fiscalDateEnding": "2021-12-31", "reportedCurrency": "USD", "grossProfit": "5754000", "totalRevenue": "43986000", "costOfRevenue": "38232000", "costofGoodsAndServicesSold": "38232000", "operatingIncome": "2791000", "sellingGeneralAndAdministrative": "8195000", "researchAndDevelopment": "None", "operatingExpenses": "2963000", "investmentIncomeNet": "None", "netInterestIncome": "-275000", "interestIncome": "10000", "interestExpense": "285000", "nonInterestIncome": "None", "otherNonOperatingIncome": "None", "depreciation": "None", "depreciationAndAmortization": "1232000", "incomeBeforeTax": "2738000", "incomeTaxExpense": "309000", "interestAndDebtExpense": "None", "netIncomeFromContinuingOperations": "2429000", "comprehensiveIncomeNetOfTax": "None", "ebit": "3023000", "ebitda": "4255000", "netIncome": "2209000"}, {"fiscalDateEnding": "2021-09-30", "reportedCurrency": "USD", "grossProfit": "7985000", "totalRevenue": "42839000", "costOfRevenue": "34854000", "costofGoodsAndServicesSold": "34854000", "operatingIncome": "5088000", "sellingGeneralAndAdministrative": "6397000", "researchAndDevelopment": "None", "operatingExpenses": "2897000", "investmentIncomeNet": "None", "netInterestIncome": "-280000", "interestIncome": "10000", "interestExpense": "290000", "nonInterestIncome": "None", "otherNonOperatingIncome": "None", "depreciation": "None", "depreciationAndAmortization": "740000", "incomeBeforeTax": "8701000", "incomeTaxExpense": "1337000", "interestAndDebtExpense": "None", "netIncomeFromContinuingOperations": "7364000", "comprehensiveIncomeNetOfTax": "None", "ebit": "8990000", "ebitda": "9730000", "netIncome": "6828000"}, {"fiscalDateEnding": "2021-06-30", "reportedCurrency": "USD", "grossProfit": "7915000", "totalRevenue": "42965000", "costOfRevenue": "35050000", "costofGoodsAndServicesSold": "35050000", "operatingIncome": "5113000", "sellingGeneralAndAdministrative": "7053000", "researchAndDevelopment": "None", "operatingExpenses": "2802000", "investmentIncomeNet": "None", "netInterestIncome": "-295000", "interestIncome": "14000", "interestExpense": "309000", "nonInterestIncome": "None", "otherNonOperatingIncome": "None", "depreciation": "None", "depreciationAndAmortization": "1303000", "incomeBeforeTax": "8013000", "incomeTaxExpense": "4684000", "interestAndDebtExpense": "None", "netIncomeFromContinuingOperations": "3329000", "comprehensiveIncomeNetOfTax": "None", "ebit": "8322000", "ebitda": "9625000", "netIncome": "2670000"}, {"fiscalDateEnding": "2021-03-31", "reportedCurrency": "USD", "grossProfit": "1539000", "totalRevenue": "25767000", "costOfRevenue": "24228000", "costofGoodsAndServicesSold": "24228000", "operatingIncome": "-1497000", "sellingGeneralAndAdministrative": "6559000", "researchAndDevelopment": "None", "operatingExpenses": "3036000", "investmentIncomeNet": "None", "netInterestIncome": "-295000", "interestIncome": "13000", "interestExpense": "308000", "nonInterestIncome": "None", "otherNonOperatingIncome": "None", "depreciation": "None", "depreciationAndAmortization": "1852000", "incomeBeforeTax": "2332000", "incomeTaxExpense": "-1921000", "interestAndDebtExpense": "None", "netIncomeFromContinuingOperations": "4253000", "comprehensiveIncomeNetOfTax": "None", "ebit": "2640000", "ebitda": "4492000", "netIncome": "4161000"}, {"fiscalDateEnding": "2020-12-31", "reportedCurrency": "USD", "grossProfit": "-1520000", "totalRevenue": "20299000", "costOfRevenue": "21819000", "costofGoodsAndServicesSold": "21819000", "operatingIncome": "-3307000", "sellingGeneralAndAdministrative": "5260000", "researchAndDevelopment": "None", "operatingExpenses": "1787000", "investmentIncomeNet": "None", "netInterestIncome": "-311000", "interestIncome": "13000", "interestExpense": "324000", "nonInterestIncome": "None", "otherNonOperatingIncome": "None", "depreciation": "None", "depreciationAndAmortization": "1542000", "incomeBeforeTax": "-3618000", "incomeTaxExpense": "-2919000", "interestAndDebtExpense": "None", "netIncomeFromContinuingOperations": "-699000", "comprehensiveIncomeNetOfTax": "None", "ebit": "-3294000", "ebitda": "-1752000", "netIncome": "-763000"}, {"fiscalDateEnding": "2020-09-30", "reportedCurrency": "USD", "grossProfit": "-401000", "totalRevenue": "21774000", "costOfRevenue": "22175000", "costofGoodsAndServicesSold": "22175000", "operatingIncome": "-2673000", "sellingGeneralAndAdministrative": "5390000", "researchAndDevelopment": "None", "operatingExpenses": "2272000", "investmentIncomeNet": "None", "netInterestIncome": "-353000", "interestIncome": "23000", "interestExpense": "376000", "nonInterestIncome": "None", "otherNonOperatingIncome": "214000", "depreciation": "None", "depreciationAndAmortization": "1191000", "incomeBeforeTax": "-2938000", "incomeTaxExpense": "-1172000", "interestAndDebtExpense": "None", "netIncomeFromContinuingOperations": "-1766000", "comprehensiveIncomeNetOfTax": "None", "ebit": "-2562000", "ebitda": "-1371000", "netIncome": "-1897000"}, {"fiscalDateEnding": "2020-06-30", "reportedCurrency": "USD", "grossProfit": "-3186000", "totalRevenue": "7199000", "costOfRevenue": "10385000", "costofGoodsAndServicesSold": "10385000", "operatingIncome": "-5623000", "sellingGeneralAndAdministrative": "5441000", "researchAndDevelopment": "None", "operatingExpenses": "2437000", "investmentIncomeNet": "None", "netInterestIncome": "-254000", "interestIncome": "29000", "interestExpense": "283000", "nonInterestIncome": "None", "otherNonOperatingIncome": "None", "depreciation": "None", "depreciationAndAmortization": "1056000", "incomeBeforeTax": "-5877000", "incomeTaxExpense": "-3118000", "interestAndDebtExpense": "None", "netIncomeFromContinuingOperations": "-2759000", "comprehensiveIncomeNetOfTax": "None", "ebit": "-5594000", "ebitda": "-4538000", "netIncome": "-2526000"}, {"fiscalDateEnding": "2020-03-31", "reportedCurrency": "USD", "grossProfit": "825000", "totalRevenue": "34002000", "costOfRevenue": "33177000", "costofGoodsAndServicesSold": "33177000", "operatingIncome": "-1572000", "sellingGeneralAndAdministrative": "6227000", "researchAndDevelopment": "None", "operatingExpenses": "2397000", "investmentIncomeNet": "None", "netInterestIncome": "-242000", "interestIncome": "61000", "interestExpense": "303000", "nonInterestIncome": "None", "otherNonOperatingIncome": "None", "depreciation": "None", "depreciationAndAmortization": "1012000", "incomeBeforeTax": "-2178000", "incomeTaxExpense": "-414000", "interestAndDebtExpense": "None", "netIncomeFromContinuingOperations": "-1764000", "comprehensiveIncomeNetOfTax": "None", "ebit": "-1875000", "ebitda": "-863000", "netIncome": "-1778000"}, {"fiscalDateEnding": "2019-12-31", "reportedCurrency": "USD", "grossProfit": "5490000", "totalRevenue": "43514000", "costOfRevenue": "38024000", "costofGoodsAndServicesSold": "38024000", "operatingIncome": "2436000", "sellingGeneralAndAdministrative": "8493000", "researchAndDevelopment": "None", "operatingExpenses": "3054000", "investmentIncomeNet": "None", "netInterestIncome": "-446000", "interestIncome": "13000", "interestExpense": "459000", "nonInterestIncome": "None", "otherNonOperatingIncome": "None", "depreciation": "None", "depreciationAndAmortization": "1195000", "incomeBeforeTax": "1990000", "incomeTaxExpense": "319000", "interestAndDebtExpense": "None", "netIncomeFromContinuingOperations": "1671000", "comprehensiveIncomeNetOfTax": "None", "ebit": "2449000", "ebitda": "3644000", "netIncome": "1513000"}, {"fiscalDateEnding": "2019-09-30", "reportedCurrency": "USD", "grossProfit": "4160000", "totalRevenue": "41688000", "costOfRevenue": "37528000", "costofGoodsAndServicesSold": "37528000", "operatingIncome": "989000", "sellingGeneralAndAdministrative": "7527000", "researchAndDevelopment": "None", "operatingExpenses": "3171000", "investmentIncomeNet": "None", "netInterestIncome": "-393000", "interestIncome": "13000", "interestExpense": "406000", "nonInterestIncome": "None", "otherNonOperatingIncome": "47000", "depreciation": "None", "depreciationAndAmortization": "1665000", "incomeBeforeTax": "-2261000", "incomeTaxExpense": "-1320000", "interestAndDebtExpense": "None", "netIncomeFromContinuingOperations": "-942000", "comprehensiveIncomeNetOfTax": "None", "ebit": "-1855000", "ebitda": "-190000", "netIncome": "-554000"}, {"fiscalDateEnding": "2019-06-30", "reportedCurrency": "USD", "grossProfit": "7969000", "totalRevenue": "44807000", "costOfRevenue": "36838000", "costofGoodsAndServicesSold": "36838000", "operatingIncome": "4731000", "sellingGeneralAndAdministrative": "7484000", "researchAndDevelopment": "None", "operatingExpenses": "3238000", "investmentIncomeNet": "None", "netInterestIncome": "-354000", "interestIncome": "19000", "interestExpense": "373000", "nonInterestIncome": "None", "otherNonOperatingIncome": "None", "depreciation": "None", "depreciationAndAmortization": "1174000", "incomeBeforeTax": "4377000", "incomeTaxExpense": "283000", "interestAndDebtExpense": "None", "netIncomeFromContinuingOperations": "4094000", "comprehensiveIncomeNetOfTax": "None", "ebit": "4750000", "ebitda": "5924000", "netIncome": "3962000"}, {"fiscalDateEnding": "2019-03-31", "reportedCurrency": "USD", "grossProfit": "2310000", "totalRevenue": "35311000", "costOfRevenue": "33000999", "costofGoodsAndServicesSold": "33000999", "operatingIncome": "117000", "sellingGeneralAndAdministrative": "6001000", "researchAndDevelopment": "None", "operatingExpenses": "2193000", "investmentIncomeNet": "None", "netInterestIncome": "-331000", "interestIncome": "15000", "interestExpense": "346000", "nonInterestIncome": "None", "otherNonOperatingIncome": "None", "depreciation": "None", "depreciationAndAmortization": "1187000", "incomeBeforeTax": "-253000", "incomeTaxExpense": "423000", "interestAndDebtExpense": "None", "netIncomeFromContinuingOperations": "-676000", "comprehensiveIncomeNetOfTax": "None", "ebit": "93000", "ebitda": "1280000", "netIncome": "-669000"}, {"fiscalDateEnding": "2018-12-31", "reportedCurrency": "USD", "grossProfit": "4781000", "totalRevenue": "40548000", "costOfRevenue": "35767000", "costofGoodsAndServicesSold": "35767000", "operatingIncome": "1372000", "sellingGeneralAndAdministrative": "8414000", "researchAndDevelopment": "0", "operatingExpenses": "3409000", "investmentIncomeNet": "None", "netInterestIncome": "None", "interestIncome": "None", "interestExpense": "311000", "nonInterestIncome": "None", "otherNonOperatingIncome": "14000", "depreciation": "None", "depreciationAndAmortization": "1206000", "incomeBeforeTax": "8000", "incomeTaxExpense": "23000", "interestAndDebtExpense": "None", "netIncomeFromContinuingOperations": "-15000", "comprehensiveIncomeNetOfTax": "None", "ebit": "319000", "ebitda": "1525000", "netIncome": "-62000"}, {"fiscalDateEnding": "2018-09-30", "reportedCurrency": "USD", "grossProfit": "3678000", "totalRevenue": "40562000", "costOfRevenue": "36884000", "costofGoodsAndServicesSold": "36884000", "operatingIncome": "926000", "sellingGeneralAndAdministrative": "7496000", "researchAndDevelopment": "0", "operatingExpenses": "2752000", "investmentIncomeNet": "None", "netInterestIncome": "None", "interestIncome": "None", "interestExpense": "329000", "nonInterestIncome": "None", "otherNonOperatingIncome": "29000", "depreciation": "None", "depreciationAndAmortization": "1237000", "incomeBeforeTax": "611000", "incomeTaxExpense": "-486000", "interestAndDebtExpense": "None", "netIncomeFromContinuingOperations": "407000", "comprehensiveIncomeNetOfTax": "None", "ebit": "940000", "ebitda": "2177000", "netIncome": "1007000"}, {"fiscalDateEnding": "2018-06-30", "reportedCurrency": "USD", "grossProfit": "6645000", "totalRevenue": "44800000", "costOfRevenue": "38155000", "costofGoodsAndServicesSold": "38155000", "operatingIncome": "3786000", "sellingGeneralAndAdministrative": "7542000", "researchAndDevelopment": "0", "operatingExpenses": "2859000", "investmentIncomeNet": "None", "netInterestIncome": "None", "interestIncome": "None", "interestExpense": "313000", "nonInterestIncome": "None", "otherNonOperatingIncome": "14000", "depreciation": "None", "depreciationAndAmortization": "1255000", "incomeBeforeTax": "3487000", "incomeTaxExpense": "562000", "interestAndDebtExpense": "None", "netIncomeFromContinuingOperations": "2925000", "comprehensiveIncomeNetOfTax": "None", "ebit": "3800000", "ebitda": "5055000", "netIncome": "2657000"}, {"fiscalDateEnding": "2018-03-31", "reportedCurrency": "USD", "grossProfit": "1963000", "totalRevenue": "35276000", "costOfRevenue": "33313000", "costofGoodsAndServicesSold": "33313000", "operatingIncome": "-562000", "sellingGeneralAndAdministrative": "6644000", "researchAndDevelopment": "0", "operatingExpenses": "2525000", "investmentIncomeNet": "None", "netInterestIncome": "None", "interestIncome": "None", "interestExpense": "287000", "nonInterestIncome": "None", "otherNonOperatingIncome": "None", "depreciation": "None", "depreciationAndAmortization": "1278000", "incomeBeforeTax": "-835000", "incomeTaxExpense": "-145000", "interestAndDebtExpense": "None", "netIncomeFromContinuingOperations": "-690000", "comprehensiveIncomeNetOfTax": "None", "ebit": "-548000", "ebitda": "730000", "netIncome": "-637000"}, {"fiscalDateEnding": "2017-12-31", "reportedCurrency": "USD", "grossProfit": "3961000", "totalRevenue": "39352000", "costOfRevenue": "35379000", "costofGoodsAndServicesSold": "35379000", "operatingIncome": "882000", "sellingGeneralAndAdministrative": "8110000", "researchAndDevelopment": "0", "operatingExpenses": "3079000", "investmentIncomeNet": "None", "netInterestIncome": "None", "interestIncome": "None", "interestExpense": "233000", "nonInterestIncome": "None", "otherNonOperatingIncome": "14000", "depreciation": "None", "depreciationAndAmortization": "1303000", "incomeBeforeTax": "663000", "incomeTaxExpense": "-1078000", "interestAndDebtExpense": "None", "netIncomeFromContinuingOperations": "1741000", "comprehensiveIncomeNetOfTax": "None", "ebit": "896000", "ebitda": "2199000", "netIncome": "1627000"}, {"fiscalDateEnding": "2017-09-30", "reportedCurrency": "USD", "grossProfit": "4694000", "totalRevenue": "39467000", "costOfRevenue": "34773000", "costofGoodsAndServicesSold": "34773000", "operatingIncome": "1889000", "sellingGeneralAndAdministrative": "6868000", "researchAndDevelopment": "0", "operatingExpenses": "2805000", "investmentIncomeNet": "None", "netInterestIncome": "None", "interestIncome": "None", "interestExpense": "283000", "nonInterestIncome": "None", "otherNonOperatingIncome": "-295000", "depreciation": "None", "depreciationAndAmortization": "954000", "incomeBeforeTax": "1605000", "incomeTaxExpense": "331000", "interestAndDebtExpense": "None", "netIncomeFromContinuingOperations": "1275000", "comprehensiveIncomeNetOfTax": "None", "ebit": "1888000", "ebitda": "2842000", "netIncome": "1311000"}, {"fiscalDateEnding": "2017-06-30", "reportedCurrency": "USD", "grossProfit": "5402000", "totalRevenue": "41201000", "costOfRevenue": "35948000", "costofGoodsAndServicesSold": "35948000", "operatingIncome": "2447000", "sellingGeneralAndAdministrative": "7496000", "researchAndDevelopment": "0", "operatingExpenses": "2955000", "investmentIncomeNet": "None", "netInterestIncome": "None", "interestIncome": "None", "interestExpense": "194000", "nonInterestIncome": "None", "otherNonOperatingIncome": "165000", "depreciation": "None", "depreciationAndAmortization": "1006000", "incomeBeforeTax": "2269000", "incomeTaxExpense": "585000", "interestAndDebtExpense": "None", "netIncomeFromContinuingOperations": "1684000", "comprehensiveIncomeNetOfTax": "None", "ebit": "2463000", "ebitda": "3469000", "netIncome": "1386000"}, {"fiscalDateEnding": "2017-03-31", "reportedCurrency": "USD", "grossProfit": "2029000", "totalRevenue": "34478000", "costOfRevenue": "32448999", "costofGoodsAndServicesSold": "32448999", "operatingIncome": "-415000", "sellingGeneralAndAdministrative": "6208000", "researchAndDevelopment": "0", "operatingExpenses": "2444000", "investmentIncomeNet": "None", "netInterestIncome": "None", "interestIncome": "None", "interestExpense": "175000", "nonInterestIncome": "None", "otherNonOperatingIncome": "176000", "depreciation": "None", "depreciationAndAmortization": "1053000", "incomeBeforeTax": "-414000", "incomeTaxExpense": "-127000", "interestAndDebtExpense": "None", "netIncomeFromContinuingOperations": "-287000", "comprehensiveIncomeNetOfTax": "None", "ebit": "-239000", "ebitda": "814000", "netIncome": "-393000"}, {"fiscalDateEnding": "2016-12-31", "reportedCurrency": "USD", "grossProfit": "4605000", "totalRevenue": "38392000", "costOfRevenue": "33787000", "costofGoodsAndServicesSold": "33787000", "operatingIncome": "1305000", "sellingGeneralAndAdministrative": "8032000", "researchAndDevelopment": "0", "operatingExpenses": "3300000", "investmentIncomeNet": "None", "netInterestIncome": "None", "interestIncome": "None", "interestExpense": "101000", "nonInterestIncome": "None", "otherNonOperatingIncome": "124000", "depreciation": "None", "depreciationAndAmortization": "1483000", "incomeBeforeTax": "2965000", "incomeTaxExpense": "880000", "interestAndDebtExpense": "None", "netIncomeFromContinuingOperations": "2085000", "comprehensiveIncomeNetOfTax": "None", "ebit": "3066000", "ebitda": "4549000", "netIncome": "1734000"}, {"fiscalDateEnding": "2016-09-30", "reportedCurrency": "USD", "grossProfit": "4787000", "totalRevenue": "38539000", "costOfRevenue": "33752000", "costofGoodsAndServicesSold": "33752000", "operatingIncome": "2075000", "sellingGeneralAndAdministrative": "7336000", "researchAndDevelopment": "0", "operatingExpenses": "2712000", "investmentIncomeNet": "None", "netInterestIncome": "None", "interestIncome": "None", "interestExpense": "100000", "nonInterestIncome": "None", "otherNonOperatingIncome": "136000", "depreciation": "None", "depreciationAndAmortization": "1170000", "incomeBeforeTax": "2110000", "incomeTaxExpense": "700000", "interestAndDebtExpense": "None", "netIncomeFromContinuingOperations": "1412000", "comprehensiveIncomeNetOfTax": "None", "ebit": "2210000", "ebitda": "3380000", "netIncome": "986000"}, {"fiscalDateEnding": "2016-06-30", "reportedCurrency": "USD", "grossProfit": "17682000", "totalRevenue": "41233000", "costOfRevenue": "23551000", "costofGoodsAndServicesSold": "23551000", "operatingIncome": "5309000", "sellingGeneralAndAdministrative": "6265000", "researchAndDevelopment": "0", "operatingExpenses": "12373000", "investmentIncomeNet": "None", "netInterestIncome": "None", "interestIncome": "None", "interestExpense": "116000", "nonInterestIncome": "None", "otherNonOperatingIncome": "229000", "depreciation": "None", "depreciationAndAmortization": "1109000", "incomeBeforeTax": "5422000", "incomeTaxExpense": "1362000", "interestAndDebtExpense": "None", "netIncomeFromContinuingOperations": "4060000", "comprehensiveIncomeNetOfTax": "None", "ebit": "5538000", "ebitda": "6647000", "netIncome": "3367000"}, {"fiscalDateEnding": "2016-03-31", "reportedCurrency": "USD", "grossProfit": "12186000", "totalRevenue": "34272000", "costOfRevenue": "22086000", "costofGoodsAndServicesSold": "22086000", "operatingIncome": "-623000", "sellingGeneralAndAdministrative": "6749000", "researchAndDevelopment": "0", "operatingExpenses": "12809000", "investmentIncomeNet": "None", "netInterestIncome": "None", "interestIncome": "None", "interestExpense": "110000", "nonInterestIncome": "None", "otherNonOperatingIncome": "172000", "depreciation": "None", "depreciationAndAmortization": "1137000", "incomeBeforeTax": "-561000", "incomeTaxExpense": "-103000", "interestAndDebtExpense": "None", "netIncomeFromContinuingOperations": "-458000", "comprehensiveIncomeNetOfTax": "None", "ebit": "-451000", "ebitda": "686000", "netIncome": "-646000"}, {"fiscalDateEnding": "2015-12-31", "reportedCurrency": "USD", "grossProfit": "14207000", "totalRevenue": "36109000", "costOfRevenue": "21902000", "costofGoodsAndServicesSold": "21902000", "operatingIncome": "633000", "sellingGeneralAndAdministrative": "7873000", "researchAndDevelopment": "0", "operatingExpenses": "13574000", "investmentIncomeNet": "None", "netInterestIncome": "None", "interestIncome": "None", "interestExpense": "91000", "nonInterestIncome": "None", "otherNonOperatingIncome": "73000", "depreciation": "None", "depreciationAndAmortization": "1138000", "incomeBeforeTax": "615000", "incomeTaxExpense": "139000", "interestAndDebtExpense": "None", "netIncomeFromContinuingOperations": "476000", "comprehensiveIncomeNetOfTax": "None", "ebit": "706000", "ebitda": "1844000", "netIncome": "321000"}, {"fiscalDateEnding": "2015-09-30", "reportedCurrency": "USD", "grossProfit": "16892000", "totalRevenue": "40581000", "costOfRevenue": "23689000", "costofGoodsAndServicesSold": "23689000", "operatingIncome": "3655000", "sellingGeneralAndAdministrative": "7108000", "researchAndDevelopment": "0", "operatingExpenses": "13237000", "investmentIncomeNet": "None", "netInterestIncome": "None", "interestIncome": "None", "interestExpense": "32000", "nonInterestIncome": "None", "otherNonOperatingIncome": "87000", "depreciation": "None", "depreciationAndAmortization": "1107000", "incomeBeforeTax": "3709000", "incomeTaxExpense": "1377000", "interestAndDebtExpense": "None", "netIncomeFromContinuingOperations": "2334000", "comprehensiveIncomeNetOfTax": "None", "ebit": "3655000", "ebitda": "4762000", "netIncome": "2009000"}, {"fiscalDateEnding": "2015-06-30", "reportedCurrency": "USD", "grossProfit": "17783000", "totalRevenue": "40375000", "costOfRevenue": "22592000", "costofGoodsAndServicesSold": "22592000", "operatingIncome": "4701000", "sellingGeneralAndAdministrative": "7120000", "researchAndDevelopment": "0", "operatingExpenses": "13082000", "investmentIncomeNet": "None", "netInterestIncome": "None", "interestIncome": "None", "interestExpense": "81000", "nonInterestIncome": "None", "otherNonOperatingIncome": "54000", "depreciation": "None", "depreciationAndAmortization": "1104000", "incomeBeforeTax": "4674000", "incomeTaxExpense": "1051000", "interestAndDebtExpense": "None", "netIncomeFromContinuingOperations": "3623000", "comprehensiveIncomeNetOfTax": "None", "ebit": "4701000", "ebitda": "5805000", "netIncome": "3241000"}, {"fiscalDateEnding": "2015-03-31", "reportedCurrency": "USD", "grossProfit": "11092000", "totalRevenue": "31548000", "costOfRevenue": "20456000", "costofGoodsAndServicesSold": "20456000", "operatingIncome": "-634000", "sellingGeneralAndAdministrative": "6254000", "researchAndDevelopment": "0", "operatingExpenses": "11726000", "investmentIncomeNet": "None", "netInterestIncome": "None", "interestIncome": "None", "interestExpense": "57000", "nonInterestIncome": "None", "otherNonOperatingIncome": "76000", "depreciation": "None", "depreciationAndAmortization": "1098000", "incomeBeforeTax": "-615000", "incomeTaxExpense": "-173000", "interestAndDebtExpense": "None", "netIncomeFromContinuingOperations": "-442000", "comprehensiveIncomeNetOfTax": "None", "ebit": "-634000", "ebitda": "464000", "netIncome": "-583000"}, {"fiscalDateEnding": "2014-12-31", "reportedCurrency": "USD", "grossProfit": "13757000", "totalRevenue": "33359000", "costOfRevenue": "19602000", "costofGoodsAndServicesSold": "19602000", "operatingIncome": "1219000", "sellingGeneralAndAdministrative": "7193000", "researchAndDevelopment": "0", "operatingExpenses": "12538000", "investmentIncomeNet": "None", "netInterestIncome": "None", "interestIncome": "None", "interestExpense": "68000", "nonInterestIncome": "None", "otherNonOperatingIncome": "68000", "depreciation": "None", "depreciationAndAmortization": "1105000", "incomeBeforeTax": "1219000", "incomeTaxExpense": "342000", "interestAndDebtExpense": "None", "netIncomeFromContinuingOperations": "877000", "comprehensiveIncomeNetOfTax": "None", "ebit": "1287000", "ebitda": "2392000", "netIncome": "722000"}, {"fiscalDateEnding": "2014-09-30", "reportedCurrency": "USD", "grossProfit": "15508000", "totalRevenue": "37072000", "costOfRevenue": "21564000", "costofGoodsAndServicesSold": "21564000", "operatingIncome": "2904000", "sellingGeneralAndAdministrative": "7084000", "researchAndDevelopment": "0", "operatingExpenses": "12604000", "investmentIncomeNet": "None", "netInterestIncome": "None", "interestIncome": "None", "interestExpense": "40000", "nonInterestIncome": "None", "otherNonOperatingIncome": "284000", "depreciation": "None", "depreciationAndAmortization": "1235000", "incomeBeforeTax": "3075000", "incomeTaxExpense": "593000", "interestAndDebtExpense": "None", "netIncomeFromContinuingOperations": "3337000", "comprehensiveIncomeNetOfTax": "None", "ebit": "2904000", "ebitda": "4139000", "netIncome": "2288000"}, {"fiscalDateEnding": "2014-06-30", "reportedCurrency": "USD", "grossProfit": "16420000", "totalRevenue": "39110000", "costOfRevenue": "22690000", "costofGoodsAndServicesSold": "22690000", "operatingIncome": "3374000", "sellingGeneralAndAdministrative": "6927000", "researchAndDevelopment": "0", "operatingExpenses": "13046000", "investmentIncomeNet": "None", "netInterestIncome": "None", "interestIncome": "None", "interestExpense": "102000", "nonInterestIncome": "None", "otherNonOperatingIncome": "128000", "depreciation": "None", "depreciationAndAmortization": "1131000", "incomeBeforeTax": "3400000", "incomeTaxExpense": "702000", "interestAndDebtExpense": "None", "netIncomeFromContinuingOperations": "2698000", "comprehensiveIncomeNetOfTax": "None", "ebit": "3502000", "ebitda": "4633000", "netIncome": "2239000"}, {"fiscalDateEnding": "2014-03-31", "reportedCurrency": "USD", "grossProfit": "12105000", "totalRevenue": "31037000", "costOfRevenue": "18932000", "costofGoodsAndServicesSold": "18932000", "operatingIncome": "149000", "sellingGeneralAndAdministrative": "6528000", "researchAndDevelopment": "0", "operatingExpenses": "11956000", "investmentIncomeNet": "None", "netInterestIncome": "None", "interestIncome": "None", "interestExpense": "39000", "nonInterestIncome": "None", "otherNonOperatingIncome": "121000", "depreciation": "None", "depreciationAndAmortization": "1106000", "incomeBeforeTax": "231000", "incomeTaxExpense": "81000", "interestAndDebtExpense": "None", "netIncomeFromContinuingOperations": "150000", "comprehensiveIncomeNetOfTax": "None", "ebit": "270000", "ebitda": "1376000", "netIncome": "-174000"}, {"fiscalDateEnding": "2013-12-31", "reportedCurrency": "USD", "grossProfit": "13806000", "totalRevenue": "32138000", "costOfRevenue": "18332000", "costofGoodsAndServicesSold": "18332000", "operatingIncome": "1201000", "sellingGeneralAndAdministrative": "7251000", "researchAndDevelopment": "0", "operatingExpenses": "12605000", "investmentIncomeNet": "None", "netInterestIncome": "None", "interestIncome": "None", "interestExpense": "19000", "nonInterestIncome": "None", "otherNonOperatingIncome": "None", "depreciation": "None", "depreciationAndAmortization": "1147000", "incomeBeforeTax": "1255000", "incomeTaxExpense": "399000", "interestAndDebtExpense": "None", "netIncomeFromContinuingOperations": "0", "comprehensiveIncomeNetOfTax": "None", "ebit": "1274000", "ebitda": "2421000", "netIncome": "563000"}, {"fiscalDateEnding": "2013-09-30", "reportedCurrency": "USD", "grossProfit": "14536000", "totalRevenue": "33906000", "costOfRevenue": "19370000", "costofGoodsAndServicesSold": "19370000", "operatingIncome": "2427000", "sellingGeneralAndAdministrative": "6698000", "researchAndDevelopment": "0", "operatingExpenses": "12109000", "investmentIncomeNet": "None", "netInterestIncome": "None", "interestIncome": "None", "interestExpense": "29000", "nonInterestIncome": "None", "otherNonOperatingIncome": "298000", "depreciation": "None", "depreciationAndAmortization": "1124000", "incomeBeforeTax": "2488000", "incomeTaxExpense": "773000", "interestAndDebtExpense": "None", "netIncomeFromContinuingOperations": "1715000", "comprehensiveIncomeNetOfTax": "None", "ebit": "2427000", "ebitda": "3551000", "netIncome": "1453000"}, {"fiscalDateEnding": "2013-06-30", "reportedCurrency": "USD", "grossProfit": "16709000", "totalRevenue": "36473000", "costOfRevenue": "19764000", "costofGoodsAndServicesSold": "19764000", "operatingIncome": "4387000", "sellingGeneralAndAdministrative": "6840000", "researchAndDevelopment": "0", "operatingExpenses": "12322000", "investmentIncomeNet": "None", "netInterestIncome": "None", "interestIncome": "None", "interestExpense": "24000", "nonInterestIncome": "None", "otherNonOperatingIncome": "38000", "depreciation": "None", "depreciationAndAmortization": "1082000", "incomeBeforeTax": "4401000", "incomeTaxExpense": "1112000", "interestAndDebtExpense": "None", "netIncomeFromContinuingOperations": "3289000", "comprehensiveIncomeNetOfTax": "None", "ebit": "4425000", "ebitda": "5507000", "netIncome": "2629000"}, {"fiscalDateEnding": "2013-03-31", "reportedCurrency": "USD", "grossProfit": "11538000", "totalRevenue": "29090000", "costOfRevenue": "17552000", "costofGoodsAndServicesSold": "17552000", "operatingIncome": "-282000", "sellingGeneralAndAdministrative": "6842000", "researchAndDevelopment": "0", "operatingExpenses": "11820000", "investmentIncomeNet": "None", "netInterestIncome": "None", "interestIncome": "None", "interestExpense": "9000", "nonInterestIncome": "None", "otherNonOperatingIncome": "93000", "depreciation": "None", "depreciationAndAmortization": "921000", "incomeBeforeTax": "-198000", "incomeTaxExpense": "-58000", "interestAndDebtExpense": "None", "netIncomeFromContinuingOperations": "-140000", "comprehensiveIncomeNetOfTax": "None", "ebit": "-189000", "ebitda": "732000", "netIncome": "-265000"}, {"fiscalDateEnding": "2012-12-31", "reportedCurrency": "USD", "grossProfit": "3868000", "totalRevenue": "31336000", "costOfRevenue": "27468000", "costofGoodsAndServicesSold": "27468000", "operatingIncome": "282000", "sellingGeneralAndAdministrative": "2410000", "researchAndDevelopment": "0", "operatingExpenses": "3586000", "investmentIncomeNet": "None", "netInterestIncome": "None", "interestIncome": "None", "interestExpense": "30000", "nonInterestIncome": "None", "otherNonOperatingIncome": "79000", "depreciation": "None", "depreciationAndAmortization": "1176000", "incomeBeforeTax": "361000", "incomeTaxExpense": "114000", "interestAndDebtExpense": "None", "netIncomeFromContinuingOperations": "247000", "comprehensiveIncomeNetOfTax": "None", "ebit": "361000", "ebitda": "1537000", "netIncome": "8000"}, {"fiscalDateEnding": "2012-09-30", "reportedCurrency": "USD", "grossProfit": "7766000", "totalRevenue": "36433000", "costOfRevenue": "28667000", "costofGoodsAndServicesSold": "28667000", "operatingIncome": "4156000", "sellingGeneralAndAdministrative": "16960000", "researchAndDevelopment": "0", "operatingExpenses": "3231000", "investmentIncomeNet": "None", "netInterestIncome": "None", "interestIncome": "None", "interestExpense": "29000", "nonInterestIncome": "None", "otherNonOperatingIncome": "-137000", "depreciation": "None", "depreciationAndAmortization": "1134000", "incomeBeforeTax": "3835000", "incomeTaxExpense": "1172000", "interestAndDebtExpense": "None", "netIncomeFromContinuingOperations": "4863000", "comprehensiveIncomeNetOfTax": "None", "ebit": "3835000", "ebitda": "4969000", "netIncome": "1842000"}, {"fiscalDateEnding": "2012-06-30", "reportedCurrency": "USD", "grossProfit": "7649000", "totalRevenue": "38993000", "costOfRevenue": "31344000", "costofGoodsAndServicesSold": "31344000", "operatingIncome": "4312000", "sellingGeneralAndAdministrative": "2240000", "researchAndDevelopment": "0", "operatingExpenses": "3337000", "investmentIncomeNet": "None", "netInterestIncome": "None", "interestIncome": "None", "interestExpense": "22000", "nonInterestIncome": "None", "otherNonOperatingIncome": "229000", "depreciation": "None", "depreciationAndAmortization": "1096000", "incomeBeforeTax": "4541000", "incomeTaxExpense": "1303000", "interestAndDebtExpense": "None", "netIncomeFromContinuingOperations": "3238000", "comprehensiveIncomeNetOfTax": "None", "ebit": "4313000", "ebitda": "5409000", "netIncome": "2964000"}, {"fiscalDateEnding": "2012-03-31", "reportedCurrency": "USD", "grossProfit": "3276000", "totalRevenue": "29891000", "costOfRevenue": "26615000", "costofGoodsAndServicesSold": "26615000", "operatingIncome": "84000", "sellingGeneralAndAdministrative": "2250000", "researchAndDevelopment": "0", "operatingExpenses": "3192000", "investmentIncomeNet": "None", "netInterestIncome": "None", "interestIncome": "None", "interestExpense": "22000", "nonInterestIncome": "None", "otherNonOperatingIncome": "395000", "depreciation": "None", "depreciationAndAmortization": "923000", "incomeBeforeTax": "457000", "incomeTaxExpense": "159000", "interestAndDebtExpense": "None", "netIncomeFromContinuingOperations": "298000", "comprehensiveIncomeNetOfTax": "None", "ebit": "106000", "ebitda": "1029000", "netIncome": "-404000"}, {"fiscalDateEnding": "2011-12-31", "reportedCurrency": "USD", "grossProfit": "5010000", "totalRevenue": "33218000", "costOfRevenue": "28208000", "costofGoodsAndServicesSold": "28208000", "operatingIncome": "1272000", "sellingGeneralAndAdministrative": "18690000", "researchAndDevelopment": "0", "operatingExpenses": "3738000", "investmentIncomeNet": "None", "netInterestIncome": "None", "interestIncome": "None", "interestExpense": "1000", "nonInterestIncome": "None", "otherNonOperatingIncome": "None", "depreciation": "None", "depreciationAndAmortization": "957000", "incomeBeforeTax": "1455000", "incomeTaxExpense": "340000", "interestAndDebtExpense": "None", "netIncomeFromContinuingOperations": "-957000", "comprehensiveIncomeNetOfTax": "None", "ebit": "1273000", "ebitda": "2230000", "netIncome": "1086000"}, {"fiscalDateEnding": "2011-09-30", "reportedCurrency": "USD", "grossProfit": "6246000", "totalRevenue": "37457000", "costOfRevenue": "31211000", "costofGoodsAndServicesSold": "31211000", "operatingIncome": "124000", "sellingGeneralAndAdministrative": "18690000", "researchAndDevelopment": "0", "operatingExpenses": "3519000", "investmentIncomeNet": "None", "netInterestIncome": "None", "interestIncome": "None", "interestExpense": "2000", "nonInterestIncome": "None", "otherNonOperatingIncome": "None", "depreciation": "None", "depreciationAndAmortization": "1160000", "incomeBeforeTax": "344000", "incomeTaxExpense": "-128000", "interestAndDebtExpense": "None", "netIncomeFromContinuingOperations": "0", "comprehensiveIncomeNetOfTax": "None", "ebit": "346000", "ebitda": "1506000", "netIncome": "874000"}, {"fiscalDateEnding": "2011-06-30", "reportedCurrency": "USD", "grossProfit": "6481000", "totalRevenue": "39357000", "costOfRevenue": "32876000", "costofGoodsAndServicesSold": "32876000", "operatingIncome": "3119000", "sellingGeneralAndAdministrative": "18880000", "researchAndDevelopment": "0", "operatingExpenses": "3362000", "investmentIncomeNet": "None", "netInterestIncome": "None", "interestIncome": "None", "interestExpense": "3000", "nonInterestIncome": "None", "otherNonOperatingIncome": "177000", "depreciation": "None", "depreciationAndAmortization": "1053000", "incomeBeforeTax": "3293000", "incomeTaxExpense": "490000", "interestAndDebtExpense": "None", "netIncomeFromContinuingOperations": "2803000", "comprehensiveIncomeNetOfTax": "None", "ebit": "3174000", "ebitda": "4227000", "netIncome": "2306000"}, {"fiscalDateEnding": "2011-03-31", "reportedCurrency": "USD", "grossProfit": "1962000", "totalRevenue": "30219000", "costOfRevenue": "28257000", "costofGoodsAndServicesSold": "28257000", "operatingIncome": "-1525000", "sellingGeneralAndAdministrative": "17660000", "researchAndDevelopment": "0", "operatingExpenses": "3487000", "investmentIncomeNet": "None", "netInterestIncome": "None", "interestIncome": "None", "interestExpense": "4000", "nonInterestIncome": "None", "otherNonOperatingIncome": "None", "depreciation": "None", "depreciationAndAmortization": "1128000", "incomeBeforeTax": "-1295000", "incomeTaxExpense": "-278000", "interestAndDebtExpense": "None", "netIncomeFromContinuingOperations": "0", "comprehensiveIncomeNetOfTax": "None", "ebit": "-1292000", "ebitda": "-164000", "netIncome": "-1553000"}, {"fiscalDateEnding": "2010-12-31", "reportedCurrency": "USD", "grossProfit": "3655000", "totalRevenue": "32541000", "costOfRevenue": "28886000", "costofGoodsAndServicesSold": "28886000", "operatingIncome": "58000", "sellingGeneralAndAdministrative": "9516000", "researchAndDevelopment": "None", "operatingExpenses": "3597000", "investmentIncomeNet": "None", "netInterestIncome": "None", "interestIncome": "None", "interestExpense": "5000", "nonInterestIncome": "None", "otherNonOperatingIncome": "None", "depreciation": "None", "depreciationAndAmortization": "1150000", "incomeBeforeTax": "127000", "incomeTaxExpense": "31000", "interestAndDebtExpense": "None", "netIncomeFromContinuingOperations": "None", "comprehensiveIncomeNetOfTax": "None", "ebit": "132000", "ebitda": "1282000", "netIncome": "-213000"}, {"fiscalDateEnding": "2010-09-30", "reportedCurrency": "USD", "grossProfit": "23580000", "totalRevenue": "31920000", "costOfRevenue": "8340000", "costofGoodsAndServicesSold": "8340000", "operatingIncome": "1120000", "sellingGeneralAndAdministrative": "16880000", "researchAndDevelopment": "0", "operatingExpenses": "22460000", "investmentIncomeNet": "None", "netInterestIncome": "None", "interestIncome": "None", "interestExpense": "6000", "nonInterestIncome": "None", "otherNonOperatingIncome": "None", "depreciation": "None", "depreciationAndAmortization": "980000", "incomeBeforeTax": "1560000", "incomeTaxExpense": "510000", "interestAndDebtExpense": "None", "netIncomeFromContinuingOperations": "0", "comprehensiveIncomeNetOfTax": "None", "ebit": "1120000", "ebitda": "2100000", "netIncome": "1080000"}, {"fiscalDateEnding": "2010-06-30", "reportedCurrency": "USD", "grossProfit": "7500000", "totalRevenue": "35162000", "costOfRevenue": "27662000", "costofGoodsAndServicesSold": "27662000", "operatingIncome": "4321000", "sellingGeneralAndAdministrative": "16490000", "researchAndDevelopment": "0", "operatingExpenses": "3179000", "investmentIncomeNet": "None", "netInterestIncome": "None", "interestIncome": "None", "interestExpense": "7000", "nonInterestIncome": "None", "otherNonOperatingIncome": "None", "depreciation": "None", "depreciationAndAmortization": "972000", "incomeBeforeTax": "4267000", "incomeTaxExpense": "1206000", "interestAndDebtExpense": "None", "netIncomeFromContinuingOperations": "0", "comprehensiveIncomeNetOfTax": "None", "ebit": "4274000", "ebitda": "5246000", "netIncome": "2916000"}, {"fiscalDateEnding": "2010-03-31", "reportedCurrency": "USD", "grossProfit": "2277000", "totalRevenue": "25113000", "costOfRevenue": "22836000", "costofGoodsAndServicesSold": "22836000", "operatingIncome": "-1372000", "sellingGeneralAndAdministrative": "15270000", "researchAndDevelopment": "0", "operatingExpenses": "3649000", "investmentIncomeNet": "None", "netInterestIncome": "None", "interestIncome": "None", "interestExpense": "8000", "nonInterestIncome": "None", "otherNonOperatingIncome": "None", "depreciation": "None", "depreciationAndAmortization": "1023000", "incomeBeforeTax": "-1354000", "incomeTaxExpense": "-373000", "interestAndDebtExpense": "None", "netIncomeFromContinuingOperations": "0", "comprehensiveIncomeNetOfTax": "None", "ebit": "-1346000", "ebitda": "-323000", "netIncome": "-671000"}, {"fiscalDateEnding": "2009-12-31", "reportedCurrency": "USD", "grossProfit": "2270000", "totalRevenue": "25576000", "costOfRevenue": "23306000", "costofGoodsAndServicesSold": "23306000", "operatingIncome": "-1072000", "sellingGeneralAndAdministrative": "16850000", "researchAndDevelopment": "0", "operatingExpenses": "3342000", "investmentIncomeNet": "None", "netInterestIncome": "None", "interestIncome": "None", "interestExpense": "9000", "nonInterestIncome": "None", "otherNonOperatingIncome": "None", "depreciation": "None", "depreciationAndAmortization": "897000", "incomeBeforeTax": "-1030000", "incomeTaxExpense": "-223000", "interestAndDebtExpense": "None", "netIncomeFromContinuingOperations": "0", "comprehensiveIncomeNetOfTax": "None", "ebit": "-1021000", "ebitda": "-124000", "netIncome": "-723000"}, {"fiscalDateEnding": "2009-09-30", "reportedCurrency": "USD", "grossProfit": "24660000", "totalRevenue": "33340000", "costOfRevenue": "8680000", "costofGoodsAndServicesSold": "8680000", "operatingIncome": "1860000", "sellingGeneralAndAdministrative": "16850000", "researchAndDevelopment": "0", "operatingExpenses": "22790000", "investmentIncomeNet": "None", "netInterestIncome": "None", "interestIncome": "None", "interestExpense": "9000", "nonInterestIncome": "None", "otherNonOperatingIncome": "None", "depreciation": "None", "depreciationAndAmortization": "930000", "incomeBeforeTax": "1920000", "incomeTaxExpense": "540000", "interestAndDebtExpense": "None", "netIncomeFromContinuingOperations": "0", "comprehensiveIncomeNetOfTax": "None", "ebit": "1860000", "ebitda": "2790000", "netIncome": "1330000"}, {"fiscalDateEnding": "2009-06-30", "reportedCurrency": "USD", "grossProfit": "5596000", "totalRevenue": "31123000", "costOfRevenue": "25527000", "costofGoodsAndServicesSold": "25527000", "operatingIncome": "2484000", "sellingGeneralAndAdministrative": "15830000", "researchAndDevelopment": "0", "operatingExpenses": "3112000", "investmentIncomeNet": "None", "netInterestIncome": "None", "interestIncome": "None", "interestExpense": "11000", "nonInterestIncome": "None", "otherNonOperatingIncome": "None", "depreciation": "None", "depreciationAndAmortization": "917000", "incomeBeforeTax": "2646000", "incomeTaxExpense": "961000", "interestAndDebtExpense": "None", "netIncomeFromContinuingOperations": "0", "comprehensiveIncomeNetOfTax": "None", "ebit": "2657000", "ebitda": "3574000", "netIncome": "1597000"}, {"fiscalDateEnding": "2009-03-31", "reportedCurrency": "USD", "grossProfit": "1954000", "totalRevenue": "23756000", "costOfRevenue": "21802000", "costofGoodsAndServicesSold": "21802000", "operatingIncome": "-1461000", "sellingGeneralAndAdministrative": "14800000", "researchAndDevelopment": "0", "operatingExpenses": "3415000", "investmentIncomeNet": "None", "netInterestIncome": "None", "interestIncome": "None", "interestExpense": "11000", "nonInterestIncome": "None", "otherNonOperatingIncome": "None", "depreciation": "None", "depreciationAndAmortization": "864000", "incomeBeforeTax": "-1421000", "incomeTaxExpense": "-584000", "interestAndDebtExpense": "None", "netIncomeFromContinuingOperations": "0", "comprehensiveIncomeNetOfTax": "None", "ebit": "-1286000", "ebitda": "-422000", "netIncome": "-712000"}, {"fiscalDateEnding": "2008-12-31", "reportedCurrency": "USD", "grossProfit": "20081000", "totalRevenue": "26792000", "costOfRevenue": "6711000", "costofGoodsAndServicesSold": "6711000", "operatingIncome": "385000", "sellingGeneralAndAdministrative": "15110000", "researchAndDevelopment": "0", "operatingExpenses": "19696000", "investmentIncomeNet": "None", "netInterestIncome": "None", "interestIncome": "None", "interestExpense": "12000", "nonInterestIncome": "None", "otherNonOperatingIncome": "None", "depreciation": "None", "depreciationAndAmortization": "906000", "incomeBeforeTax": "935000", "incomeTaxExpense": "324000", "interestAndDebtExpense": "None", "netIncomeFromContinuingOperations": "0", "comprehensiveIncomeNetOfTax": "None", "ebit": "27000", "ebitda": "933000", "netIncome": "847000"}, {"fiscalDateEnding": "2008-09-30", "reportedCurrency": "USD", "grossProfit": "50770000", "totalRevenue": "32170000", "costOfRevenue": "-18600000", "costofGoodsAndServicesSold": "-18600000", "operatingIncome": "2645000", "sellingGeneralAndAdministrative": "9157000", "researchAndDevelopment": "0", "operatingExpenses": "48125000", "investmentIncomeNet": "None", "netInterestIncome": "None", "interestIncome": "None", "interestExpense": "57000", "nonInterestIncome": "None", "otherNonOperatingIncome": "None", "depreciation": "None", "depreciationAndAmortization": "883000", "incomeBeforeTax": "3119000", "incomeTaxExpense": "978000", "interestAndDebtExpense": "None", "netIncomeFromContinuingOperations": "0", "comprehensiveIncomeNetOfTax": "None", "ebit": "2700000", "ebitda": "3583000", "netIncome": "2012000"}, {"fiscalDateEnding": "2008-06-30", "reportedCurrency": "USD", "grossProfit": "16728000", "totalRevenue": "36077000", "costOfRevenue": "19349000", "costofGoodsAndServicesSold": "19349000", "operatingIncome": "4938000", "sellingGeneralAndAdministrative": "17080000", "researchAndDevelopment": "0", "operatingExpenses": "11790000", "investmentIncomeNet": "None", "netInterestIncome": "None", "interestIncome": "None", "interestExpense": "14000", "nonInterestIncome": "None", "otherNonOperatingIncome": "None", "depreciation": "None", "depreciationAndAmortization": "786000", "incomeBeforeTax": "5187000", "incomeTaxExpense": "1762000", "interestAndDebtExpense": "None", "netIncomeFromContinuingOperations": "0", "comprehensiveIncomeNetOfTax": "None", "ebit": "4938000", "ebitda": "5724000", "netIncome": "3136000"}, {"fiscalDateEnding": "2008-03-31", "reportedCurrency": "USD", "grossProfit": "15990000", "totalRevenue": "26361000", "costOfRevenue": "10371000", "costofGoodsAndServicesSold": "10371000", "operatingIncome": "364000", "sellingGeneralAndAdministrative": "14090000", "researchAndDevelopment": "0", "operatingExpenses": "15626000", "investmentIncomeNet": "None", "netInterestIncome": "None", "interestIncome": "None", "interestExpense": "15000", "nonInterestIncome": "None", "otherNonOperatingIncome": "None", "depreciation": "None", "depreciationAndAmortization": "745000", "incomeBeforeTax": "542000", "incomeTaxExpense": "181000", "interestAndDebtExpense": "None", "netIncomeFromContinuingOperations": "0", "comprehensiveIncomeNetOfTax": "None", "ebit": "364000", "ebitda": "1109000", "netIncome": "346000"}, {"fiscalDateEnding": "2007-12-31", "reportedCurrency": "USD", "grossProfit": "22584000", "totalRevenue": "30318000", "costOfRevenue": "7734000", "costofGoodsAndServicesSold": "7734000", "operatingIncome": "2112000", "sellingGeneralAndAdministrative": "15710000", "researchAndDevelopment": "0", "operatingExpenses": "20472000", "investmentIncomeNet": "None", "netInterestIncome": "None", "interestIncome": "None", "interestExpense": "15000", "nonInterestIncome": "None", "otherNonOperatingIncome": "None", "depreciation": "None", "depreciationAndAmortization": "677000", "incomeBeforeTax": "2361000", "incomeTaxExpense": "852000", "interestAndDebtExpense": "None", "netIncomeFromContinuingOperations": "0", "comprehensiveIncomeNetOfTax": "None", "ebit": "1917000", "ebitda": "2594000", "netIncome": "1485000"}, {"fiscalDateEnding": "2007-09-30", "reportedCurrency": "USD", "grossProfit": "21006000", "totalRevenue": "34074000", "costOfRevenue": "13068000", "costofGoodsAndServicesSold": "13068000", "operatingIncome": "3566000", "sellingGeneralAndAdministrative": "15970000", "researchAndDevelopment": "0", "operatingExpenses": "17440000", "investmentIncomeNet": "None", "netInterestIncome": "None", "interestIncome": "None", "interestExpense": "65000", "nonInterestIncome": "None", "otherNonOperatingIncome": "None", "depreciation": "None", "depreciationAndAmortization": "-331000", "incomeBeforeTax": "3845000", "incomeTaxExpense": "1139000", "interestAndDebtExpense": "None", "netIncomeFromContinuingOperations": "0", "comprehensiveIncomeNetOfTax": "None", "ebit": "2407000", "ebitda": "2076000", "netIncome": "2574000"}, {"fiscalDateEnding": "2007-06-30", "reportedCurrency": "USD", "grossProfit": "22469000", "totalRevenue": "36064000", "costOfRevenue": "13595000", "costofGoodsAndServicesSold": "13595000", "operatingIncome": "4867000", "sellingGeneralAndAdministrative": "16900000", "researchAndDevelopment": "0", "operatingExpenses": "17602000", "investmentIncomeNet": "None", "netInterestIncome": "None", "interestIncome": "None", "interestExpense": "48000", "nonInterestIncome": "None", "otherNonOperatingIncome": "None", "depreciation": "None", "depreciationAndAmortization": "668000", "incomeBeforeTax": "5118000", "incomeTaxExpense": "1496000", "interestAndDebtExpense": "None", "netIncomeFromContinuingOperations": "0", "comprehensiveIncomeNetOfTax": "None", "ebit": "4901000", "ebitda": "5569000", "netIncome": "3471000"}, {"fiscalDateEnding": "2007-03-31", "reportedCurrency": "USD", "grossProfit": "15731000", "totalRevenue": "25867000", "costOfRevenue": "10136000", "costofGoodsAndServicesSold": "10136000", "operatingIncome": "483000", "sellingGeneralAndAdministrative": "14573000", "researchAndDevelopment": "0", "operatingExpenses": "15248000", "investmentIncomeNet": "None", "netInterestIncome": "None", "interestIncome": "None", "interestExpense": "0", "nonInterestIncome": "None", "otherNonOperatingIncome": "None", "depreciation": "None", "depreciationAndAmortization": "1746000", "incomeBeforeTax": "757000", "incomeTaxExpense": "289000", "interestAndDebtExpense": "None", "netIncomeFromContinuingOperations": "0", "comprehensiveIncomeNetOfTax": "None", "ebit": "615000", "ebitda": "2361000", "netIncome": "756000"}, {"fiscalDateEnding": "2006-12-31", "reportedCurrency": "USD", "grossProfit": "8280000", "totalRevenue": "28202000", "costOfRevenue": "19922000", "costofGoodsAndServicesSold": "19922000", "operatingIncome": "2421000", "sellingGeneralAndAdministrative": "14520000", "researchAndDevelopment": "0", "operatingExpenses": "5859000", "investmentIncomeNet": "None", "netInterestIncome": "None", "interestIncome": "None", "interestExpense": "110000", "nonInterestIncome": "None", "otherNonOperatingIncome": "None", "depreciation": "None", "depreciationAndAmortization": "638000", "incomeBeforeTax": "2774000", "incomeTaxExpense": "929000", "interestAndDebtExpense": "None", "netIncomeFromContinuingOperations": "0", "comprehensiveIncomeNetOfTax": "None", "ebit": "2438000", "ebitda": "3076000", "netIncome": "13170000"}, {"fiscalDateEnding": "2006-09-30", "reportedCurrency": "USD", "grossProfit": "33143000", "totalRevenue": "30648000", "costOfRevenue": "-2495000", "costofGoodsAndServicesSold": "-2495000", "operatingIncome": "2506000", "sellingGeneralAndAdministrative": "29737000", "researchAndDevelopment": "0", "operatingExpenses": "30637000", "investmentIncomeNet": "None", "netInterestIncome": "None", "interestIncome": "None", "interestExpense": "8000", "nonInterestIncome": "None", "otherNonOperatingIncome": "None", "depreciation": "None", "depreciationAndAmortization": "1357000", "incomeBeforeTax": "2662000", "incomeTaxExpense": "835000", "interestAndDebtExpense": "None", "netIncomeFromContinuingOperations": "0", "comprehensiveIncomeNetOfTax": "None", "ebit": "2506000", "ebitda": "3863000", "netIncome": "1968000"}, {"fiscalDateEnding": "2006-06-30", "reportedCurrency": "USD", "grossProfit": "20711000", "totalRevenue": "32606000", "costOfRevenue": "11895000", "costofGoodsAndServicesSold": "11895000", "operatingIncome": "3823000", "sellingGeneralAndAdministrative": "15360000", "researchAndDevelopment": "0", "operatingExpenses": "16888000", "investmentIncomeNet": "None", "netInterestIncome": "None", "interestIncome": "None", "interestExpense": "20000", "nonInterestIncome": "None", "otherNonOperatingIncome": "None", "depreciation": "None", "depreciationAndAmortization": "520000", "incomeBeforeTax": "4024000", "incomeTaxExpense": "1368000", "interestAndDebtExpense": "None", "netIncomeFromContinuingOperations": "0", "comprehensiveIncomeNetOfTax": "None", "ebit": "3894000", "ebitda": "4414000", "netIncome": "2488000"}, {"fiscalDateEnding": "2006-03-31", "reportedCurrency": "USD", "grossProfit": "18851000", "totalRevenue": "25592000", "costOfRevenue": "6741000", "costofGoodsAndServicesSold": "6741000", "operatingIncome": "-182000", "sellingGeneralAndAdministrative": "14230000", "researchAndDevelopment": "0", "operatingExpenses": "19033000", "investmentIncomeNet": "None", "netInterestIncome": "None", "interestIncome": "None", "interestExpense": "20000", "nonInterestIncome": "None", "otherNonOperatingIncome": "None", "depreciation": "None", "depreciationAndAmortization": "976000", "incomeBeforeTax": "21000", "incomeTaxExpense": "7000", "interestAndDebtExpense": "None", "netIncomeFromContinuingOperations": "0", "comprehensiveIncomeNetOfTax": "None", "ebit": "-15000", "ebitda": "961000", "netIncome": "-151000"}, {"fiscalDateEnding": "2005-12-31", "reportedCurrency": "USD", "grossProfit": "13013000", "totalRevenue": "27362000", "costOfRevenue": "14349000", "costofGoodsAndServicesSold": "14349000", "operatingIncome": "1571000", "sellingGeneralAndAdministrative": "10662000", "researchAndDevelopment": "0", "operatingExpenses": "11442000", "investmentIncomeNet": "None", "netInterestIncome": "None", "interestIncome": "None", "interestExpense": "0", "nonInterestIncome": "None", "otherNonOperatingIncome": "None", "depreciation": "None", "depreciationAndAmortization": "925000", "incomeBeforeTax": "1806000", "incomeTaxExpense": "614000", "interestAndDebtExpense": "None", "netIncomeFromContinuingOperations": "0", "comprehensiveIncomeNetOfTax": "None", "ebit": "1746000", "ebitda": "2671000", "netIncome": "916000"}]}