{"symbol": "ARGX", "annualReports": [{"fiscalDateEnding": "2024-12-31", "reportedCurrency": "USD", "grossProfit": "1962942000", "totalRevenue": "2190231000", "costOfRevenue": "227289000", "costofGoodsAndServicesSold": "227289000", "operatingIncome": "-21654000", "sellingGeneralAndAdministrative": "745201000", "researchAndDevelopment": "983423000", "operatingExpenses": "1984596000", "investmentIncomeNet": "None", "netInterestIncome": "136276000", "interestIncome": "138740000", "interestExpense": "2219000", "nonInterestIncome": "None", "otherNonOperatingIncome": "None", "depreciation": "None", "depreciationAndAmortization": "17527000", "incomeBeforeTax": "85180000", "incomeTaxExpense": "-747860000", "interestAndDebtExpense": "None", "netIncomeFromContinuingOperations": "833040000", "comprehensiveIncomeNetOfTax": "None", "ebit": "87644000", "ebitda": "105171000", "netIncome": "833040000"}, {"fiscalDateEnding": "2023-12-31", "reportedCurrency": "EUR", "grossProfit": "1108481000", "totalRevenue": "1226316000", "costOfRevenue": "117835000", "costofGoodsAndServicesSold": "117835000", "operatingIncome": "-425049000", "sellingGeneralAndAdministrative": "507393000", "researchAndDevelopment": "859492000", "operatingExpenses": "1533530000", "investmentIncomeNet": "None", "netInterestIncome": "92058000", "interestIncome": "92962000", "interestExpense": "904000", "nonInterestIncome": "None", "otherNonOperatingIncome": "None", "depreciation": "None", "depreciationAndAmortization": "111479000", "incomeBeforeTax": "-304496000", "incomeTaxExpense": "-9443000", "interestAndDebtExpense": "None", "netIncomeFromContinuingOperations": "-295053000", "comprehensiveIncomeNetOfTax": "None", "ebit": "-303764000", "ebitda": "-192285000", "netIncome": "-295053000"}, {"fiscalDateEnding": "2022-12-31", "reportedCurrency": "EUR", "grossProfit": "381315000", "totalRevenue": "410747000", "costOfRevenue": "29431000", "costofGoodsAndServicesSold": "29431000", "operatingIncome": "-720341000", "sellingGeneralAndAdministrative": "353971000", "researchAndDevelopment": "663366000", "operatingExpenses": "1101656000", "investmentIncomeNet": "None", "netInterestIncome": "23759000", "interestIncome": "27665000", "interestExpense": "2193000", "nonInterestIncome": "None", "otherNonOperatingIncome": "None", "depreciation": "None", "depreciationAndAmortization": "104342000", "incomeBeforeTax": "-729314000", "incomeTaxExpense": "-19720000", "interestAndDebtExpense": "None", "netIncomeFromContinuingOperations": "-709594000", "comprehensiveIncomeNetOfTax": "None", "ebit": "-727121000", "ebitda": "-622779000", "netIncome": "-709594000"}, {"fiscalDateEnding": "2021-12-31", "reportedCurrency": "EUR", "grossProfit": "497277000", "totalRevenue": "497277000", "costOfRevenue": "580520000", "costofGoodsAndServicesSold": "580520000", "operatingIncome": "-348746000", "sellingGeneralAndAdministrative": "245551000", "researchAndDevelopment": "580520000", "operatingExpenses": "846023000", "investmentIncomeNet": "None", "netInterestIncome": "-944000", "interestIncome": "3489000", "interestExpense": "1096000", "nonInterestIncome": "None", "otherNonOperatingIncome": "None", "depreciation": "None", "depreciationAndAmortization": "5867000", "incomeBeforeTax": "-399743000", "incomeTaxExpense": "8522000", "interestAndDebtExpense": "None", "netIncomeFromContinuingOperations": "-408265000", "comprehensiveIncomeNetOfTax": "None", "ebit": "-398647000", "ebitda": "-392780000", "netIncome": "-407626000"}, {"fiscalDateEnding": "2020-12-31", "reportedCurrency": "EUR", "grossProfit": "41243000", "totalRevenue": "41243000", "costOfRevenue": "370885000", "costofGoodsAndServicesSold": "370885000", "operatingIncome": "-477617000", "sellingGeneralAndAdministrative": "170551000", "researchAndDevelopment": "370489000", "operatingExpenses": "518860000", "investmentIncomeNet": "None", "netInterestIncome": "-1414000", "interestIncome": "5119000", "interestExpense": "403657", "nonInterestIncome": "None", "otherNonOperatingIncome": "None", "depreciation": "None", "depreciationAndAmortization": "3917000", "incomeBeforeTax": "-605352000", "incomeTaxExpense": "3103000", "interestAndDebtExpense": "None", "netIncomeFromContinuingOperations": "-528923000", "comprehensiveIncomeNetOfTax": "None", "ebit": "-604951000", "ebitda": "-601034000", "netIncome": "-608455000"}, {"fiscalDateEnding": "2019-12-31", "reportedCurrency": "EUR", "grossProfit": "78462000", "totalRevenue": "78462000", "costOfRevenue": "196817346", "costofGoodsAndServicesSold": "196817346", "operatingIncome": "-198892000", "sellingGeneralAndAdministrative": "72146000", "researchAndDevelopment": "220771000", "operatingExpenses": "277354000", "investmentIncomeNet": "None", "netInterestIncome": "7750000", "interestIncome": "7874000", "interestExpense": "139000", "nonInterestIncome": "None", "otherNonOperatingIncome": "0", "depreciation": "None", "depreciationAndAmortization": "2425000", "incomeBeforeTax": "-175919000", "incomeTaxExpense": "5289000", "interestAndDebtExpense": "None", "netIncomeFromContinuingOperations": "-162965000", "comprehensiveIncomeNetOfTax": "None", "ebit": "-175780000", "ebitda": "-173355000", "netIncome": "-181208000"}, {"fiscalDateEnding": "2018-12-31", "reportedCurrency": "EUR", "grossProfit": "24573000", "totalRevenue": "24573000", "costOfRevenue": "250563675.85", "costofGoodsAndServicesSold": "250563675.85", "operatingIncome": "-93627000", "sellingGeneralAndAdministrative": "25645000", "researchAndDevelopment": "95641000", "operatingExpenses": "118201000", "investmentIncomeNet": "None", "netInterestIncome": "1371000", "interestIncome": "1371000", "interestExpense": "35041180.51", "nonInterestIncome": "None", "otherNonOperatingIncome": "0", "depreciation": "None", "depreciationAndAmortization": "563944", "incomeBeforeTax": "-75323000", "incomeTaxExpense": "908258", "interestAndDebtExpense": "None", "netIncomeFromContinuingOperations": "-66641000", "comprehensiveIncomeNetOfTax": "None", "ebit": "-93626944", "ebitda": "-93063000", "netIncome": "-76231000"}, {"fiscalDateEnding": "2017-12-31", "reportedCurrency": "EUR", "grossProfit": "43687000", "totalRevenue": "43687000", "costOfRevenue": "223829800.24", "costofGoodsAndServicesSold": "223829800.24", "operatingIncome": "-27512000", "sellingGeneralAndAdministrative": "14934000", "researchAndDevelopment": "62073000", "operatingExpenses": "71199000", "investmentIncomeNet": "None", "netInterestIncome": "165000", "interestIncome": "165000", "interestExpense": "5652998.06", "nonInterestIncome": "None", "otherNonOperatingIncome": "0", "depreciation": "None", "depreciationAndAmortization": "521870", "incomeBeforeTax": "-32967000", "incomeTaxExpense": "716222", "interestAndDebtExpense": "None", "netIncomeFromContinuingOperations": "-28076000", "comprehensiveIncomeNetOfTax": "None", "ebit": "-32966870", "ebitda": "-32445000", "netIncome": "-33683000"}, {"fiscalDateEnding": "2016-12-31", "reportedCurrency": "EUR", "grossProfit": "15474000", "totalRevenue": "15474000", "costOfRevenue": "45192791.12", "costofGoodsAndServicesSold": "45192791.12", "operatingIncome": "-22523000", "sellingGeneralAndAdministrative": "7373000", "researchAndDevelopment": "33189000", "operatingExpenses": "37997000", "investmentIncomeNet": "None", "netInterestIncome": "61000", "interestIncome": "61000", "interestExpense": "0", "nonInterestIncome": "None", "otherNonOperatingIncome": "0", "depreciation": "None", "depreciationAndAmortization": "351268", "incomeBeforeTax": "-22479000", "incomeTaxExpense": "19982.33", "interestAndDebtExpense": "None", "netIncomeFromContinuingOperations": "-21374000", "comprehensiveIncomeNetOfTax": "None", "ebit": "-22523268", "ebitda": "-22172000", "netIncome": "-22479000"}, {"fiscalDateEnding": "2015-12-31", "reportedCurrency": "EUR", "grossProfit": "7493000", "totalRevenue": "7493000", "costOfRevenue": "22409860.99", "costofGoodsAndServicesSold": "22409860.99", "operatingIncome": "-17061000", "sellingGeneralAndAdministrative": "5385000", "researchAndDevelopment": "22560000", "operatingExpenses": "24554000", "investmentIncomeNet": "None", "netInterestIncome": "None", "interestIncome": "None", "interestExpense": "0", "nonInterestIncome": "None", "otherNonOperatingIncome": "0", "depreciation": "None", "depreciationAndAmortization": "214287", "incomeBeforeTax": "-16741000", "incomeTaxExpense": "-237246.63", "interestAndDebtExpense": "None", "netIncomeFromContinuingOperations": "-16629018.25", "comprehensiveIncomeNetOfTax": "None", "ebit": "-16740287", "ebitda": "-16526000", "netIncome": "-16741000"}, {"fiscalDateEnding": "2014-12-31", "reportedCurrency": "EUR", "grossProfit": "4567000", "totalRevenue": "4567000", "costOfRevenue": "15292765.55", "costofGoodsAndServicesSold": "15292765.55", "operatingIncome": "-13064000", "sellingGeneralAndAdministrative": "4211099", "researchAndDevelopment": "15372000", "operatingExpenses": "17631000", "investmentIncomeNet": "None", "netInterestIncome": "None", "interestIncome": "None", "interestExpense": "3648", "nonInterestIncome": "None", "otherNonOperatingIncome": "None", "depreciation": "None", "depreciationAndAmortization": "160513", "incomeBeforeTax": "-12542000", "incomeTaxExpense": "-358723.67", "interestAndDebtExpense": "None", "netIncomeFromContinuingOperations": "-12477619.16", "comprehensiveIncomeNetOfTax": "None", "ebit": "-12538513", "ebitda": "-12378000", "netIncome": "-12542000"}, {"fiscalDateEnding": "2013-12-31", "reportedCurrency": "EUR", "grossProfit": "2677000", "totalRevenue": "3697000", "costOfRevenue": "1020000", "costofGoodsAndServicesSold": "1020000", "operatingIncome": "-8603000", "sellingGeneralAndAdministrative": "2197000", "researchAndDevelopment": "12914000", "operatingExpenses": "12299000", "investmentIncomeNet": "None", "netInterestIncome": "None", "interestIncome": "None", "interestExpense": "5523", "nonInterestIncome": "None", "otherNonOperatingIncome": "None", "depreciation": "None", "depreciationAndAmortization": "167085", "incomeBeforeTax": "-8466000", "incomeTaxExpense": "114612.39", "interestAndDebtExpense": "None", "netIncomeFromContinuingOperations": "-6131000", "comprehensiveIncomeNetOfTax": "None", "ebit": "-8461085", "ebitda": "-8294000", "netIncome": "-8466000"}, {"fiscalDateEnding": "2012-12-31", "reportedCurrency": "EUR", "grossProfit": "2183000", "totalRevenue": "2183000", "costOfRevenue": "None", "costofGoodsAndServicesSold": "None", "operatingIncome": "-13293000", "sellingGeneralAndAdministrative": "2202000", "researchAndDevelopment": "14634000", "operatingExpenses": "15476000", "investmentIncomeNet": "None", "netInterestIncome": "None", "interestIncome": "None", "interestExpense": "2645", "nonInterestIncome": "None", "otherNonOperatingIncome": "None", "depreciation": "None", "depreciationAndAmortization": "261856", "incomeBeforeTax": "-12826000", "incomeTaxExpense": "-7935.04", "interestAndDebtExpense": "None", "netIncomeFromContinuingOperations": "None", "comprehensiveIncomeNetOfTax": "None", "ebit": "-12822856", "ebitda": "-12561000", "netIncome": "-12826000"}, {"fiscalDateEnding": "2011-12-31", "reportedCurrency": "EUR", "grossProfit": "1458000", "totalRevenue": "1458000", "costOfRevenue": "None", "costofGoodsAndServicesSold": "None", "operatingIncome": "-4718000", "sellingGeneralAndAdministrative": "1892000", "researchAndDevelopment": "6252000", "operatingExpenses": "6176000", "investmentIncomeNet": "None", "netInterestIncome": "None", "interestIncome": "None", "interestExpense": "1296", "nonInterestIncome": "None", "otherNonOperatingIncome": "None", "depreciation": "None", "depreciationAndAmortization": "287732", "incomeBeforeTax": "-4491000", "incomeTaxExpense": "-22033.57", "interestAndDebtExpense": "None", "netIncomeFromContinuingOperations": "None", "comprehensiveIncomeNetOfTax": "None", "ebit": "-4489732", "ebitda": "-4202000", "netIncome": "-4491000"}], "quarterlyReports": [{"fiscalDateEnding": "2025-09-30", "reportedCurrency": "USD", "grossProfit": "1017535000", "totalRevenue": "1126961000", "costOfRevenue": "109426000", "costofGoodsAndServicesSold": "109426000", "operatingIncome": "349970000", "sellingGeneralAndAdministrative": "336291000", "researchAndDevelopment": "355651000", "operatingExpenses": "776991000", "investmentIncomeNet": "None", "netInterestIncome": "41707000", "interestIncome": "42700000", "interestExpense": "993000", "nonInterestIncome": "None", "otherNonOperatingIncome": "None", "depreciation": "None", "depreciationAndAmortization": "None", "incomeBeforeTax": "386053000", "incomeTaxExpense": "None", "interestAndDebtExpense": "None", "netIncomeFromContinuingOperations": "344258000", "comprehensiveIncomeNetOfTax": "None", "ebit": "None", "ebitda": "None", "netIncome": "344258000"}, {"fiscalDateEnding": "2025-06-30", "reportedCurrency": "USD", "grossProfit": "837214000", "totalRevenue": "947961000", "costOfRevenue": "110747000", "costofGoodsAndServicesSold": "110747000", "operatingIncome": "201061000", "sellingGeneralAndAdministrative": "422910000", "researchAndDevelopment": "327697000", "operatingExpenses": "636153000", "investmentIncomeNet": "None", "netInterestIncome": "37273000", "interestIncome": "38399000", "interestExpense": "1126000", "nonInterestIncome": "None", "otherNonOperatingIncome": "None", "depreciation": "None", "depreciationAndAmortization": "13369203", "incomeBeforeTax": "286899000", "incomeTaxExpense": "41541000", "interestAndDebtExpense": "None", "netIncomeFromContinuingOperations": "245358000", "comprehensiveIncomeNetOfTax": "None", "ebit": "500584593", "ebitda": "513953796", "netIncome": "245358000"}, {"fiscalDateEnding": "2025-03-31", "reportedCurrency": "USD", "grossProfit": "709878000", "totalRevenue": "790683000", "costOfRevenue": "80805000", "costofGoodsAndServicesSold": "80805000", "operatingIncome": "138940000", "sellingGeneralAndAdministrative": "276248000", "researchAndDevelopment": "309070000", "operatingExpenses": "570938000", "investmentIncomeNet": "None", "netInterestIncome": "35983000", "interestIncome": "37118000", "interestExpense": "1135000", "nonInterestIncome": "None", "otherNonOperatingIncome": "None", "depreciation": "None", "depreciationAndAmortization": "None", "incomeBeforeTax": "202361000", "incomeTaxExpense": "32892000", "interestAndDebtExpense": "None", "netIncomeFromContinuingOperations": "169469000", "comprehensiveIncomeNetOfTax": "None", "ebit": "None", "ebitda": "203496000", "netIncome": "169469000"}, {"fiscalDateEnding": "2024-12-31", "reportedCurrency": "USD", "grossProfit": "681368000", "totalRevenue": "1346264000", "costOfRevenue": "664896000", "costofGoodsAndServicesSold": "664896000", "operatingIncome": "117228000", "sellingGeneralAndAdministrative": "256656000", "researchAndDevelopment": "297228000", "operatingExpenses": "562714000", "investmentIncomeNet": "None", "netInterestIncome": "19622000", "interestIncome": "20326000", "interestExpense": "704000", "nonInterestIncome": "None", "otherNonOperatingIncome": "None", "depreciation": "None", "depreciationAndAmortization": "8887000", "incomeBeforeTax": "174533000", "incomeTaxExpense": "-687652000", "interestAndDebtExpense": "None", "netIncomeFromContinuingOperations": "774161000", "comprehensiveIncomeNetOfTax": "None", "ebit": "117725000", "ebitda": "126612000", "netIncome": "865571000"}, {"fiscalDateEnding": "2024-09-30", "reportedCurrency": "EUR", "grossProfit": "514164000", "totalRevenue": "573236000", "costOfRevenue": "59072000", "costofGoodsAndServicesSold": "59072000", "operatingIncome": "14187000", "sellingGeneralAndAdministrative": "277698000", "researchAndDevelopment": "235940000", "operatingExpenses": "499977000", "investmentIncomeNet": "None", "netInterestIncome": "39910000", "interestIncome": "40586000", "interestExpense": "676000", "nonInterestIncome": "None", "otherNonOperatingIncome": "None", "depreciation": "None", "depreciationAndAmortization": "74513000", "incomeBeforeTax": "88024000", "incomeTaxExpense": "-3386000", "interestAndDebtExpense": "None", "netIncomeFromContinuingOperations": "91410000", "comprehensiveIncomeNetOfTax": "None", "ebit": "14187000", "ebitda": "88700000", "netIncome": "91410000"}, {"fiscalDateEnding": "2024-06-30", "reportedCurrency": "EUR", "grossProfit": "1281574000", "totalRevenue": "901941000", "costOfRevenue": "-437607000", "costofGoodsAndServicesSold": "-437607000", "operatingIncome": "-138882000", "sellingGeneralAndAdministrative": "341353000", "researchAndDevelopment": "446787000", "operatingExpenses": "495007000", "investmentIncomeNet": "None", "netInterestIncome": "38361000", "interestIncome": "38933000", "interestExpense": "572000", "nonInterestIncome": "None", "otherNonOperatingIncome": "None", "depreciation": "None", "depreciationAndAmortization": "8610000", "incomeBeforeTax": "-89353000", "incomeTaxExpense": "-56822000", "interestAndDebtExpense": "None", "netIncomeFromContinuingOperations": "29066000", "comprehensiveIncomeNetOfTax": "None", "ebit": "-30081000", "ebitda": "-21471000", "netIncome": "-32531000"}, {"fiscalDateEnding": "2024-03-31", "reportedCurrency": "USD", "grossProfit": "357823000", "totalRevenue": "401001000", "costOfRevenue": "43178000", "costofGoodsAndServicesSold": "43178000", "operatingIncome": "-93421000", "sellingGeneralAndAdministrative": "235995000", "researchAndDevelopment": "224969000", "operatingExpenses": "451244000", "investmentIncomeNet": "None", "netInterestIncome": "38383000", "interestIncome": "38895000", "interestExpense": "512000", "nonInterestIncome": "None", "otherNonOperatingIncome": "None", "depreciation": "None", "depreciationAndAmortization": "None", "incomeBeforeTax": "-74350000", "incomeTaxExpense": "-12753000", "interestAndDebtExpense": "None", "netIncomeFromContinuingOperations": "-61597000", "comprehensiveIncomeNetOfTax": "None", "ebit": "None", "ebitda": "-73838000", "netIncome": "-61597000"}, {"fiscalDateEnding": "2023-12-31", "reportedCurrency": "EUR", "grossProfit": "184075000", "totalRevenue": "757679000", "costOfRevenue": "573604000", "costofGoodsAndServicesSold": "573604000", "operatingIncome": "-219212000", "sellingGeneralAndAdministrative": "198610000", "researchAndDevelopment": "396661988", "operatingExpenses": "796721962", "investmentIncomeNet": "None", "netInterestIncome": "25606000", "interestIncome": "25884000", "interestExpense": "278000", "nonInterestIncome": "None", "otherNonOperatingIncome": "None", "depreciation": "None", "depreciationAndAmortization": "103482831", "incomeBeforeTax": "-144457000", "incomeTaxExpense": "27357000", "interestAndDebtExpense": "None", "netIncomeFromContinuingOperations": "-99172000", "comprehensiveIncomeNetOfTax": "None", "ebit": "-141622788", "ebitda": "-38139957", "netIncome": "-155629000"}, {"fiscalDateEnding": "2023-09-30", "reportedCurrency": "EUR", "grossProfit": "293790000", "totalRevenue": "329789000", "costOfRevenue": "35999000", "costofGoodsAndServicesSold": "35999000", "operatingIncome": "-80588000", "sellingGeneralAndAdministrative": "191930000", "researchAndDevelopment": "191755000", "operatingExpenses": "374378000", "investmentIncomeNet": "None", "netInterestIncome": "29818000", "interestIncome": "30049000", "interestExpense": "231000", "nonInterestIncome": "None", "otherNonOperatingIncome": "None", "depreciation": "None", "depreciationAndAmortization": "23817053", "incomeBeforeTax": "-83279000", "incomeTaxExpense": "-10637000", "interestAndDebtExpense": "None", "netIncomeFromContinuingOperations": "-72642000", "comprehensiveIncomeNetOfTax": "None", "ebit": "-74356053", "ebitda": "-83048000", "netIncome": "-72642000"}, {"fiscalDateEnding": "2023-06-30", "reportedCurrency": "EUR", "grossProfit": "107192000", "totalRevenue": "468203000", "costOfRevenue": "369972000", "costofGoodsAndServicesSold": "369972000", "operatingIncome": "-188629000", "sellingGeneralAndAdministrative": "160895000", "researchAndDevelopment": "331154000", "operatingExpenses": "286860000", "investmentIncomeNet": "None", "netInterestIncome": "20234000", "interestIncome": "20441000", "interestExpense": "395644", "nonInterestIncome": "None", "otherNonOperatingIncome": "None", "depreciation": "None", "depreciationAndAmortization": "4239000", "incomeBeforeTax": "-146660000", "incomeTaxExpense": "-34056000", "interestAndDebtExpense": "None", "netIncomeFromContinuingOperations": "-94368000", "comprehensiveIncomeNetOfTax": "None", "ebit": "-186906000", "ebitda": "-182667000", "netIncome": "-112936000"}, {"fiscalDateEnding": "2023-03-31", "reportedCurrency": "EUR", "grossProfit": "549725000", "totalRevenue": "-257981000", "costOfRevenue": "-807706000", "costofGoodsAndServicesSold": "-807706000", "operatingIncome": "42730000", "sellingGeneralAndAdministrative": "507393000", "researchAndDevelopment": "114621000", "operatingExpenses": "506995000", "investmentIncomeNet": "None", "netInterestIncome": "16400000", "interestIncome": "16588000", "interestExpense": "301000", "nonInterestIncome": "None", "otherNonOperatingIncome": "None", "depreciation": "None", "depreciationAndAmortization": "15646000", "incomeBeforeTax": "56292000", "incomeTaxExpense": "10470000", "interestAndDebtExpense": "None", "netIncomeFromContinuingOperations": "-28871000", "comprehensiveIncomeNetOfTax": "None", "ebit": "140483000", "ebitda": "156129000", "netIncome": "45697000"}, {"fiscalDateEnding": "2022-12-31", "reportedCurrency": "EUR", "grossProfit": "-77684000", "totalRevenue": "302907000", "costOfRevenue": "380590000", "costofGoodsAndServicesSold": "380590000", "operatingIncome": "-301716000", "sellingGeneralAndAdministrative": "135287000", "researchAndDevelopment": "384479000", "operatingExpenses": "224032000", "investmentIncomeNet": "None", "netInterestIncome": "12935000", "interestIncome": "13925000", "interestExpense": "1778115", "nonInterestIncome": "None", "otherNonOperatingIncome": "None", "depreciation": "None", "depreciationAndAmortization": "91202000", "incomeBeforeTax": "-263606000", "incomeTaxExpense": "-8037000", "interestAndDebtExpense": "None", "netIncomeFromContinuingOperations": "-38613000", "comprehensiveIncomeNetOfTax": "None", "ebit": "-305059000", "ebitda": "-213857000", "netIncome": "-255569000"}, {"fiscalDateEnding": "2022-09-30", "reportedCurrency": "EUR", "grossProfit": "127717000", "totalRevenue": "137981000", "costOfRevenue": "10264000", "costofGoodsAndServicesSold": "10264000", "operatingIncome": "-208637000", "sellingGeneralAndAdministrative": "108181000", "researchAndDevelopment": "236681000", "operatingExpenses": "336354000", "investmentIncomeNet": "None", "netInterestIncome": "7222000", "interestIncome": "8007000", "interestExpense": "785000", "nonInterestIncome": "None", "otherNonOperatingIncome": "None", "depreciation": "None", "depreciationAndAmortization": "8007000", "incomeBeforeTax": "-241024000", "incomeTaxExpense": "-5982000", "interestAndDebtExpense": "None", "netIncomeFromContinuingOperations": "-235042000", "comprehensiveIncomeNetOfTax": "None", "ebit": "-208637000", "ebitda": "-200630000", "netIncome": "-235042000"}, {"fiscalDateEnding": "2022-06-30", "reportedCurrency": "EUR", "grossProfit": "-168606000", "totalRevenue": "111355000", "costOfRevenue": "272289000", "costofGoodsAndServicesSold": "272289000", "operatingIncome": "-379194000", "sellingGeneralAndAdministrative": "126581000", "researchAndDevelopment": "275978000", "operatingExpenses": "218260000", "investmentIncomeNet": "None", "netInterestIncome": "3734000", "interestIncome": "4912000", "interestExpense": "2122793", "nonInterestIncome": "None", "otherNonOperatingIncome": "None", "depreciation": "None", "depreciationAndAmortization": "3048000", "incomeBeforeTax": "-426709000", "incomeTaxExpense": "10608000", "interestAndDebtExpense": "None", "netIncomeFromContinuingOperations": "-208749000", "comprehensiveIncomeNetOfTax": "None", "ebit": "-379321000", "ebitda": "-376273000", "netIncome": "-416101000"}, {"fiscalDateEnding": "2022-03-31", "reportedCurrency": "EUR", "grossProfit": "22040000", "totalRevenue": "23412000", "costOfRevenue": "1372000", "costofGoodsAndServicesSold": "1372000", "operatingIncome": "-222726000", "sellingGeneralAndAdministrative": "100866000", "researchAndDevelopment": "151968000", "operatingExpenses": "244766000", "investmentIncomeNet": "None", "netInterestIncome": "-132000", "interestIncome": "821000", "interestExpense": "953000", "nonInterestIncome": "None", "otherNonOperatingIncome": "None", "depreciation": "None", "depreciationAndAmortization": "820000", "incomeBeforeTax": "-230072000", "incomeTaxExpense": "-2885000", "interestAndDebtExpense": "None", "netIncomeFromContinuingOperations": "-227187000", "comprehensiveIncomeNetOfTax": "None", "ebit": "-222726000", "ebitda": "-221906000", "netIncome": "-227187000"}, {"fiscalDateEnding": "2021-12-31", "reportedCurrency": "EUR", "grossProfit": "-243351000", "totalRevenue": "26039000", "costOfRevenue": "269390000", "costofGoodsAndServicesSold": "269390000", "operatingIncome": "-389983000", "sellingGeneralAndAdministrative": "97422000", "researchAndDevelopment": "303853000", "operatingExpenses": "166893000", "investmentIncomeNet": "None", "netInterestIncome": "3433000", "interestIncome": "1055000", "interestExpense": "3433000", "nonInterestIncome": "None", "otherNonOperatingIncome": "None", "depreciation": "None", "depreciationAndAmortization": "2896000", "incomeBeforeTax": "-474494000", "incomeTaxExpense": "-3789000", "interestAndDebtExpense": "None", "netIncomeFromContinuingOperations": "-237818000", "comprehensiveIncomeNetOfTax": "None", "ebit": "-399781000", "ebitda": "-396885000", "netIncome": "-414200000"}, {"fiscalDateEnding": "2021-09-30", "reportedCurrency": "EUR", "grossProfit": "857000", "totalRevenue": "857000", "costOfRevenue": "0", "costofGoodsAndServicesSold": "0", "operatingIncome": "-212957000", "sellingGeneralAndAdministrative": "80623000", "researchAndDevelopment": "139440000", "operatingExpenses": "213815000", "investmentIncomeNet": "None", "netInterestIncome": "-295000", "interestIncome": "805000", "interestExpense": "1100000", "nonInterestIncome": "None", "otherNonOperatingIncome": "None", "depreciation": "None", "depreciationAndAmortization": "-16808000", "incomeBeforeTax": "-230866000", "incomeTaxExpense": "2749000", "interestAndDebtExpense": "None", "netIncomeFromContinuingOperations": "-233615000", "comprehensiveIncomeNetOfTax": "None", "ebit": "-195343000", "ebitda": "-212151000", "netIncome": "-233614000"}, {"fiscalDateEnding": "2021-06-30", "reportedCurrency": "EUR", "grossProfit": "189486000", "totalRevenue": "420444000", "costOfRevenue": "230958000", "costofGoodsAndServicesSold": "230958000", "operatingIncome": "80208000", "sellingGeneralAndAdministrative": "73346000", "researchAndDevelopment": "271597000", "operatingExpenses": "129599000", "investmentIncomeNet": "None", "netInterestIncome": "-325000", "interestIncome": "None", "interestExpense": "743559", "nonInterestIncome": "None", "otherNonOperatingIncome": "None", "depreciation": "None", "depreciationAndAmortization": "2498000", "incomeBeforeTax": "64085000", "incomeTaxExpense": "10822000", "interestAndDebtExpense": "None", "netIncomeFromContinuingOperations": "103601000", "comprehensiveIncomeNetOfTax": "None", "ebit": "80208000", "ebitda": "82706000", "netIncome": "53262000"}, {"fiscalDateEnding": "2021-03-31", "reportedCurrency": "EUR", "grossProfit": "158155000", "totalRevenue": "158155000", "costOfRevenue": "None", "costofGoodsAndServicesSold": "None", "operatingIncome": "-13000", "sellingGeneralAndAdministrative": "56253000", "researchAndDevelopment": "122328000", "operatingExpenses": "169321000", "investmentIncomeNet": "None", "netInterestIncome": "-420000", "interestIncome": "None", "interestExpense": "29236000", "nonInterestIncome": "None", "otherNonOperatingIncome": "None", "depreciation": "None", "depreciationAndAmortization": "-29236000", "incomeBeforeTax": "-29249000", "incomeTaxExpense": "11184000", "interestAndDebtExpense": "None", "netIncomeFromContinuingOperations": "-40433000", "comprehensiveIncomeNetOfTax": "None", "ebit": "35735000", "ebitda": "6499000", "netIncome": "-40433000"}, {"fiscalDateEnding": "2020-12-31", "reportedCurrency": "EUR", "grossProfit": "-126045000", "totalRevenue": "22641000", "costOfRevenue": "148686000", "costofGoodsAndServicesSold": "148686000", "operatingIncome": "-209296000", "sellingGeneralAndAdministrative": "38736000", "researchAndDevelopment": "148686000", "operatingExpenses": "101700000", "investmentIncomeNet": "None", "netInterestIncome": "None", "interestIncome": "None", "interestExpense": "25159495.48", "nonInterestIncome": "None", "otherNonOperatingIncome": "None", "depreciation": "None", "depreciationAndAmortization": "2221000", "incomeBeforeTax": "-380954000", "incomeTaxExpense": "500983", "interestAndDebtExpense": "None", "netIncomeFromContinuingOperations": "None", "comprehensiveIncomeNetOfTax": "None", "ebit": "-210947000", "ebitda": "-208726000", "netIncome": "-312595000"}, {"fiscalDateEnding": "2020-09-30", "reportedCurrency": "EUR", "grossProfit": "-63097000", "totalRevenue": "11469000", "costOfRevenue": "74566000", "costofGoodsAndServicesSold": "74566000", "operatingIncome": "-101833000", "sellingGeneralAndAdministrative": "38736000", "researchAndDevelopment": "None", "operatingExpenses": "74566000", "investmentIncomeNet": "None", "netInterestIncome": "None", "interestIncome": "None", "interestExpense": "55372000", "nonInterestIncome": "None", "otherNonOperatingIncome": "None", "depreciation": "None", "depreciationAndAmortization": "-55372000", "incomeBeforeTax": "-157205000", "incomeTaxExpense": "454000", "interestAndDebtExpense": "None", "netIncomeFromContinuingOperations": "None", "comprehensiveIncomeNetOfTax": "None", "ebit": "-101833000", "ebitda": "-157205000", "netIncome": "-157659000"}, {"fiscalDateEnding": "2020-06-30", "reportedCurrency": "EUR", "grossProfit": "-137889000", "totalRevenue": "30525000", "costOfRevenue": "168414000", "costofGoodsAndServicesSold": "168414000", "operatingIncome": "-197505000", "sellingGeneralAndAdministrative": "None", "researchAndDevelopment": "168414000", "operatingExpenses": "66992000", "investmentIncomeNet": "None", "netInterestIncome": "None", "interestIncome": "None", "interestExpense": "2399000", "nonInterestIncome": "None", "otherNonOperatingIncome": "None", "depreciation": "None", "depreciationAndAmortization": "1704000", "incomeBeforeTax": "-224012000", "incomeTaxExpense": "2217000", "interestAndDebtExpense": "None", "netIncomeFromContinuingOperations": "None", "comprehensiveIncomeNetOfTax": "None", "ebit": "-198577000", "ebitda": "-196873000", "netIncome": "-201642000"}, {"fiscalDateEnding": "2020-03-31", "reportedCurrency": "EUR", "grossProfit": "None", "totalRevenue": "None", "costOfRevenue": "None", "costofGoodsAndServicesSold": "None", "operatingIncome": "None", "sellingGeneralAndAdministrative": "None", "researchAndDevelopment": "None", "operatingExpenses": "None", "investmentIncomeNet": "None", "netInterestIncome": "None", "interestIncome": "None", "interestExpense": "None", "nonInterestIncome": "None", "otherNonOperatingIncome": "None", "depreciation": "None", "depreciationAndAmortization": "None", "incomeBeforeTax": "None", "incomeTaxExpense": "1088000", "interestAndDebtExpense": "None", "netIncomeFromContinuingOperations": "None", "comprehensiveIncomeNetOfTax": "None", "ebit": "None", "ebitda": "None", "netIncome": "None"}, {"fiscalDateEnding": "2019-12-31", "reportedCurrency": "EUR", "grossProfit": "-88076000", "totalRevenue": "31285000", "costOfRevenue": "119361000", "costofGoodsAndServicesSold": "119361000", "operatingIncome": "-124087000", "sellingGeneralAndAdministrative": "22835000", "researchAndDevelopment": "119361000", "operatingExpenses": "40394000", "investmentIncomeNet": "None", "netInterestIncome": "-3039000", "interestIncome": "3000000", "interestExpense": "39000", "nonInterestIncome": "None", "otherNonOperatingIncome": "0", "depreciation": "None", "depreciationAndAmortization": "1369000", "incomeBeforeTax": "-113442000", "incomeTaxExpense": "4402000", "interestAndDebtExpense": "None", "netIncomeFromContinuingOperations": "-92908000", "comprehensiveIncomeNetOfTax": "None", "ebit": "-126887000", "ebitda": "-125518000", "netIncome": "-117844000"}, {"fiscalDateEnding": "2019-09-30", "reportedCurrency": "EUR", "grossProfit": "7686502.94", "totalRevenue": "8732000", "costOfRevenue": "1045497.06", "costofGoodsAndServicesSold": "1045497.06", "operatingIncome": "-48889000", "sellingGeneralAndAdministrative": "14272000", "researchAndDevelopment": "44496000", "operatingExpenses": "57621000", "investmentIncomeNet": "None", "netInterestIncome": "3579000", "interestIncome": "3664000", "interestExpense": "30258407.02", "nonInterestIncome": "None", "otherNonOperatingIncome": "0", "depreciation": "None", "depreciationAndAmortization": "30258407.02", "incomeBeforeTax": "-20853000", "incomeTaxExpense": "4083000", "interestAndDebtExpense": "None", "netIncomeFromContinuingOperations": "-24936000", "comprehensiveIncomeNetOfTax": "None", "ebit": "-65787407.02", "ebitda": "-35529000", "netIncome": "-24936000"}, {"fiscalDateEnding": "2019-06-30", "reportedCurrency": "EUR", "grossProfit": "-27005000", "totalRevenue": "51299000", "costOfRevenue": "78304000", "costofGoodsAndServicesSold": "78304000", "operatingIncome": "-54467000", "sellingGeneralAndAdministrative": "16156000", "researchAndDevelopment": "78304000", "operatingExpenses": "31228000", "investmentIncomeNet": "None", "netInterestIncome": "3752000", "interestIncome": "3752000", "interestExpense": "3541021.54", "nonInterestIncome": "None", "otherNonOperatingIncome": "0", "depreciation": "None", "depreciationAndAmortization": "1053000", "incomeBeforeTax": "-44771000", "incomeTaxExpense": "350000", "interestAndDebtExpense": "None", "netIncomeFromContinuingOperations": "-51870000", "comprehensiveIncomeNetOfTax": "None", "ebit": "-54605000", "ebitda": "-53552000", "netIncome": "-45121000"}, {"fiscalDateEnding": "2019-03-31", "reportedCurrency": "EUR", "grossProfit": "40936808.65", "totalRevenue": "40936808.65", "costOfRevenue": "86864047.04", "costofGoodsAndServicesSold": "86864047.04", "operatingIncome": "-6784057.86", "sellingGeneralAndAdministrative": "11306000", "researchAndDevelopment": "39026581.47", "operatingExpenses": "47720866.51", "investmentIncomeNet": "None", "netInterestIncome": "3458000", "interestIncome": "3458000", "interestExpense": "14565341.90", "nonInterestIncome": "None", "otherNonOperatingIncome": "0", "depreciation": "None", "depreciationAndAmortization": "14565341.90", "incomeBeforeTax": "7781284.04", "incomeTaxExpense": "202140.44", "interestAndDebtExpense": "None", "netIncomeFromContinuingOperations": "6749000", "comprehensiveIncomeNetOfTax": "None", "ebit": "-32031399.15", "ebitda": "-17466057.25", "netIncome": "7579143.60"}, {"fiscalDateEnding": "2018-12-31", "reportedCurrency": "EUR", "grossProfit": "-40505000", "totalRevenue": "8733000", "costOfRevenue": "49238000", "costofGoodsAndServicesSold": "49238000", "operatingIncome": "-56462000", "sellingGeneralAndAdministrative": "16189000", "researchAndDevelopment": "49238000", "operatingExpenses": "18280000", "investmentIncomeNet": "None", "netInterestIncome": "None", "interestIncome": "None", "interestExpense": "5743585.85", "nonInterestIncome": "None", "otherNonOperatingIncome": "0", "depreciation": "None", "depreciationAndAmortization": "259000", "incomeBeforeTax": "-52400000", "incomeTaxExpense": "825000", "interestAndDebtExpense": "None", "netIncomeFromContinuingOperations": "-34646707.96", "comprehensiveIncomeNetOfTax": "None", "ebit": "-56462000", "ebitda": "-56203000", "netIncome": "-46565000"}, {"fiscalDateEnding": "2018-09-30", "reportedCurrency": "EUR", "grossProfit": "2443962.56", "totalRevenue": "2443962.56", "costOfRevenue": "22203056.26", "costofGoodsAndServicesSold": "22203056.26", "operatingIncome": "-25584203.15", "sellingGeneralAndAdministrative": "6731000", "researchAndDevelopment": "22484898.47", "operatingExpenses": "28027003.72", "investmentIncomeNet": "None", "netInterestIncome": "None", "interestIncome": "None", "interestExpense": "6456397.91", "nonInterestIncome": "None", "otherNonOperatingIncome": "0", "depreciation": "None", "depreciationAndAmortization": "6456397.91", "incomeBeforeTax": "-19127805.24", "incomeTaxExpense": "-1341.50", "interestAndDebtExpense": "None", "netIncomeFromContinuingOperations": "-18939569.34", "comprehensiveIncomeNetOfTax": "None", "ebit": "-43747384.85", "ebitda": "-37290986.93", "netIncome": "-19126463.74"}, {"fiscalDateEnding": "2018-06-30", "reportedCurrency": "EUR", "grossProfit": "-13873000", "totalRevenue": "20498000", "costOfRevenue": "34371000", "costofGoodsAndServicesSold": "34371000", "operatingIncome": "-25387000", "sellingGeneralAndAdministrative": "6045846.79", "researchAndDevelopment": "40134000", "operatingExpenses": "13445000", "investmentIncomeNet": "None", "netInterestIncome": "None", "interestIncome": "None", "interestExpense": "10432208.53", "nonInterestIncome": "None", "otherNonOperatingIncome": "0", "depreciation": "None", "depreciationAndAmortization": "215000", "incomeBeforeTax": "-23479000", "incomeTaxExpense": "31000", "interestAndDebtExpense": "None", "netIncomeFromContinuingOperations": "-2816573.56", "comprehensiveIncomeNetOfTax": "None", "ebit": "-25387000", "ebitda": "-25172000", "netIncome": "-20076000"}, {"fiscalDateEnding": "2018-03-31", "reportedCurrency": "EUR", "grossProfit": "6867217.36", "totalRevenue": "6867217.36", "costOfRevenue": "18632058.06", "costofGoodsAndServicesSold": "18632058.06", "operatingIncome": "-17440512.88", "sellingGeneralAndAdministrative": "7266674.89", "researchAndDevelopment": "18673406.49", "operatingExpenses": "24307730.24", "investmentIncomeNet": "None", "netInterestIncome": "None", "interestIncome": "None", "interestExpense": "752860.13", "nonInterestIncome": "None", "otherNonOperatingIncome": "None", "depreciation": "None", "depreciationAndAmortization": "-4327456.54", "incomeBeforeTax": "-21767969.42", "incomeTaxExpense": "4327456.54", "interestAndDebtExpense": "None", "netIncomeFromContinuingOperations": "-21719768.73", "comprehensiveIncomeNetOfTax": "None", "ebit": "-12521267.41", "ebitda": "-16848723.96", "netIncome": "-21767969.42"}, {"fiscalDateEnding": "2017-12-31", "reportedCurrency": "EUR", "grossProfit": "-8776000", "totalRevenue": "16425000", "costOfRevenue": "26148000", "costofGoodsAndServicesSold": "26148000", "operatingIncome": "-19411000", "sellingGeneralAndAdministrative": "6316708.99", "researchAndDevelopment": "26148000", "operatingExpenses": "8882000", "investmentIncomeNet": "None", "netInterestIncome": "None", "interestIncome": "None", "interestExpense": "2651144.23", "nonInterestIncome": "None", "otherNonOperatingIncome": "None", "depreciation": "None", "depreciationAndAmortization": "215000", "incomeBeforeTax": "-19881000", "incomeTaxExpense": "15246.65", "interestAndDebtExpense": "None", "netIncomeFromContinuingOperations": "-10964000", "comprehensiveIncomeNetOfTax": "None", "ebit": "-16179000", "ebitda": "-15964000", "netIncome": "-19881000"}, {"fiscalDateEnding": "2017-09-30", "reportedCurrency": "EUR", "grossProfit": "7692865.02", "totalRevenue": "7692865.02", "costOfRevenue": "-38248000", "costofGoodsAndServicesSold": "-38248000", "operatingIncome": "-8105032.99", "sellingGeneralAndAdministrative": "2845998.74", "researchAndDevelopment": "13763200.33", "operatingExpenses": "15797898.01", "investmentIncomeNet": "None", "netInterestIncome": "None", "interestIncome": "None", "interestExpense": "1837271.72", "nonInterestIncome": "None", "otherNonOperatingIncome": "None", "depreciation": "None", "depreciationAndAmortization": "-1837271.72", "incomeBeforeTax": "-9942304.70", "incomeTaxExpense": "18042.20", "interestAndDebtExpense": "None", "netIncomeFromContinuingOperations": "-34147000", "comprehensiveIncomeNetOfTax": "None", "ebit": "-3370827.43", "ebitda": "-5208099.14", "netIncome": "-9960346.91"}, {"fiscalDateEnding": "2017-06-30", "reportedCurrency": "EUR", "grossProfit": "-1708000", "totalRevenue": "24569000", "costOfRevenue": "25592000", "costofGoodsAndServicesSold": "25592000", "operatingIncome": "-6753000", "sellingGeneralAndAdministrative": "2126140.10", "researchAndDevelopment": "29231000", "operatingExpenses": "5045000", "investmentIncomeNet": "None", "netInterestIncome": "None", "interestIncome": "None", "interestExpense": "3205.85", "nonInterestIncome": "None", "otherNonOperatingIncome": "None", "depreciation": "None", "depreciationAndAmortization": "210000", "incomeBeforeTax": "-8678000", "incomeTaxExpense": "597000", "interestAndDebtExpense": "None", "netIncomeFromContinuingOperations": "25445000", "comprehensiveIncomeNetOfTax": "None", "ebit": "-6753000", "ebitda": "-6543000", "netIncome": "-8195000"}, {"fiscalDateEnding": "2017-03-31", "reportedCurrency": "EUR", "grossProfit": "7115912.76", "totalRevenue": "7115912.76", "costOfRevenue": "12196000", "costofGoodsAndServicesSold": "12196000", "operatingIncome": "-8972098.44", "sellingGeneralAndAdministrative": "3645048.57", "researchAndDevelopment": "13032838.56", "operatingExpenses": "16088011.20", "investmentIncomeNet": "None", "netInterestIncome": "None", "interestIncome": "None", "interestExpense": "3205.85", "nonInterestIncome": "None", "otherNonOperatingIncome": "None", "depreciation": "None", "depreciationAndAmortization": "-11754.77", "incomeBeforeTax": "-8987059.06", "incomeTaxExpense": "11754.77", "interestAndDebtExpense": "None", "netIncomeFromContinuingOperations": "-8410000", "comprehensiveIncomeNetOfTax": "None", "ebit": "-8960343.67", "ebitda": "-8972098.44", "netIncome": "-8987059.06"}, {"fiscalDateEnding": "2016-12-31", "reportedCurrency": "EUR", "grossProfit": "-10115000", "totalRevenue": "10179000", "costOfRevenue": "20294000", "costofGoodsAndServicesSold": "20294000", "operatingIncome": "-14802000", "sellingGeneralAndAdministrative": "3224000", "researchAndDevelopment": "20294000", "operatingExpenses": "3948000", "investmentIncomeNet": "None", "netInterestIncome": "None", "interestIncome": "None", "interestExpense": "0", "nonInterestIncome": "None", "otherNonOperatingIncome": "None", "depreciation": "None", "depreciationAndAmortization": "202913", "incomeBeforeTax": "-14018000", "incomeTaxExpense": "-39683.94", "interestAndDebtExpense": "None", "netIncomeFromContinuingOperations": "-21374000", "comprehensiveIncomeNetOfTax": "None", "ebit": "-14087913", "ebitda": "-13885000", "netIncome": "-14018000"}, {"fiscalDateEnding": "2016-09-30", "reportedCurrency": "EUR", "grossProfit": "5505215.56", "totalRevenue": "5505215.56", "costOfRevenue": "-15639000", "costofGoodsAndServicesSold": "-15639000", "operatingIncome": "-5925293.18", "sellingGeneralAndAdministrative": "2120427.40", "researchAndDevelopment": "10100117.71", "operatingExpenses": "11430508.74", "investmentIncomeNet": "None", "netInterestIncome": "None", "interestIncome": "None", "interestExpense": "0", "nonInterestIncome": "None", "otherNonOperatingIncome": "None", "depreciation": "None", "depreciationAndAmortization": "7824.53", "incomeBeforeTax": "-5917468.65", "incomeTaxExpense": "-7824.53", "interestAndDebtExpense": "None", "netIncomeFromContinuingOperations": "0", "comprehensiveIncomeNetOfTax": "None", "ebit": "-5922619.82", "ebitda": "-5914795.29", "netIncome": "-5917468.65"}, {"fiscalDateEnding": "2016-06-30", "reportedCurrency": "EUR", "grossProfit": "-4764000", "totalRevenue": "6973000", "costOfRevenue": "11263000", "costofGoodsAndServicesSold": "11263000", "operatingIncome": "-7353000", "sellingGeneralAndAdministrative": "3063000", "researchAndDevelopment": "12508000", "operatingExpenses": "3063000", "investmentIncomeNet": "None", "netInterestIncome": "None", "interestIncome": "None", "interestExpense": "0", "nonInterestIncome": "None", "otherNonOperatingIncome": "None", "depreciation": "None", "depreciationAndAmortization": "145000", "incomeBeforeTax": "-7356000", "incomeTaxExpense": "7870.30", "interestAndDebtExpense": "None", "netIncomeFromContinuingOperations": "0", "comprehensiveIncomeNetOfTax": "None", "ebit": "-7353000", "ebitda": "-7208000", "netIncome": "-7356000"}, {"fiscalDateEnding": "2016-03-31", "reportedCurrency": "EUR", "grossProfit": "2511446.58", "totalRevenue": "2511446.58", "costOfRevenue": "None", "costofGoodsAndServicesSold": "None", "operatingIncome": "-3370506.37", "sellingGeneralAndAdministrative": "1587787.30", "researchAndDevelopment": "4995693.37", "operatingExpenses": "5881952.94", "investmentIncomeNet": "None", "netInterestIncome": "None", "interestIncome": "None", "interestExpense": "None", "nonInterestIncome": "None", "otherNonOperatingIncome": "None", "depreciation": "None", "depreciationAndAmortization": "4533.30", "incomeBeforeTax": "-3365973.07", "incomeTaxExpense": "-4533.30", "interestAndDebtExpense": "None", "netIncomeFromContinuingOperations": "None", "comprehensiveIncomeNetOfTax": "None", "ebit": "-3331973.34", "ebitda": "-3327440.05", "netIncome": "-3365973.07"}, {"fiscalDateEnding": "2015-12-31", "reportedCurrency": "EUR", "grossProfit": "-6238000", "totalRevenue": "6090000", "costOfRevenue": "11351000", "costofGoodsAndServicesSold": "11351000", "operatingIncome": "-8355000", "sellingGeneralAndAdministrative": "2611000", "researchAndDevelopment": "12328000", "operatingExpenses": "2611000", "investmentIncomeNet": "None", "netInterestIncome": "None", "interestIncome": "None", "interestExpense": "24000", "nonInterestIncome": "None", "otherNonOperatingIncome": "None", "depreciation": "None", "depreciationAndAmortization": "106000", "incomeBeforeTax": "-8292000", "incomeTaxExpense": "-1125.20", "interestAndDebtExpense": "None", "netIncomeFromContinuingOperations": "-15312000", "comprehensiveIncomeNetOfTax": "None", "ebit": "-8355000", "ebitda": "-8249000", "netIncome": "-8292000"}, {"fiscalDateEnding": "2015-09-30", "reportedCurrency": "EUR", "grossProfit": "2567322.27", "totalRevenue": "2567322.27", "costOfRevenue": "None", "costofGoodsAndServicesSold": "None", "operatingIncome": "-3396054.09", "sellingGeneralAndAdministrative": "1168405.33", "researchAndDevelopment": "5564881.32", "operatingExpenses": "5962251.15", "investmentIncomeNet": "None", "netInterestIncome": "None", "interestIncome": "None", "interestExpense": "66681.21", "nonInterestIncome": "None", "otherNonOperatingIncome": "None", "depreciation": "None", "depreciationAndAmortization": "-67806.41", "incomeBeforeTax": "-3462735.30", "incomeTaxExpense": "1125.20", "interestAndDebtExpense": "None", "netIncomeFromContinuingOperations": "None", "comprehensiveIncomeNetOfTax": "None", "ebit": "-3315212.85", "ebitda": "-3383019.26", "netIncome": "-3463860.50"}, {"fiscalDateEnding": "2015-06-30", "reportedCurrency": "EUR", "grossProfit": "-4936000", "totalRevenue": "4348000", "costOfRevenue": "9284000", "costofGoodsAndServicesSold": "9284000", "operatingIncome": "-8076000", "sellingGeneralAndAdministrative": "2314000", "researchAndDevelopment": "10341000", "operatingExpenses": "2314000", "investmentIncomeNet": "None", "netInterestIncome": "None", "interestIncome": "None", "interestExpense": "11639.18", "nonInterestIncome": "None", "otherNonOperatingIncome": "None", "depreciation": "None", "depreciationAndAmortization": "85000", "incomeBeforeTax": "-7020000", "incomeTaxExpense": "1082.92", "interestAndDebtExpense": "None", "netIncomeFromContinuingOperations": "None", "comprehensiveIncomeNetOfTax": "None", "ebit": "-7250000", "ebitda": "-7165000", "netIncome": "-7020000"}, {"fiscalDateEnding": "2015-03-31", "reportedCurrency": "EUR", "grossProfit": "1310332.13", "totalRevenue": "1310332.13", "costOfRevenue": "None", "costofGoodsAndServicesSold": "None", "operatingIncome": "-3497828.75", "sellingGeneralAndAdministrative": "1196625.62", "researchAndDevelopment": "4277530.51", "operatingExpenses": "4809243.80", "investmentIncomeNet": "None", "netInterestIncome": "None", "interestIncome": "None", "interestExpense": "270729.78", "nonInterestIncome": "None", "otherNonOperatingIncome": "None", "depreciation": "None", "depreciationAndAmortization": "271812.70", "incomeBeforeTax": "-3227098.97", "incomeTaxExpense": "-1082.92", "interestAndDebtExpense": "None", "netIncomeFromContinuingOperations": "None", "comprehensiveIncomeNetOfTax": "None", "ebit": "-3943991.42", "ebitda": "-3672178.72", "netIncome": "-3226016.05"}, {"fiscalDateEnding": "2014-12-31", "reportedCurrency": "EUR", "grossProfit": "-4029000", "totalRevenue": "3732000", "costOfRevenue": "7761000", "costofGoodsAndServicesSold": "7761000", "operatingIncome": "-6093000", "sellingGeneralAndAdministrative": "2064000", "researchAndDevelopment": "7761000", "operatingExpenses": "2064000", "investmentIncomeNet": "None", "netInterestIncome": "None", "interestIncome": "None", "interestExpense": "None", "nonInterestIncome": "None", "otherNonOperatingIncome": "None", "depreciation": "None", "depreciationAndAmortization": "87000", "incomeBeforeTax": "-5744000", "incomeTaxExpense": "-106736.85", "interestAndDebtExpense": "None", "netIncomeFromContinuingOperations": "None", "comprehensiveIncomeNetOfTax": "None", "ebit": "-6093000", "ebitda": "-6006000", "netIncome": "-5744000"}, {"fiscalDateEnding": "2014-09-30", "reportedCurrency": "EUR", "grossProfit": "2008871.72", "totalRevenue": "2008871.72", "costOfRevenue": "None", "costofGoodsAndServicesSold": "None", "operatingIncome": "-2051121.06", "sellingGeneralAndAdministrative": "844623.38", "researchAndDevelopment": "3522685.25", "operatingExpenses": "4059992.79", "investmentIncomeNet": "None", "netInterestIncome": "None", "interestIncome": "None", "interestExpense": "None", "nonInterestIncome": "None", "otherNonOperatingIncome": "None", "depreciation": "None", "depreciationAndAmortization": "305789", "incomeBeforeTax": "-1745332.07", "incomeTaxExpense": "-305789", "interestAndDebtExpense": "None", "netIncomeFromContinuingOperations": "None", "comprehensiveIncomeNetOfTax": "None", "ebit": "-2632100.92", "ebitda": "-2326311.92", "netIncome": "-1745332.07"}, {"fiscalDateEnding": "2014-06-30", "reportedCurrency": "EUR", "grossProfit": "-3235000", "totalRevenue": "1645000", "costOfRevenue": "4880000", "costofGoodsAndServicesSold": "4880000", "operatingIncome": "-4650000", "sellingGeneralAndAdministrative": "1415000", "researchAndDevelopment": "4880000", "operatingExpenses": "1415000", "investmentIncomeNet": "None", "netInterestIncome": "None", "interestIncome": "None", "interestExpense": "None", "nonInterestIncome": "None", "otherNonOperatingIncome": "None", "depreciation": "None", "depreciationAndAmortization": "41000", "incomeBeforeTax": "-4570000", "incomeTaxExpense": "-61007.06", "interestAndDebtExpense": "None", "netIncomeFromContinuingOperations": "None", "comprehensiveIncomeNetOfTax": "None", "ebit": "-4650000", "ebitda": "-4609000", "netIncome": "-4570000"}, {"fiscalDateEnding": "2014-03-31", "reportedCurrency": "EUR", "grossProfit": "341000", "totalRevenue": "468986.38", "costOfRevenue": "127986.38", "costofGoodsAndServicesSold": "127986.38", "operatingIncome": "-2608994.64", "sellingGeneralAndAdministrative": "826571.31", "researchAndDevelopment": "2932196.40", "operatingExpenses": "3076605.69", "investmentIncomeNet": "None", "netInterestIncome": "None", "interestIncome": "None", "interestExpense": "None", "nonInterestIncome": "None", "otherNonOperatingIncome": "None", "depreciation": "None", "depreciationAndAmortization": "27506.53", "incomeBeforeTax": "-2560858.20", "incomeTaxExpense": "-174747.49", "interestAndDebtExpense": "None", "netIncomeFromContinuingOperations": "None", "comprehensiveIncomeNetOfTax": "None", "ebit": "-2607619.31", "ebitda": "-2580112.78", "netIncome": "-2560858.20"}, {"fiscalDateEnding": "2013-12-31", "reportedCurrency": "EUR", "grossProfit": "934372.58", "totalRevenue": "934372.58", "costOfRevenue": "None", "costofGoodsAndServicesSold": "None", "operatingIncome": "-2109519.83", "sellingGeneralAndAdministrative": "153975.71", "researchAndDevelopment": "3067343.23", "operatingExpenses": "3041162.13", "investmentIncomeNet": "None", "netInterestIncome": "None", "interestIncome": "None", "interestExpense": "None", "nonInterestIncome": "None", "otherNonOperatingIncome": "None", "depreciation": "None", "depreciationAndAmortization": "24706.13", "incomeBeforeTax": "-2084813.70", "incomeTaxExpense": "-24706.13", "interestAndDebtExpense": "None", "netIncomeFromContinuingOperations": "None", "comprehensiveIncomeNetOfTax": "None", "ebit": "-1939456.14", "ebitda": "-1914750.01", "netIncome": "-2084813.70"}, {"fiscalDateEnding": "2013-09-30", "reportedCurrency": "EUR", "grossProfit": "1671984.89", "totalRevenue": "1671984.89", "costOfRevenue": "None", "costofGoodsAndServicesSold": "None", "operatingIncome": "-97601.82", "sellingGeneralAndAdministrative": "753701.72", "researchAndDevelopment": "2739214.75", "operatingExpenses": "1772237.10", "investmentIncomeNet": "None", "netInterestIncome": "None", "interestIncome": "None", "interestExpense": "None", "nonInterestIncome": "None", "otherNonOperatingIncome": "None", "depreciation": "None", "depreciationAndAmortization": "-5089.71", "incomeBeforeTax": "-102691.52", "incomeTaxExpense": "5089.71", "interestAndDebtExpense": "None", "netIncomeFromContinuingOperations": "None", "comprehensiveIncomeNetOfTax": "None", "ebit": "-25235.70", "ebitda": "-30325.41", "netIncome": "-102691.52"}, {"fiscalDateEnding": "2013-06-30", "reportedCurrency": "EUR", "grossProfit": "530612.26", "totalRevenue": "530612.26", "costOfRevenue": "None", "costofGoodsAndServicesSold": "None", "operatingIncome": "-4000977.76", "sellingGeneralAndAdministrative": "756557.87", "researchAndDevelopment": "4124825.92", "operatingExpenses": "4531569.63", "investmentIncomeNet": "None", "netInterestIncome": "None", "interestIncome": "None", "interestExpense": "None", "nonInterestIncome": "None", "otherNonOperatingIncome": "None", "depreciation": "None", "depreciationAndAmortization": "34335.80", "incomeBeforeTax": "-3959443.62", "incomeTaxExpense": "-41534.14", "interestAndDebtExpense": "None", "netIncomeFromContinuingOperations": "None", "comprehensiveIncomeNetOfTax": "None", "ebit": "-3970324.78", "ebitda": "-3935988.98", "netIncome": "-3959443.62"}, {"fiscalDateEnding": "2013-03-31", "reportedCurrency": "EUR", "grossProfit": "437000", "totalRevenue": "559625.04", "costOfRevenue": "122625.04", "costofGoodsAndServicesSold": "122625.04", "operatingIncome": "-2394734.15", "sellingGeneralAndAdministrative": "532732.30", "researchAndDevelopment": "2982532.53", "operatingExpenses": "2953078.58", "investmentIncomeNet": "None", "netInterestIncome": "None", "interestIncome": "None", "interestExpense": "None", "nonInterestIncome": "None", "otherNonOperatingIncome": "None", "depreciation": "None", "depreciationAndAmortization": "32015.16", "incomeBeforeTax": "-2319178.36", "incomeTaxExpense": "-196900.22", "interestAndDebtExpense": "None", "netIncomeFromContinuingOperations": "None", "comprehensiveIncomeNetOfTax": "None", "ebit": "-2430591.13", "ebitda": "-2398575.97", "netIncome": "-2319178.36"}]}