{"symbol": "ALEC", "annualReports": [{"fiscalDateEnding": "2024-12-31", "reportedCurrency": "USD", "grossProfit": "100558000", "totalRevenue": "100558000", "costOfRevenue": "8841000", "costofGoodsAndServicesSold": "8841000", "operatingIncome": "-144997000", "sellingGeneralAndAdministrative": "59615000", "researchAndDevelopment": "185940000", "operatingExpenses": "245555000", "investmentIncomeNet": "None", "netInterestIncome": "None", "interestIncome": "None", "interestExpense": "None", "nonInterestIncome": "None", "otherNonOperatingIncome": "None", "depreciation": "None", "depreciationAndAmortization": "8841000", "incomeBeforeTax": "-118921000", "incomeTaxExpense": "128000", "interestAndDebtExpense": "None", "netIncomeFromContinuingOperations": "-119049000", "comprehensiveIncomeNetOfTax": "None", "ebit": "-144997000", "ebitda": "-136156000", "netIncome": "-119049000"}, {"fiscalDateEnding": "2023-12-31", "reportedCurrency": "USD", "grossProfit": "88214000", "totalRevenue": "97062000", "costOfRevenue": "8848000", "costofGoodsAndServicesSold": "8848000", "operatingIncome": "-151740000", "sellingGeneralAndAdministrative": "56687000", "researchAndDevelopment": "192115000", "operatingExpenses": "239954000", "investmentIncomeNet": "None", "netInterestIncome": "None", "interestIncome": "None", "interestExpense": "None", "nonInterestIncome": "None", "otherNonOperatingIncome": "None", "depreciation": "None", "depreciationAndAmortization": "8848000", "incomeBeforeTax": "-125179000", "incomeTaxExpense": "5212000", "interestAndDebtExpense": "None", "netIncomeFromContinuingOperations": "-141385000", "comprehensiveIncomeNetOfTax": "None", "ebit": "-151740000", "ebitda": "-142892000", "netIncome": "-130391000"}, {"fiscalDateEnding": "2022-12-31", "reportedCurrency": "USD", "grossProfit": "133617000", "totalRevenue": "133617000", "costOfRevenue": "8472000", "costofGoodsAndServicesSold": "8472000", "operatingIncome": "-137834000", "sellingGeneralAndAdministrative": "61033000", "researchAndDevelopment": "210418000", "operatingExpenses": "271451000", "investmentIncomeNet": "None", "netInterestIncome": "None", "interestIncome": "None", "interestExpense": "16250000", "nonInterestIncome": "None", "otherNonOperatingIncome": "None", "depreciation": "None", "depreciationAndAmortization": "8472000", "incomeBeforeTax": "-130056000", "incomeTaxExpense": "3254000", "interestAndDebtExpense": "None", "netIncomeFromContinuingOperations": "-133310000", "comprehensiveIncomeNetOfTax": "None", "ebit": "-137834000", "ebitda": "-129362000", "netIncome": "-133310000"}, {"fiscalDateEnding": "2021-12-31", "reportedCurrency": "USD", "grossProfit": "207085000", "totalRevenue": "207085000", "costOfRevenue": "189407000", "costofGoodsAndServicesSold": "189407000", "operatingIncome": "-37360000", "sellingGeneralAndAdministrative": "55038000", "researchAndDevelopment": "189407000", "operatingExpenses": "244445000", "investmentIncomeNet": "None", "netInterestIncome": "None", "interestIncome": "None", "interestExpense": "8315000", "nonInterestIncome": "None", "otherNonOperatingIncome": "1031000", "depreciation": "None", "depreciationAndAmortization": "8315000", "incomeBeforeTax": "-36329000", "incomeTaxExpense": "-8315000", "interestAndDebtExpense": "None", "netIncomeFromContinuingOperations": "-36329000", "comprehensiveIncomeNetOfTax": "None", "ebit": "-37360000", "ebitda": "-29045000", "netIncome": "-28014000"}, {"fiscalDateEnding": "2020-12-31", "reportedCurrency": "USD", "grossProfit": "21098000", "totalRevenue": "21098000", "costOfRevenue": "156869000", "costofGoodsAndServicesSold": "156869000", "operatingIncome": "-195174000", "sellingGeneralAndAdministrative": "59403000", "researchAndDevelopment": "156869000", "operatingExpenses": "216272000", "investmentIncomeNet": "None", "netInterestIncome": "None", "interestIncome": "None", "interestExpense": "0", "nonInterestIncome": "None", "otherNonOperatingIncome": "4946000", "depreciation": "None", "depreciationAndAmortization": "7265000", "incomeBeforeTax": "-190228000", "incomeTaxExpense": "-7265000", "interestAndDebtExpense": "None", "netIncomeFromContinuingOperations": "-190228000", "comprehensiveIncomeNetOfTax": "None", "ebit": "-195174000", "ebitda": "-187909000", "netIncome": "-182963000"}, {"fiscalDateEnding": "2019-12-31", "reportedCurrency": "USD", "grossProfit": "21219000", "totalRevenue": "21219000", "costOfRevenue": "100528000", "costofGoodsAndServicesSold": "100528000", "operatingIncome": "-114404000", "sellingGeneralAndAdministrative": "35095000", "researchAndDevelopment": "100528000", "operatingExpenses": "135623000", "investmentIncomeNet": "None", "netInterestIncome": "None", "interestIncome": "None", "interestExpense": "0", "nonInterestIncome": "None", "otherNonOperatingIncome": "9019000", "depreciation": "None", "depreciationAndAmortization": "5574000", "incomeBeforeTax": "-105385000", "incomeTaxExpense": "-5574000", "interestAndDebtExpense": "None", "netIncomeFromContinuingOperations": "-105385000", "comprehensiveIncomeNetOfTax": "None", "ebit": "-114404000", "ebitda": "-108830000", "netIncome": "-99811000"}, {"fiscalDateEnding": "2018-12-31", "reportedCurrency": "USD", "grossProfit": "27677000", "totalRevenue": "27677000", "costOfRevenue": "73031000", "costofGoodsAndServicesSold": "73031000", "operatingIncome": "-57288000", "sellingGeneralAndAdministrative": "11934000", "researchAndDevelopment": "73031000", "operatingExpenses": "84965000", "investmentIncomeNet": "None", "netInterestIncome": "None", "interestIncome": "None", "interestExpense": "0", "nonInterestIncome": "None", "otherNonOperatingIncome": "None", "depreciation": "None", "depreciationAndAmortization": "1019000", "incomeBeforeTax": "-52248000", "incomeTaxExpense": "5040000", "interestAndDebtExpense": "None", "netIncomeFromContinuingOperations": "-52248000", "comprehensiveIncomeNetOfTax": "None", "ebit": "-57288000", "ebitda": "-56269000", "netIncome": "-52248000"}, {"fiscalDateEnding": "2017-12-31", "reportedCurrency": "USD", "grossProfit": "-26176000", "totalRevenue": "3735000", "costOfRevenue": "29911000", "costofGoodsAndServicesSold": "29911000", "operatingIncome": "-32679000", "sellingGeneralAndAdministrative": "6503000", "researchAndDevelopment": "29911000", "operatingExpenses": "36414000", "investmentIncomeNet": "None", "netInterestIncome": "None", "interestIncome": "None", "interestExpense": "0", "nonInterestIncome": "None", "otherNonOperatingIncome": "None", "depreciation": "None", "depreciationAndAmortization": "680000", "incomeBeforeTax": "-32480000", "incomeTaxExpense": "0", "interestAndDebtExpense": "None", "netIncomeFromContinuingOperations": "-32480000", "comprehensiveIncomeNetOfTax": "None", "ebit": "-32679000", "ebitda": "-31999000", "netIncome": "-32480000"}, {"fiscalDateEnding": "2016-12-31", "reportedCurrency": "USD", "grossProfit": "-13258000", "totalRevenue": "416000", "costOfRevenue": "13674000", "costofGoodsAndServicesSold": "13674000", "operatingIncome": "-15132000", "sellingGeneralAndAdministrative": "1874000", "researchAndDevelopment": "13674000", "operatingExpenses": "15548000", "investmentIncomeNet": "None", "netInterestIncome": "None", "interestIncome": "None", "interestExpense": "0", "nonInterestIncome": "None", "otherNonOperatingIncome": "None", "depreciation": "None", "depreciationAndAmortization": "201000", "incomeBeforeTax": "-15110000", "incomeTaxExpense": "0", "interestAndDebtExpense": "None", "netIncomeFromContinuingOperations": "-15110000", "comprehensiveIncomeNetOfTax": "None", "ebit": "-15132000", "ebitda": "-14931000", "netIncome": "-15110000"}], "quarterlyReports": [{"fiscalDateEnding": "2025-09-30", "reportedCurrency": "USD", "grossProfit": "3260000", "totalRevenue": "3260000", "costOfRevenue": "None", "costofGoodsAndServicesSold": "None", "operatingIncome": "-37608000", "sellingGeneralAndAdministrative": "11518000", "researchAndDevelopment": "30650000", "operatingExpenses": "40868000", "investmentIncomeNet": "None", "netInterestIncome": "None", "interestIncome": "None", "interestExpense": "None", "nonInterestIncome": "None", "otherNonOperatingIncome": "None", "depreciation": "None", "depreciationAndAmortization": "1237000", "incomeBeforeTax": "-34667000", "incomeTaxExpense": "None", "interestAndDebtExpense": "None", "netIncomeFromContinuingOperations": "-34667000", "comprehensiveIncomeNetOfTax": "None", "ebit": "-34667000", "ebitda": "-33430000", "netIncome": "-34667000"}, {"fiscalDateEnding": "2025-06-30", "reportedCurrency": "USD", "grossProfit": "7874000", "totalRevenue": "7874000", "costOfRevenue": "3222000", "costofGoodsAndServicesSold": "3222000", "operatingIncome": "-34138000", "sellingGeneralAndAdministrative": "14401000", "researchAndDevelopment": "27611000", "operatingExpenses": "42012000", "investmentIncomeNet": "None", "netInterestIncome": "None", "interestIncome": "None", "interestExpense": "None", "nonInterestIncome": "None", "otherNonOperatingIncome": "None", "depreciation": "None", "depreciationAndAmortization": "3222000", "incomeBeforeTax": "-30524000", "incomeTaxExpense": "None", "interestAndDebtExpense": "None", "netIncomeFromContinuingOperations": "-30524000", "comprehensiveIncomeNetOfTax": "None", "ebit": "-34138000", "ebitda": "-30916000", "netIncome": "-30524000"}, {"fiscalDateEnding": "2025-03-31", "reportedCurrency": "USD", "grossProfit": "3674000", "totalRevenue": "3674000", "costOfRevenue": "None", "costofGoodsAndServicesSold": "None", "operatingIncome": "-44695000", "sellingGeneralAndAdministrative": "14728000", "researchAndDevelopment": "33641000", "operatingExpenses": "48369000", "investmentIncomeNet": "None", "netInterestIncome": "None", "interestIncome": "None", "interestExpense": "None", "nonInterestIncome": "None", "otherNonOperatingIncome": "None", "depreciation": "None", "depreciationAndAmortization": "1848000", "incomeBeforeTax": "-40471000", "incomeTaxExpense": "None", "interestAndDebtExpense": "None", "netIncomeFromContinuingOperations": "-40471000", "comprehensiveIncomeNetOfTax": "None", "ebit": "-44695000", "ebitda": "-42847000", "netIncome": "-40471000"}, {"fiscalDateEnding": "2024-12-31", "reportedCurrency": "USD", "grossProfit": "7779000", "totalRevenue": "54240000", "costOfRevenue": "46461000", "costofGoodsAndServicesSold": "46461000", "operatingIncome": "-7249000", "sellingGeneralAndAdministrative": "15028000", "researchAndDevelopment": "48742000", "operatingExpenses": "15028000", "investmentIncomeNet": "None", "netInterestIncome": "None", "interestIncome": "None", "interestExpense": "None", "nonInterestIncome": "None", "otherNonOperatingIncome": "None", "depreciation": "None", "depreciationAndAmortization": "2078000", "incomeBeforeTax": "-2026000", "incomeTaxExpense": "48000", "interestAndDebtExpense": "None", "netIncomeFromContinuingOperations": "-2074000", "comprehensiveIncomeNetOfTax": "None", "ebit": "-7249000", "ebitda": "-5171000", "netIncome": "-2074000"}, {"fiscalDateEnding": "2024-09-30", "reportedCurrency": "USD", "grossProfit": "15342000", "totalRevenue": "15342000", "costOfRevenue": "2191000", "costofGoodsAndServicesSold": "2191000", "operatingIncome": "-48434000", "sellingGeneralAndAdministrative": "15778000", "researchAndDevelopment": "47998000", "operatingExpenses": "63776000", "investmentIncomeNet": "None", "netInterestIncome": "None", "interestIncome": "None", "interestExpense": "None", "nonInterestIncome": "None", "otherNonOperatingIncome": "None", "depreciation": "None", "depreciationAndAmortization": "2191000", "incomeBeforeTax": "-42220000", "incomeTaxExpense": "None", "interestAndDebtExpense": "None", "netIncomeFromContinuingOperations": "-42220000", "comprehensiveIncomeNetOfTax": "None", "ebit": "-48434000", "ebitda": "-46243000", "netIncome": "-42220000"}, {"fiscalDateEnding": "2024-06-30", "reportedCurrency": "USD", "grossProfit": "12802000", "totalRevenue": "15083000", "costOfRevenue": "2281000", "costofGoodsAndServicesSold": "2281000", "operatingIncome": "-45606000", "sellingGeneralAndAdministrative": "14375000", "researchAndDevelopment": "44033000", "operatingExpenses": "58408000", "investmentIncomeNet": "None", "netInterestIncome": "None", "interestIncome": "None", "interestExpense": "None", "nonInterestIncome": "None", "otherNonOperatingIncome": "None", "depreciation": "None", "depreciationAndAmortization": "2281000", "incomeBeforeTax": "-38603000", "incomeTaxExpense": "73000", "interestAndDebtExpense": "None", "netIncomeFromContinuingOperations": "-38676000", "comprehensiveIncomeNetOfTax": "None", "ebit": "-45606000", "ebitda": "-43325000", "netIncome": "-38676000"}, {"fiscalDateEnding": "2024-03-31", "reportedCurrency": "USD", "grossProfit": "13602000", "totalRevenue": "15893000", "costOfRevenue": "2291000", "costofGoodsAndServicesSold": "2291000", "operatingIncome": "-43708000", "sellingGeneralAndAdministrative": "14434000", "researchAndDevelopment": "42876000", "operatingExpenses": "57310000", "investmentIncomeNet": "None", "netInterestIncome": "None", "interestIncome": "None", "interestExpense": "None", "nonInterestIncome": "None", "otherNonOperatingIncome": "None", "depreciation": "None", "depreciationAndAmortization": "2291000", "incomeBeforeTax": "-36072000", "incomeTaxExpense": "7000", "interestAndDebtExpense": "None", "netIncomeFromContinuingOperations": "-36079000", "comprehensiveIncomeNetOfTax": "None", "ebit": "-43708000", "ebitda": "-41417000", "netIncome": "-36079000"}, {"fiscalDateEnding": "2023-12-31", "reportedCurrency": "USD", "grossProfit": "12932000", "totalRevenue": "15190000", "costOfRevenue": "2258000", "costofGoodsAndServicesSold": "2258000", "operatingIncome": "-47453000", "sellingGeneralAndAdministrative": "14920000", "researchAndDevelopment": "45465000", "operatingExpenses": "60385000", "investmentIncomeNet": "None", "netInterestIncome": "None", "interestIncome": "None", "interestExpense": "5159000", "nonInterestIncome": "None", "otherNonOperatingIncome": "None", "depreciation": "None", "depreciationAndAmortization": "2258000", "incomeBeforeTax": "-39768000", "incomeTaxExpense": "1666000", "interestAndDebtExpense": "None", "netIncomeFromContinuingOperations": "-41434000", "comprehensiveIncomeNetOfTax": "None", "ebit": "-47453000", "ebitda": "-45195000", "netIncome": "-41434000"}, {"fiscalDateEnding": "2023-09-30", "reportedCurrency": "USD", "grossProfit": "-37219000", "totalRevenue": "9109000", "costOfRevenue": "46328000", "costofGoodsAndServicesSold": "46328000", "operatingIncome": "-50583000", "sellingGeneralAndAdministrative": "13364000", "researchAndDevelopment": "54128000", "operatingExpenses": "13364000", "investmentIncomeNet": "None", "netInterestIncome": "None", "interestIncome": "None", "interestExpense": "None", "nonInterestIncome": "None", "otherNonOperatingIncome": "None", "depreciation": "None", "depreciationAndAmortization": "1464000", "incomeBeforeTax": "-43223000", "incomeTaxExpense": "1252000", "interestAndDebtExpense": "None", "netIncomeFromContinuingOperations": "-44475000", "comprehensiveIncomeNetOfTax": "None", "ebit": "-50583000", "ebitda": "-49119000", "netIncome": "-44475000"}, {"fiscalDateEnding": "2023-06-30", "reportedCurrency": "USD", "grossProfit": "10037000", "totalRevenue": "56214000", "costOfRevenue": "46177000", "costofGoodsAndServicesSold": "46177000", "operatingIncome": "-3589000", "sellingGeneralAndAdministrative": "13626000", "researchAndDevelopment": "55077000", "operatingExpenses": "13626000", "investmentIncomeNet": "None", "netInterestIncome": "None", "interestIncome": "None", "interestExpense": "None", "nonInterestIncome": "None", "otherNonOperatingIncome": "None", "depreciation": "None", "depreciationAndAmortization": "1464000", "incomeBeforeTax": "2768000", "incomeTaxExpense": "1393000", "interestAndDebtExpense": "None", "netIncomeFromContinuingOperations": "1375000", "comprehensiveIncomeNetOfTax": "None", "ebit": "-3589000", "ebitda": "-2125000", "netIncome": "1375000"}, {"fiscalDateEnding": "2023-03-31", "reportedCurrency": "USD", "grossProfit": "-35338000", "totalRevenue": "16549000", "costOfRevenue": "51887000", "costofGoodsAndServicesSold": "51887000", "operatingIncome": "-50115000", "sellingGeneralAndAdministrative": "14777000", "researchAndDevelopment": "53987000", "operatingExpenses": "14777000", "investmentIncomeNet": "None", "netInterestIncome": "None", "interestIncome": "None", "interestExpense": "5159000", "nonInterestIncome": "None", "otherNonOperatingIncome": "5159000", "depreciation": "None", "depreciationAndAmortization": "1360000", "incomeBeforeTax": "-44956000", "incomeTaxExpense": "901000", "interestAndDebtExpense": "None", "netIncomeFromContinuingOperations": "-45857000", "comprehensiveIncomeNetOfTax": "None", "ebit": "-50115000", "ebitda": "-48755000", "netIncome": "-45857000"}, {"fiscalDateEnding": "2022-12-31", "reportedCurrency": "USD", "grossProfit": "-40053000", "totalRevenue": "14440000", "costOfRevenue": "54493000", "costofGoodsAndServicesSold": "54493000", "operatingIncome": "-55438000", "sellingGeneralAndAdministrative": "15385000", "researchAndDevelopment": "57093000", "operatingExpenses": "15385000", "investmentIncomeNet": "None", "netInterestIncome": "None", "interestIncome": "None", "interestExpense": "5844000", "nonInterestIncome": "None", "otherNonOperatingIncome": "None", "depreciation": "None", "depreciationAndAmortization": "1394000", "incomeBeforeTax": "-51707000", "incomeTaxExpense": "721000", "interestAndDebtExpense": "None", "netIncomeFromContinuingOperations": "-52428000", "comprehensiveIncomeNetOfTax": "None", "ebit": "-55438000", "ebitda": "-54044000", "netIncome": "-52428000"}, {"fiscalDateEnding": "2022-09-30", "reportedCurrency": "USD", "grossProfit": "-33496000", "totalRevenue": "14852000", "costOfRevenue": "48348000", "costofGoodsAndServicesSold": "48348000", "operatingIncome": "-47748000", "sellingGeneralAndAdministrative": "14252000", "researchAndDevelopment": "51748000", "operatingExpenses": "14252000", "investmentIncomeNet": "None", "netInterestIncome": "None", "interestIncome": "None", "interestExpense": "2333000", "nonInterestIncome": "None", "otherNonOperatingIncome": "2333000", "depreciation": "None", "depreciationAndAmortization": "1347000", "incomeBeforeTax": "-45415000", "incomeTaxExpense": "733000", "interestAndDebtExpense": "None", "netIncomeFromContinuingOperations": "-46148000", "comprehensiveIncomeNetOfTax": "None", "ebit": "-47748000", "ebitda": "-46401000", "netIncome": "-46148000"}, {"fiscalDateEnding": "2022-06-30", "reportedCurrency": "USD", "grossProfit": "25317000", "totalRevenue": "79851000", "costOfRevenue": "54534000", "costofGoodsAndServicesSold": "54534000", "operatingIncome": "9475000", "sellingGeneralAndAdministrative": "15842000", "researchAndDevelopment": "57834000", "operatingExpenses": "15842000", "investmentIncomeNet": "None", "netInterestIncome": "None", "interestIncome": "None", "interestExpense": "1450000", "nonInterestIncome": "None", "otherNonOperatingIncome": "1450000", "depreciation": "None", "depreciationAndAmortization": "1384000", "incomeBeforeTax": "10925000", "incomeTaxExpense": "1042000", "interestAndDebtExpense": "None", "netIncomeFromContinuingOperations": "9883000", "comprehensiveIncomeNetOfTax": "None", "ebit": "9475000", "ebitda": "10859000", "netIncome": "9883000"}, {"fiscalDateEnding": "2022-03-31", "reportedCurrency": "USD", "grossProfit": "-28569000", "totalRevenue": "24474000", "costOfRevenue": "53043000", "costofGoodsAndServicesSold": "53043000", "operatingIncome": "-44123000", "sellingGeneralAndAdministrative": "15554000", "researchAndDevelopment": "53043000", "operatingExpenses": "15554000", "investmentIncomeNet": "None", "netInterestIncome": "None", "interestIncome": "None", "interestExpense": "264000", "nonInterestIncome": "None", "otherNonOperatingIncome": "264000", "depreciation": "None", "depreciationAndAmortization": "1589000", "incomeBeforeTax": "-43859000", "incomeTaxExpense": "758000", "interestAndDebtExpense": "None", "netIncomeFromContinuingOperations": "-44617000", "comprehensiveIncomeNetOfTax": "None", "ebit": "-44123000", "ebitda": "-42534000", "netIncome": "-44617000"}, {"fiscalDateEnding": "2021-12-31", "reportedCurrency": "USD", "grossProfit": "-38796000", "totalRevenue": "13994000", "costOfRevenue": "52790000", "costofGoodsAndServicesSold": "52790000", "operatingIncome": "-55729000", "sellingGeneralAndAdministrative": "16933000", "researchAndDevelopment": "59990000", "operatingExpenses": "16933000", "investmentIncomeNet": "None", "netInterestIncome": "None", "interestIncome": "None", "interestExpense": "None", "nonInterestIncome": "None", "otherNonOperatingIncome": "121000", "depreciation": "None", "depreciationAndAmortization": "1594000", "incomeBeforeTax": "-55608000", "incomeTaxExpense": "-2146000", "interestAndDebtExpense": "None", "netIncomeFromContinuingOperations": "-55608000", "comprehensiveIncomeNetOfTax": "None", "ebit": "-55729000", "ebitda": "-54135000", "netIncome": "-55608000"}, {"fiscalDateEnding": "2021-09-30", "reportedCurrency": "USD", "grossProfit": "139347000", "totalRevenue": "182413000", "costOfRevenue": "43066000", "costofGoodsAndServicesSold": "43066000", "operatingIncome": "126329000", "sellingGeneralAndAdministrative": "13018000", "researchAndDevelopment": "44666000", "operatingExpenses": "13018000", "investmentIncomeNet": "None", "netInterestIncome": "None", "interestIncome": "None", "interestExpense": "None", "nonInterestIncome": "None", "otherNonOperatingIncome": "268000", "depreciation": "None", "depreciationAndAmortization": "1605000", "incomeBeforeTax": "126597000", "incomeTaxExpense": "None", "interestAndDebtExpense": "None", "netIncomeFromContinuingOperations": "126597000", "comprehensiveIncomeNetOfTax": "None", "ebit": "126329000", "ebitda": "127934000", "netIncome": "126597000"}, {"fiscalDateEnding": "2021-06-30", "reportedCurrency": "USD", "grossProfit": "-41250000", "totalRevenue": "6568000", "costOfRevenue": "47818000", "costofGoodsAndServicesSold": "47818000", "operatingIncome": "-55325000", "sellingGeneralAndAdministrative": "14075000", "researchAndDevelopment": "47818000", "operatingExpenses": "14075000", "investmentIncomeNet": "None", "netInterestIncome": "None", "interestIncome": "None", "interestExpense": "None", "nonInterestIncome": "None", "otherNonOperatingIncome": "178000", "depreciation": "None", "depreciationAndAmortization": "1589000", "incomeBeforeTax": "-55147000", "incomeTaxExpense": "1", "interestAndDebtExpense": "None", "netIncomeFromContinuingOperations": "-55147000", "comprehensiveIncomeNetOfTax": "None", "ebit": "-55325000", "ebitda": "-53736000", "netIncome": "-55147000"}, {"fiscalDateEnding": "2021-03-31", "reportedCurrency": "USD", "grossProfit": "-41623000", "totalRevenue": "4110000", "costOfRevenue": "45733000", "costofGoodsAndServicesSold": "45733000", "operatingIncome": "-52635000", "sellingGeneralAndAdministrative": "11012000", "researchAndDevelopment": "45733000", "operatingExpenses": "11012000", "investmentIncomeNet": "None", "netInterestIncome": "None", "interestIncome": "None", "interestExpense": "None", "nonInterestIncome": "None", "otherNonOperatingIncome": "464000", "depreciation": "None", "depreciationAndAmortization": "1541000", "incomeBeforeTax": "-52171000", "incomeTaxExpense": "1", "interestAndDebtExpense": "None", "netIncomeFromContinuingOperations": "-52171000", "comprehensiveIncomeNetOfTax": "None", "ebit": "-52635000", "ebitda": "-51094000", "netIncome": "-52171000"}, {"fiscalDateEnding": "2020-12-31", "reportedCurrency": "USD", "grossProfit": "-39530000", "totalRevenue": "4853000", "costOfRevenue": "44383000", "costofGoodsAndServicesSold": "44383000", "operatingIncome": "-52758000", "sellingGeneralAndAdministrative": "13228000", "researchAndDevelopment": "44383000", "operatingExpenses": "13228000", "investmentIncomeNet": "None", "netInterestIncome": "None", "interestIncome": "None", "interestExpense": "None", "nonInterestIncome": "None", "otherNonOperatingIncome": "579000", "depreciation": "None", "depreciationAndAmortization": "1503000", "incomeBeforeTax": "-52179000", "incomeTaxExpense": "-1964000", "interestAndDebtExpense": "None", "netIncomeFromContinuingOperations": "-52179000", "comprehensiveIncomeNetOfTax": "None", "ebit": "-52758000", "ebitda": "-51255000", "netIncome": "-52179000"}, {"fiscalDateEnding": "2020-09-30", "reportedCurrency": "USD", "grossProfit": "-37915000", "totalRevenue": "5904000", "costOfRevenue": "43819000", "costofGoodsAndServicesSold": "43819000", "operatingIncome": "-53749000", "sellingGeneralAndAdministrative": "15834000", "researchAndDevelopment": "43819000", "operatingExpenses": "15834000", "investmentIncomeNet": "None", "netInterestIncome": "None", "interestIncome": "None", "interestExpense": "None", "nonInterestIncome": "None", "otherNonOperatingIncome": "1045000", "depreciation": "None", "depreciationAndAmortization": "1464000", "incomeBeforeTax": "-52704000", "incomeTaxExpense": "None", "interestAndDebtExpense": "None", "netIncomeFromContinuingOperations": "-52704000", "comprehensiveIncomeNetOfTax": "None", "ebit": "-53749000", "ebitda": "-52285000", "netIncome": "-52704000"}, {"fiscalDateEnding": "2020-06-30", "reportedCurrency": "USD", "grossProfit": "-30892000", "totalRevenue": "3170000", "costOfRevenue": "34062000", "costofGoodsAndServicesSold": "34062000", "operatingIncome": "-46589000", "sellingGeneralAndAdministrative": "15697000", "researchAndDevelopment": "34062000", "operatingExpenses": "15697000", "investmentIncomeNet": "None", "netInterestIncome": "None", "interestIncome": "None", "interestExpense": "None", "nonInterestIncome": "None", "otherNonOperatingIncome": "1263000", "depreciation": "None", "depreciationAndAmortization": "1457000", "incomeBeforeTax": "-45326000", "incomeTaxExpense": "None", "interestAndDebtExpense": "None", "netIncomeFromContinuingOperations": "-45326000", "comprehensiveIncomeNetOfTax": "None", "ebit": "-46589000", "ebitda": "-45132000", "netIncome": "-45326000"}, {"fiscalDateEnding": "2020-03-31", "reportedCurrency": "USD", "grossProfit": "-27434000", "totalRevenue": "7171000", "costOfRevenue": "34605000", "costofGoodsAndServicesSold": "34605000", "operatingIncome": "-42078000", "sellingGeneralAndAdministrative": "14644000", "researchAndDevelopment": "34605000", "operatingExpenses": "14644000", "investmentIncomeNet": "None", "netInterestIncome": "None", "interestIncome": "None", "interestExpense": "None", "nonInterestIncome": "None", "otherNonOperatingIncome": "2059000", "depreciation": "None", "depreciationAndAmortization": "1446000", "incomeBeforeTax": "-40019000", "incomeTaxExpense": "None", "interestAndDebtExpense": "None", "netIncomeFromContinuingOperations": "-40019000", "comprehensiveIncomeNetOfTax": "None", "ebit": "-42078000", "ebitda": "-40632000", "netIncome": "-40019000"}, {"fiscalDateEnding": "2019-12-31", "reportedCurrency": "USD", "grossProfit": "-19761000", "totalRevenue": "6001000", "costOfRevenue": "25762000", "costofGoodsAndServicesSold": "25762000", "operatingIncome": "-32342000", "sellingGeneralAndAdministrative": "11423000", "researchAndDevelopment": "25762000", "operatingExpenses": "12581000", "investmentIncomeNet": "None", "netInterestIncome": "None", "interestIncome": "None", "interestExpense": "None", "nonInterestIncome": "None", "otherNonOperatingIncome": "None", "depreciation": "None", "depreciationAndAmortization": "1378000", "incomeBeforeTax": "-30527000", "incomeTaxExpense": "-3177000", "interestAndDebtExpense": "None", "netIncomeFromContinuingOperations": "-30527000", "comprehensiveIncomeNetOfTax": "None", "ebit": "-31184000", "ebitda": "-29806000", "netIncome": "-30527000"}, {"fiscalDateEnding": "2019-09-30", "reportedCurrency": "USD", "grossProfit": "-25823000", "totalRevenue": "2696000", "costOfRevenue": "28519000", "costofGoodsAndServicesSold": "28519000", "operatingIncome": "-34149000", "sellingGeneralAndAdministrative": "8326000", "researchAndDevelopment": "28519000", "operatingExpenses": "36845000", "investmentIncomeNet": "None", "netInterestIncome": "None", "interestIncome": "None", "interestExpense": "None", "nonInterestIncome": "None", "otherNonOperatingIncome": "2411000", "depreciation": "None", "depreciationAndAmortization": "1571000", "incomeBeforeTax": "-31738000", "incomeTaxExpense": "-293000", "interestAndDebtExpense": "None", "netIncomeFromContinuingOperations": "-31738000", "comprehensiveIncomeNetOfTax": "None", "ebit": "-34442000", "ebitda": "-32871000", "netIncome": "-31738000"}, {"fiscalDateEnding": "2019-06-30", "reportedCurrency": "USD", "grossProfit": "-18723000", "totalRevenue": "6917000", "costOfRevenue": "25640000", "costofGoodsAndServicesSold": "25640000", "operatingIncome": "-27152000", "sellingGeneralAndAdministrative": "8429000", "researchAndDevelopment": "25640000", "operatingExpenses": "34069000", "investmentIncomeNet": "None", "netInterestIncome": "None", "interestIncome": "None", "interestExpense": "None", "nonInterestIncome": "None", "otherNonOperatingIncome": "2592000", "depreciation": "None", "depreciationAndAmortization": "1270000", "incomeBeforeTax": "-24560000", "incomeTaxExpense": "-449000", "interestAndDebtExpense": "None", "netIncomeFromContinuingOperations": "-24560000", "comprehensiveIncomeNetOfTax": "None", "ebit": "-28422000", "ebitda": "-27152000", "netIncome": "-24560000"}, {"fiscalDateEnding": "2019-03-31", "reportedCurrency": "USD", "grossProfit": "-15002000", "totalRevenue": "5605000", "costOfRevenue": "20607000", "costofGoodsAndServicesSold": "20607000", "operatingIncome": "-20761000", "sellingGeneralAndAdministrative": "5759000", "researchAndDevelopment": "20607000", "operatingExpenses": "26366000", "investmentIncomeNet": "None", "netInterestIncome": "None", "interestIncome": "None", "interestExpense": "None", "nonInterestIncome": "None", "otherNonOperatingIncome": "2201000", "depreciation": "None", "depreciationAndAmortization": "1066000", "incomeBeforeTax": "-18560000", "incomeTaxExpense": "-768000", "interestAndDebtExpense": "None", "netIncomeFromContinuingOperations": "-18560000", "comprehensiveIncomeNetOfTax": "None", "ebit": "-21827000", "ebitda": "-20761000", "netIncome": "-18560000"}, {"fiscalDateEnding": "2018-12-31", "reportedCurrency": "USD", "grossProfit": "-14952000", "totalRevenue": "9145000", "costOfRevenue": "24097000", "costofGoodsAndServicesSold": "24097000", "operatingIncome": "-19017000", "sellingGeneralAndAdministrative": "4065000", "researchAndDevelopment": "24097000", "operatingExpenses": "28162000", "investmentIncomeNet": "None", "netInterestIncome": "None", "interestIncome": "None", "interestExpense": "None", "nonInterestIncome": "None", "otherNonOperatingIncome": "None", "depreciation": "None", "depreciationAndAmortization": "276000", "incomeBeforeTax": "-17373000", "incomeTaxExpense": "-276000", "interestAndDebtExpense": "None", "netIncomeFromContinuingOperations": "-17373000", "comprehensiveIncomeNetOfTax": "None", "ebit": "-19017000", "ebitda": "-18741000", "netIncome": "-17373000"}, {"fiscalDateEnding": "2018-09-30", "reportedCurrency": "USD", "grossProfit": "-13889000", "totalRevenue": "6503000", "costOfRevenue": "20392000", "costofGoodsAndServicesSold": "20392000", "operatingIncome": "-16815000", "sellingGeneralAndAdministrative": "2926000", "researchAndDevelopment": "20392000", "operatingExpenses": "23318000", "investmentIncomeNet": "None", "netInterestIncome": "None", "interestIncome": "None", "interestExpense": "None", "nonInterestIncome": "None", "otherNonOperatingIncome": "None", "depreciation": "None", "depreciationAndAmortization": "279000", "incomeBeforeTax": "-15317000", "incomeTaxExpense": "0", "interestAndDebtExpense": "None", "netIncomeFromContinuingOperations": "-15317000", "comprehensiveIncomeNetOfTax": "None", "ebit": "-16815000", "ebitda": "-16536000", "netIncome": "-15317000"}, {"fiscalDateEnding": "2018-06-30", "reportedCurrency": "USD", "grossProfit": "-9709000", "totalRevenue": "7109000", "costOfRevenue": "16818000", "costofGoodsAndServicesSold": "16818000", "operatingIncome": "-12231000", "sellingGeneralAndAdministrative": "2522000", "researchAndDevelopment": "16818000", "operatingExpenses": "19340000", "investmentIncomeNet": "None", "netInterestIncome": "None", "interestIncome": "None", "interestExpense": "None", "nonInterestIncome": "None", "otherNonOperatingIncome": "None", "depreciation": "None", "depreciationAndAmortization": "252000", "incomeBeforeTax": "-11121000", "incomeTaxExpense": "0", "interestAndDebtExpense": "None", "netIncomeFromContinuingOperations": "-9779000", "comprehensiveIncomeNetOfTax": "None", "ebit": "-12231000", "ebitda": "-11979000", "netIncome": "-11121000"}, {"fiscalDateEnding": "2018-03-31", "reportedCurrency": "USD", "grossProfit": "-6804000", "totalRevenue": "4920000", "costOfRevenue": "11724000", "costofGoodsAndServicesSold": "11724000", "operatingIncome": "-9225000", "sellingGeneralAndAdministrative": "2421000", "researchAndDevelopment": "11724000", "operatingExpenses": "14145000", "investmentIncomeNet": "None", "netInterestIncome": "None", "interestIncome": "None", "interestExpense": "None", "nonInterestIncome": "None", "otherNonOperatingIncome": "None", "depreciation": "None", "depreciationAndAmortization": "212000", "incomeBeforeTax": "-8437000", "incomeTaxExpense": "0", "interestAndDebtExpense": "None", "netIncomeFromContinuingOperations": "-8437000", "comprehensiveIncomeNetOfTax": "None", "ebit": "-9225000", "ebitda": "-9013000", "netIncome": "-8437000"}, {"fiscalDateEnding": "2017-12-31", "reportedCurrency": "USD", "grossProfit": "-7779000", "totalRevenue": "3059000", "costOfRevenue": "10838000", "costofGoodsAndServicesSold": "10838000", "operatingIncome": "-9807000", "sellingGeneralAndAdministrative": "2028000", "researchAndDevelopment": "10838000", "operatingExpenses": "12866000", "investmentIncomeNet": "None", "netInterestIncome": "None", "interestIncome": "None", "interestExpense": "None", "nonInterestIncome": "None", "otherNonOperatingIncome": "None", "depreciation": "None", "depreciationAndAmortization": "180000", "incomeBeforeTax": "-9778000", "incomeTaxExpense": "0", "interestAndDebtExpense": "None", "netIncomeFromContinuingOperations": "-9778000", "comprehensiveIncomeNetOfTax": "None", "ebit": "-9807000", "ebitda": "-9627000", "netIncome": "-9778000"}, {"fiscalDateEnding": "2017-09-30", "reportedCurrency": "None", "grossProfit": "-7830000", "totalRevenue": "153000", "costOfRevenue": "7983000", "costofGoodsAndServicesSold": "7983000", "operatingIncome": "-10091000", "sellingGeneralAndAdministrative": "2261000", "researchAndDevelopment": "7983000", "operatingExpenses": "2203000", "investmentIncomeNet": "None", "netInterestIncome": "None", "interestIncome": "None", "interestExpense": "None", "nonInterestIncome": "None", "otherNonOperatingIncome": "None", "depreciation": "None", "depreciationAndAmortization": "177000", "incomeBeforeTax": "-10033000", "incomeTaxExpense": "None", "interestAndDebtExpense": "None", "netIncomeFromContinuingOperations": "None", "comprehensiveIncomeNetOfTax": "None", "ebit": "-10091000", "ebitda": "-9914000", "netIncome": "-10033000"}, {"fiscalDateEnding": "2017-06-30", "reportedCurrency": "None", "grossProfit": "-5283500", "totalRevenue": "261500", "costOfRevenue": "5545000", "costofGoodsAndServicesSold": "5545000", "operatingIncome": "-6390500", "sellingGeneralAndAdministrative": "1107000", "researchAndDevelopment": "5545000", "operatingExpenses": "1051000", "investmentIncomeNet": "None", "netInterestIncome": "None", "interestIncome": "None", "interestExpense": "None", "nonInterestIncome": "None", "otherNonOperatingIncome": "None", "depreciation": "None", "depreciationAndAmortization": "161500", "incomeBeforeTax": "-6334500", "incomeTaxExpense": "None", "interestAndDebtExpense": "None", "netIncomeFromContinuingOperations": "None", "comprehensiveIncomeNetOfTax": "None", "ebit": "-6390500", "ebitda": "-6229000", "netIncome": "-6334500"}, {"fiscalDateEnding": "2017-03-31", "reportedCurrency": "None", "grossProfit": "-5283500", "totalRevenue": "261500", "costOfRevenue": "5545000", "costofGoodsAndServicesSold": "5545000", "operatingIncome": "-6390500", "sellingGeneralAndAdministrative": "1107000", "researchAndDevelopment": "5545000", "operatingExpenses": "1051000", "investmentIncomeNet": "None", "netInterestIncome": "None", "interestIncome": "None", "interestExpense": "None", "nonInterestIncome": "None", "otherNonOperatingIncome": "None", "depreciation": "None", "depreciationAndAmortization": "161500", "incomeBeforeTax": "-6334500", "incomeTaxExpense": "None", "interestAndDebtExpense": "None", "netIncomeFromContinuingOperations": "None", "comprehensiveIncomeNetOfTax": "None", "ebit": "-6390500", "ebitda": "-6229000", "netIncome": "-6334500"}, {"fiscalDateEnding": "2016-12-31", "reportedCurrency": "USD", "grossProfit": "None", "totalRevenue": "416000", "costOfRevenue": "15347000", "costofGoodsAndServicesSold": "15347000", "operatingIncome": "None", "sellingGeneralAndAdministrative": "None", "researchAndDevelopment": "13674000", "operatingExpenses": "None", "investmentIncomeNet": "None", "netInterestIncome": "None", "interestIncome": "None", "interestExpense": "None", "nonInterestIncome": "None", "otherNonOperatingIncome": "None", "depreciation": "None", "depreciationAndAmortization": "None", "incomeBeforeTax": "None", "incomeTaxExpense": "None", "interestAndDebtExpense": "None", "netIncomeFromContinuingOperations": "None", "comprehensiveIncomeNetOfTax": "None", "ebit": "None", "ebitda": "None", "netIncome": "None"}]}