{"symbol": "AEBI", "annualReports": [{"fiscalDateEnding": "2024-12-31", "reportedCurrency": "CHF", "grossProfit": "228237000", "totalRevenue": "1085958000", "costOfRevenue": "857721000", "costofGoodsAndServicesSold": "857721000", "operatingIncome": "68492000", "sellingGeneralAndAdministrative": "124660000", "researchAndDevelopment": "19556000", "operatingExpenses": "159745000", "investmentIncomeNet": "None", "netInterestIncome": "-34106000", "interestIncome": "None", "interestExpense": "34106000", "nonInterestIncome": "None", "otherNonOperatingIncome": "None", "depreciation": "None", "depreciationAndAmortization": "26414000", "incomeBeforeTax": "41664000", "incomeTaxExpense": "10927000", "interestAndDebtExpense": "None", "netIncomeFromContinuingOperations": "30737000", "comprehensiveIncomeNetOfTax": "None", "ebit": "75770000", "ebitda": "102184000", "netIncome": "30682000"}, {"fiscalDateEnding": "2023-12-31", "reportedCurrency": "CHF", "grossProfit": "206652000", "totalRevenue": "1015572000", "costOfRevenue": "808920000", "costofGoodsAndServicesSold": "808920000", "operatingIncome": "59034000", "sellingGeneralAndAdministrative": "117057000", "researchAndDevelopment": "17125000", "operatingExpenses": "147618000", "investmentIncomeNet": "None", "netInterestIncome": "-38031000", "interestIncome": "None", "interestExpense": "38031000", "nonInterestIncome": "None", "otherNonOperatingIncome": "None", "depreciation": "None", "depreciationAndAmortization": "27164000", "incomeBeforeTax": "17346000", "incomeTaxExpense": "6147000", "interestAndDebtExpense": "None", "netIncomeFromContinuingOperations": "11199000", "comprehensiveIncomeNetOfTax": "None", "ebit": "55377000", "ebitda": "82541000", "netIncome": "11199000"}], "quarterlyReports": [{"fiscalDateEnding": "2025-09-30", "reportedCurrency": "USD", "grossProfit": "94113000", "totalRevenue": "471325000", "costOfRevenue": "377212000", "costofGoodsAndServicesSold": "377212000", "operatingIncome": "17497000", "sellingGeneralAndAdministrative": "59296000", "researchAndDevelopment": "8735000", "operatingExpenses": "76616000", "investmentIncomeNet": "None", "netInterestIncome": "-14227000", "interestIncome": "None", "interestExpense": "14227000", "nonInterestIncome": "None", "otherNonOperatingIncome": "None", "depreciation": "None", "depreciationAndAmortization": "14990000", "incomeBeforeTax": "747000", "incomeTaxExpense": "-447000", "interestAndDebtExpense": "None", "netIncomeFromContinuingOperations": "1194000", "comprehensiveIncomeNetOfTax": "None", "ebit": "14974000", "ebitda": "29964000", "netIncome": "1206000"}, {"fiscalDateEnding": "2025-06-30", "reportedCurrency": "USD", "grossProfit": "45156433", "totalRevenue": "220683478", "costOfRevenue": "175527044", "costofGoodsAndServicesSold": "175527044", "operatingIncome": "11011807", "sellingGeneralAndAdministrative": "33574000", "researchAndDevelopment": "4316049", "operatingExpenses": "34144626", "investmentIncomeNet": "None", "netInterestIncome": "-9303000", "interestIncome": "None", "interestExpense": "9303000", "nonInterestIncome": "None", "otherNonOperatingIncome": "None", "depreciation": "None", "depreciationAndAmortization": "5105842", "incomeBeforeTax": "-2552126", "incomeTaxExpense": "-707158.40", "interestAndDebtExpense": "None", "netIncomeFromContinuingOperations": "-2322000", "comprehensiveIncomeNetOfTax": "None", "ebit": "4839665", "ebitda": "9945507", "netIncome": "-1835433.60"}, {"fiscalDateEnding": "2025-03-31", "reportedCurrency": "CHF", "grossProfit": "53306000", "totalRevenue": "249186000", "costOfRevenue": "195880000", "costofGoodsAndServicesSold": "195880000", "operatingIncome": "14394000", "sellingGeneralAndAdministrative": "30724000", "researchAndDevelopment": "4627000", "operatingExpenses": "38912000", "investmentIncomeNet": "None", "netInterestIncome": "-6503000", "interestIncome": "None", "interestExpense": "6503000", "nonInterestIncome": "None", "otherNonOperatingIncome": "None", "depreciation": "None", "depreciationAndAmortization": "6625000", "incomeBeforeTax": "2849000", "incomeTaxExpense": "787000", "interestAndDebtExpense": "None", "netIncomeFromContinuingOperations": "2062000", "comprehensiveIncomeNetOfTax": "None", "ebit": "9352000", "ebitda": "15977000", "netIncome": "2075000"}, {"fiscalDateEnding": "2024-12-31", "reportedCurrency": "USD", "grossProfit": "57454000", "totalRevenue": "298227000", "costOfRevenue": "240773000", "costofGoodsAndServicesSold": "240773000", "operatingIncome": "12711000", "sellingGeneralAndAdministrative": "36017000", "researchAndDevelopment": "4556000", "operatingExpenses": "285516000", "investmentIncomeNet": "None", "netInterestIncome": "-7796000", "interestIncome": "None", "interestExpense": "7796000", "nonInterestIncome": "None", "otherNonOperatingIncome": "None", "depreciation": "None", "depreciationAndAmortization": "None", "incomeBeforeTax": "11757000", "incomeTaxExpense": "None", "interestAndDebtExpense": "None", "netIncomeFromContinuingOperations": "9481000", "comprehensiveIncomeNetOfTax": "None", "ebit": "None", "ebitda": "None", "netIncome": "9468000"}, {"fiscalDateEnding": "2024-09-30", "reportedCurrency": "USD", "grossProfit": "54877000", "totalRevenue": "262451000", "costOfRevenue": "207574000", "costofGoodsAndServicesSold": "207574000", "operatingIncome": "16332000", "sellingGeneralAndAdministrative": "30125000", "researchAndDevelopment": "4647000", "operatingExpenses": "246119000", "investmentIncomeNet": "None", "netInterestIncome": "-8733000", "interestIncome": "None", "interestExpense": "8733000", "nonInterestIncome": "None", "otherNonOperatingIncome": "None", "depreciation": "None", "depreciationAndAmortization": "None", "incomeBeforeTax": "5871000", "incomeTaxExpense": "None", "interestAndDebtExpense": "None", "netIncomeFromContinuingOperations": "4322000", "comprehensiveIncomeNetOfTax": "None", "ebit": "None", "ebitda": "None", "netIncome": "4303000"}, {"fiscalDateEnding": "2024-06-30", "reportedCurrency": "USD", "grossProfit": "57382000", "totalRevenue": "266479000", "costOfRevenue": "209097000", "costofGoodsAndServicesSold": "209097000", "operatingIncome": "19374000", "sellingGeneralAndAdministrative": "29800000", "researchAndDevelopment": "4636000", "operatingExpenses": "38008000", "investmentIncomeNet": "None", "netInterestIncome": "-8465000", "interestIncome": "None", "interestExpense": "8465000", "nonInterestIncome": "None", "otherNonOperatingIncome": "None", "depreciation": "None", "depreciationAndAmortization": "6460000", "incomeBeforeTax": "11318000", "incomeTaxExpense": "3131000", "interestAndDebtExpense": "None", "netIncomeFromContinuingOperations": "8187000", "comprehensiveIncomeNetOfTax": "None", "ebit": "19783000", "ebitda": "26243000", "netIncome": "8166000"}, {"fiscalDateEnding": "2024-03-31", "reportedCurrency": "CHF", "grossProfit": "58524000", "totalRevenue": "258801000", "costOfRevenue": "200277000", "costofGoodsAndServicesSold": "200277000", "operatingIncome": "20075000", "sellingGeneralAndAdministrative": "28718000", "researchAndDevelopment": "5717000", "operatingExpenses": "38449000", "investmentIncomeNet": "None", "netInterestIncome": "-9112000", "interestIncome": "None", "interestExpense": "9112000", "nonInterestIncome": "None", "otherNonOperatingIncome": "None", "depreciation": "None", "depreciationAndAmortization": "6367000", "incomeBeforeTax": "12718000", "incomeTaxExpense": "3971000", "interestAndDebtExpense": "None", "netIncomeFromContinuingOperations": "8747000", "comprehensiveIncomeNetOfTax": "None", "ebit": "21830000", "ebitda": "28197000", "netIncome": "8745000"}]}