{"symbol": "ACON", "annualReports": [{"fiscalDateEnding": "2024-12-31", "reportedCurrency": "USD", "grossProfit": "-84043", "totalRevenue": "45724", "costOfRevenue": "129767", "costofGoodsAndServicesSold": "129767", "operatingIncome": "-5513049", "sellingGeneralAndAdministrative": "3608792", "researchAndDevelopment": "888767", "operatingExpenses": "5429003", "investmentIncomeNet": "None", "netInterestIncome": "-535152", "interestIncome": "318", "interestExpense": "535470", "nonInterestIncome": "None", "otherNonOperatingIncome": "None", "depreciation": "None", "depreciationAndAmortization": "193138", "incomeBeforeTax": "-6992927", "incomeTaxExpense": "1", "interestAndDebtExpense": "None", "netIncomeFromContinuingOperations": "-6992927", "comprehensiveIncomeNetOfTax": "None", "ebit": "-6457460", "ebitda": "-6264322", "netIncome": "-6992927"}, {"fiscalDateEnding": "2023-12-31", "reportedCurrency": "USD", "grossProfit": "-324", "totalRevenue": "75404", "costOfRevenue": "75728", "costofGoodsAndServicesSold": "75728", "operatingIncome": "-4875981", "sellingGeneralAndAdministrative": "3245317", "researchAndDevelopment": "873336", "operatingExpenses": "4875657", "investmentIncomeNet": "None", "netInterestIncome": "-608116", "interestIncome": "172", "interestExpense": "608288", "nonInterestIncome": "None", "otherNonOperatingIncome": "None", "depreciation": "None", "depreciationAndAmortization": "162671", "incomeBeforeTax": "-4911374", "incomeTaxExpense": "-1", "interestAndDebtExpense": "None", "netIncomeFromContinuingOperations": "-4911374", "comprehensiveIncomeNetOfTax": "None", "ebit": "-4303086", "ebitda": "-4140415", "netIncome": "-4911374"}, {"fiscalDateEnding": "2022-12-31", "reportedCurrency": "USD", "grossProfit": "-4854", "totalRevenue": "60444", "costOfRevenue": "65298", "costofGoodsAndServicesSold": "65298", "operatingIncome": "-5561568", "sellingGeneralAndAdministrative": "3990719", "researchAndDevelopment": "1067992", "operatingExpenses": "5556714", "investmentIncomeNet": "None", "netInterestIncome": "-1505036", "interestIncome": "2510", "interestExpense": "1507546", "nonInterestIncome": "None", "otherNonOperatingIncome": "None", "depreciation": "None", "depreciationAndAmortization": "143621", "incomeBeforeTax": "-7068593", "incomeTaxExpense": "1506226", "interestAndDebtExpense": "None", "netIncomeFromContinuingOperations": "-7605542", "comprehensiveIncomeNetOfTax": "None", "ebit": "-5561047", "ebitda": "-5417426", "netIncome": "-7068593"}, {"fiscalDateEnding": "2021-12-31", "reportedCurrency": "USD", "grossProfit": "-8883", "totalRevenue": "60292", "costOfRevenue": "69175", "costofGoodsAndServicesSold": "69175", "operatingIncome": "-2953038", "sellingGeneralAndAdministrative": "1825491", "researchAndDevelopment": "787850", "operatingExpenses": "2944155", "investmentIncomeNet": "None", "netInterestIncome": "-476480", "interestIncome": "None", "interestExpense": "476479", "nonInterestIncome": "None", "otherNonOperatingIncome": "None", "depreciation": "None", "depreciationAndAmortization": "186388", "incomeBeforeTax": "-4950290", "incomeTaxExpense": "-1415695", "interestAndDebtExpense": "None", "netIncomeFromContinuingOperations": "-4950290", "comprehensiveIncomeNetOfTax": "None", "ebit": "-4473811", "ebitda": "-4287423", "netIncome": "-4950290"}, {"fiscalDateEnding": "2020-12-31", "reportedCurrency": "USD", "grossProfit": "-17593", "totalRevenue": "48652", "costOfRevenue": "66245", "costofGoodsAndServicesSold": "66245", "operatingIncome": "-4477458", "sellingGeneralAndAdministrative": "1071369", "researchAndDevelopment": "1052127", "operatingExpenses": "4459865", "investmentIncomeNet": "None", "netInterestIncome": "-156059", "interestIncome": "15", "interestExpense": "156059", "nonInterestIncome": "None", "otherNonOperatingIncome": "None", "depreciation": "None", "depreciationAndAmortization": "196282", "incomeBeforeTax": "-4635245", "incomeTaxExpense": "155131", "interestAndDebtExpense": "None", "netIncomeFromContinuingOperations": "-4635245", "comprehensiveIncomeNetOfTax": "None", "ebit": "-4479186", "ebitda": "-4282904", "netIncome": "-4635245"}, {"fiscalDateEnding": "2019-12-31", "reportedCurrency": "USD", "grossProfit": "-36283", "totalRevenue": "26897", "costOfRevenue": "63180", "costofGoodsAndServicesSold": "63180", "operatingIncome": "-4013303", "sellingGeneralAndAdministrative": "1586470", "researchAndDevelopment": "1736612", "operatingExpenses": "3977020", "investmentIncomeNet": "None", "netInterestIncome": "-4995", "interestIncome": "None", "interestExpense": "4995", "nonInterestIncome": "None", "otherNonOperatingIncome": "None", "depreciation": "None", "depreciationAndAmortization": "178209", "incomeBeforeTax": "-4019258", "incomeTaxExpense": "4835", "interestAndDebtExpense": "None", "netIncomeFromContinuingOperations": "-4019258", "comprehensiveIncomeNetOfTax": "None", "ebit": "-4014263", "ebitda": "-3836054", "netIncome": "-4019258"}], "quarterlyReports": [{"fiscalDateEnding": "2025-09-30", "reportedCurrency": "USD", "grossProfit": "4386", "totalRevenue": "18942", "costOfRevenue": "14556", "costofGoodsAndServicesSold": "14556", "operatingIncome": "-1830964", "sellingGeneralAndAdministrative": "900904", "researchAndDevelopment": "302037", "operatingExpenses": "1835350", "investmentIncomeNet": "None", "netInterestIncome": "0", "interestIncome": "None", "interestExpense": "0", "nonInterestIncome": "None", "otherNonOperatingIncome": "None", "depreciation": "None", "depreciationAndAmortization": "58364", "incomeBeforeTax": "-1706294", "incomeTaxExpense": "None", "interestAndDebtExpense": "None", "netIncomeFromContinuingOperations": "-1706294", "comprehensiveIncomeNetOfTax": "None", "ebit": "-1706294", "ebitda": "-1647930", "netIncome": "-1706294"}, {"fiscalDateEnding": "2025-06-30", "reportedCurrency": "USD", "grossProfit": "5140", "totalRevenue": "19319", "costOfRevenue": "14179", "costofGoodsAndServicesSold": "14179", "operatingIncome": "-1736508", "sellingGeneralAndAdministrative": "1127449", "researchAndDevelopment": "270434", "operatingExpenses": "1741648", "investmentIncomeNet": "None", "netInterestIncome": "0", "interestIncome": "None", "interestExpense": "0", "nonInterestIncome": "None", "otherNonOperatingIncome": "None", "depreciation": "None", "depreciationAndAmortization": "52562", "incomeBeforeTax": "-1600757", "incomeTaxExpense": "None", "interestAndDebtExpense": "None", "netIncomeFromContinuingOperations": "-1600757", "comprehensiveIncomeNetOfTax": "None", "ebit": "-1600757", "ebitda": "-1548195", "netIncome": "-1600757"}, {"fiscalDateEnding": "2025-03-31", "reportedCurrency": "USD", "grossProfit": "-4488", "totalRevenue": "18991", "costOfRevenue": "23479", "costofGoodsAndServicesSold": "23479", "operatingIncome": "-1491925", "sellingGeneralAndAdministrative": "986663", "researchAndDevelopment": "198190", "operatingExpenses": "1487437", "investmentIncomeNet": "None", "netInterestIncome": "0", "interestIncome": "None", "interestExpense": "271", "nonInterestIncome": "None", "otherNonOperatingIncome": "None", "depreciation": "None", "depreciationAndAmortization": "55167", "incomeBeforeTax": "-2037436", "incomeTaxExpense": "None", "interestAndDebtExpense": "None", "netIncomeFromContinuingOperations": "-2037436", "comprehensiveIncomeNetOfTax": "None", "ebit": "-2037436", "ebitda": "-1982269", "netIncome": "-2037436"}, {"fiscalDateEnding": "2024-12-31", "reportedCurrency": "USD", "grossProfit": "-10324", "totalRevenue": "10232", "costOfRevenue": "20556", "costofGoodsAndServicesSold": "20556", "operatingIncome": "-1806220", "sellingGeneralAndAdministrative": "1544070", "researchAndDevelopment": "251826", "operatingExpenses": "1816452", "investmentIncomeNet": "None", "netInterestIncome": "47", "interestIncome": "None", "interestExpense": "271", "nonInterestIncome": "None", "otherNonOperatingIncome": "None", "depreciation": "None", "depreciationAndAmortization": "None", "incomeBeforeTax": "-1989572", "incomeTaxExpense": "None", "interestAndDebtExpense": "None", "netIncomeFromContinuingOperations": "-1989572", "comprehensiveIncomeNetOfTax": "None", "ebit": "-1806220", "ebitda": "None", "netIncome": "-1989572"}, {"fiscalDateEnding": "2024-09-30", "reportedCurrency": "USD", "grossProfit": "-6925", "totalRevenue": "14407", "costOfRevenue": "21332", "costofGoodsAndServicesSold": "21332", "operatingIncome": "-1295958", "sellingGeneralAndAdministrative": "860461", "researchAndDevelopment": "195797", "operatingExpenses": "1289033", "investmentIncomeNet": "None", "netInterestIncome": "-71527", "interestIncome": "None", "interestExpense": "71527", "nonInterestIncome": "None", "otherNonOperatingIncome": "None", "depreciation": "None", "depreciationAndAmortization": "50029", "incomeBeforeTax": "-1366176", "incomeTaxExpense": "-1366176", "interestAndDebtExpense": "None", "netIncomeFromContinuingOperations": "-1366176", "comprehensiveIncomeNetOfTax": "None", "ebit": "-1294649", "ebitda": "-1244620", "netIncome": "-1366176"}, {"fiscalDateEnding": "2024-06-30", "reportedCurrency": "USD", "grossProfit": "-12323", "totalRevenue": "10971", "costOfRevenue": "23294", "costofGoodsAndServicesSold": "23294", "operatingIncome": "-1135561", "sellingGeneralAndAdministrative": "696099", "researchAndDevelopment": "202102", "operatingExpenses": "1123238", "investmentIncomeNet": "None", "netInterestIncome": "-127848", "interestIncome": "None", "interestExpense": "127848", "nonInterestIncome": "None", "otherNonOperatingIncome": "None", "depreciation": "None", "depreciationAndAmortization": "45755", "incomeBeforeTax": "-1238077", "incomeTaxExpense": "5", "interestAndDebtExpense": "None", "netIncomeFromContinuingOperations": "-1238077", "comprehensiveIncomeNetOfTax": "None", "ebit": "-1110229", "ebitda": "-1064474", "netIncome": "-1238077"}, {"fiscalDateEnding": "2024-03-31", "reportedCurrency": "USD", "grossProfit": "-9362", "totalRevenue": "10114", "costOfRevenue": "19476", "costofGoodsAndServicesSold": "19476", "operatingIncome": "-1275307", "sellingGeneralAndAdministrative": "845847", "researchAndDevelopment": "239042", "operatingExpenses": "1265945", "investmentIncomeNet": "None", "netInterestIncome": "-335824", "interestIncome": "None", "interestExpense": "335824", "nonInterestIncome": "None", "otherNonOperatingIncome": "None", "depreciation": "None", "depreciationAndAmortization": "45109", "incomeBeforeTax": "-2399102", "incomeTaxExpense": "1", "interestAndDebtExpense": "None", "netIncomeFromContinuingOperations": "-2399102", "comprehensiveIncomeNetOfTax": "None", "ebit": "-2063278", "ebitda": "-2018169", "netIncome": "-2399102"}, {"fiscalDateEnding": "2023-12-31", "reportedCurrency": "USD", "grossProfit": "-5619", "totalRevenue": "13797", "costOfRevenue": "19416", "costofGoodsAndServicesSold": "19416", "operatingIncome": "-1126340", "sellingGeneralAndAdministrative": "721009", "researchAndDevelopment": "220679", "operatingExpenses": "1120722", "investmentIncomeNet": "None", "netInterestIncome": "-393266", "interestIncome": "None", "interestExpense": "393438", "nonInterestIncome": "None", "otherNonOperatingIncome": "None", "depreciation": "None", "depreciationAndAmortization": "41785", "incomeBeforeTax": "-1265347", "incomeTaxExpense": "-5", "interestAndDebtExpense": "None", "netIncomeFromContinuingOperations": "-1265347", "comprehensiveIncomeNetOfTax": "None", "ebit": "-871907", "ebitda": "-830122", "netIncome": "-1265347"}, {"fiscalDateEnding": "2023-09-30", "reportedCurrency": "USD", "grossProfit": "-493", "totalRevenue": "19065", "costOfRevenue": "19558", "costofGoodsAndServicesSold": "19558", "operatingIncome": "-1162175", "sellingGeneralAndAdministrative": "770534", "researchAndDevelopment": "198252", "operatingExpenses": "1161682", "investmentIncomeNet": "None", "netInterestIncome": "-166332", "interestIncome": "None", "interestExpense": "166332", "nonInterestIncome": "None", "otherNonOperatingIncome": "None", "depreciation": "None", "depreciationAndAmortization": "41077", "incomeBeforeTax": "-998010", "incomeTaxExpense": "496829", "interestAndDebtExpense": "None", "netIncomeFromContinuingOperations": "-998010", "comprehensiveIncomeNetOfTax": "None", "ebit": "-831678", "ebitda": "-790601", "netIncome": "-998010"}, {"fiscalDateEnding": "2023-06-30", "reportedCurrency": "USD", "grossProfit": "-2229", "totalRevenue": "17072", "costOfRevenue": "19301", "costofGoodsAndServicesSold": "19301", "operatingIncome": "-1406200", "sellingGeneralAndAdministrative": "946175", "researchAndDevelopment": "250006", "operatingExpenses": "1403971", "investmentIncomeNet": "None", "netInterestIncome": "-47139", "interestIncome": "None", "interestExpense": "47139", "nonInterestIncome": "None", "otherNonOperatingIncome": "None", "depreciation": "None", "depreciationAndAmortization": "40441", "incomeBeforeTax": "-1464557", "incomeTaxExpense": "3576", "interestAndDebtExpense": "None", "netIncomeFromContinuingOperations": "-1464557", "comprehensiveIncomeNetOfTax": "None", "ebit": "-1417418", "ebitda": "-1376977", "netIncome": "-1464557"}, {"fiscalDateEnding": "2023-03-31", "reportedCurrency": "USD", "grossProfit": "8017", "totalRevenue": "25470", "costOfRevenue": "17453", "costofGoodsAndServicesSold": "17453", "operatingIncome": "-1181265", "sellingGeneralAndAdministrative": "984883", "researchAndDevelopment": "204399", "operatingExpenses": "1206735", "investmentIncomeNet": "None", "netInterestIncome": "-1380", "interestIncome": "None", "interestExpense": "1380", "nonInterestIncome": "None", "otherNonOperatingIncome": "None", "depreciation": "None", "depreciationAndAmortization": "None", "incomeBeforeTax": "-1183460", "incomeTaxExpense": "None", "interestAndDebtExpense": "None", "netIncomeFromContinuingOperations": "-1183460", "comprehensiveIncomeNetOfTax": "None", "ebit": "-1181265", "ebitda": "-1142712", "netIncome": "-1183460"}, {"fiscalDateEnding": "2022-12-31", "reportedCurrency": "USD", "grossProfit": "5231", "totalRevenue": "22520", "costOfRevenue": "17289", "costofGoodsAndServicesSold": "17289", "operatingIncome": "-1326755", "sellingGeneralAndAdministrative": "908590", "researchAndDevelopment": "239783", "operatingExpenses": "1331986", "investmentIncomeNet": "None", "netInterestIncome": "441", "interestIncome": "None", "interestExpense": "2069", "nonInterestIncome": "None", "otherNonOperatingIncome": "None", "depreciation": "None", "depreciationAndAmortization": "51769", "incomeBeforeTax": "-1328906", "incomeTaxExpense": "1351", "interestAndDebtExpense": "None", "netIncomeFromContinuingOperations": "-1328906", "comprehensiveIncomeNetOfTax": "None", "ebit": "-1326837", "ebitda": "-1275068", "netIncome": "-1328906"}, {"fiscalDateEnding": "2022-09-30", "reportedCurrency": "USD", "grossProfit": "1194", "totalRevenue": "18222", "costOfRevenue": "17028", "costofGoodsAndServicesSold": "17028", "operatingIncome": "-1633260", "sellingGeneralAndAdministrative": "1184100", "researchAndDevelopment": "290966", "operatingExpenses": "1634454", "investmentIncomeNet": "None", "netInterestIncome": "-2070", "interestIncome": "None", "interestExpense": "2070", "nonInterestIncome": "None", "otherNonOperatingIncome": "None", "depreciation": "None", "depreciationAndAmortization": "34647", "incomeBeforeTax": "-1633033", "incomeTaxExpense": "-227", "interestAndDebtExpense": "None", "netIncomeFromContinuingOperations": "-1633033", "comprehensiveIncomeNetOfTax": "None", "ebit": "-1630963", "ebitda": "-1596316", "netIncome": "-1633033"}, {"fiscalDateEnding": "2022-06-30", "reportedCurrency": "USD", "grossProfit": "-3573", "totalRevenue": "10676", "costOfRevenue": "14249", "costofGoodsAndServicesSold": "14249", "operatingIncome": "-2212748", "sellingGeneralAndAdministrative": "1731190", "researchAndDevelopment": "353226", "operatingExpenses": "2209175", "investmentIncomeNet": "None", "netInterestIncome": "-1340667", "interestIncome": "None", "interestExpense": "1340666", "nonInterestIncome": "None", "otherNonOperatingIncome": "None", "depreciation": "None", "depreciationAndAmortization": "34801", "incomeBeforeTax": "-3554862", "incomeTaxExpense": "1339220", "interestAndDebtExpense": "None", "netIncomeFromContinuingOperations": "-3707515", "comprehensiveIncomeNetOfTax": "None", "ebit": "-2214196", "ebitda": "-2179395", "netIncome": "-3554862"}, {"fiscalDateEnding": "2022-03-31", "reportedCurrency": "USD", "grossProfit": "-7706", "totalRevenue": "9026", "costOfRevenue": "16732", "costofGoodsAndServicesSold": "16732", "operatingIncome": "-773100", "sellingGeneralAndAdministrative": "491283", "researchAndDevelopment": "204803", "operatingExpenses": "765394", "investmentIncomeNet": "None", "netInterestIncome": "-162740", "interestIncome": "None", "interestExpense": "162740", "nonInterestIncome": "None", "otherNonOperatingIncome": "None", "depreciation": "None", "depreciationAndAmortization": "34904", "incomeBeforeTax": "-936088", "incomeTaxExpense": "162988", "interestAndDebtExpense": "None", "netIncomeFromContinuingOperations": "-936088", "comprehensiveIncomeNetOfTax": "None", "ebit": "-773348", "ebitda": "-738444", "netIncome": "-936088"}, {"fiscalDateEnding": "2021-12-31", "reportedCurrency": "USD", "grossProfit": "-4244", "totalRevenue": "11977", "costOfRevenue": "16221", "costofGoodsAndServicesSold": "16221", "operatingIncome": "-1068617", "sellingGeneralAndAdministrative": "760665", "researchAndDevelopment": "182101", "operatingExpenses": "1064374", "investmentIncomeNet": "None", "netInterestIncome": "-170497", "interestIncome": "None", "interestExpense": "170497", "nonInterestIncome": "None", "otherNonOperatingIncome": "None", "depreciation": "None", "depreciationAndAmortization": "46541", "incomeBeforeTax": "-3136405", "incomeTaxExpense": "170497", "interestAndDebtExpense": "None", "netIncomeFromContinuingOperations": "-3136405", "comprehensiveIncomeNetOfTax": "None", "ebit": "-2965911", "ebitda": "-2919370", "netIncome": "-3136405"}, {"fiscalDateEnding": "2021-09-30", "reportedCurrency": "USD", "grossProfit": "-5221", "totalRevenue": "10865", "costOfRevenue": "16086", "costofGoodsAndServicesSold": "16086", "operatingIncome": "-797255", "sellingGeneralAndAdministrative": "438373", "researchAndDevelopment": "275284", "operatingExpenses": "792034", "investmentIncomeNet": "None", "netInterestIncome": "-165940", "interestIncome": "None", "interestExpense": "167626", "nonInterestIncome": "None", "otherNonOperatingIncome": "None", "depreciation": "None", "depreciationAndAmortization": "45725", "incomeBeforeTax": "-2952418", "incomeTaxExpense": "-1948231", "interestAndDebtExpense": "None", "netIncomeFromContinuingOperations": "-830182", "comprehensiveIncomeNetOfTax": "None", "ebit": "-2784792", "ebitda": "-2739067", "netIncome": "-2952418"}, {"fiscalDateEnding": "2021-06-30", "reportedCurrency": "USD", "grossProfit": "5316", "totalRevenue": "25620", "costOfRevenue": "20304", "costofGoodsAndServicesSold": "20304", "operatingIncome": "-626624", "sellingGeneralAndAdministrative": "404265", "researchAndDevelopment": "162714", "operatingExpenses": "631940", "investmentIncomeNet": "None", "netInterestIncome": "-82829", "interestIncome": "None", "interestExpense": "82829", "nonInterestIncome": "None", "otherNonOperatingIncome": "None", "depreciation": "None", "depreciationAndAmortization": "49274", "incomeBeforeTax": "-465844", "incomeTaxExpense": "81247", "interestAndDebtExpense": "None", "netIncomeFromContinuingOperations": "-465844", "comprehensiveIncomeNetOfTax": "None", "ebit": "-383015", "ebitda": "-333741", "netIncome": "-465844"}, {"fiscalDateEnding": "2021-03-31", "reportedCurrency": "USD", "grossProfit": "-4735", "totalRevenue": "11830", "costOfRevenue": "16565", "costofGoodsAndServicesSold": "16565", "operatingIncome": "-460542", "sellingGeneralAndAdministrative": "222188", "researchAndDevelopment": "167751", "operatingExpenses": "455807", "investmentIncomeNet": "None", "netInterestIncome": "-57214", "interestIncome": "None", "interestExpense": "57214", "nonInterestIncome": "None", "otherNonOperatingIncome": "None", "depreciation": "None", "depreciationAndAmortization": "44848", "incomeBeforeTax": "-517860", "incomeTaxExpense": "57110", "interestAndDebtExpense": "None", "netIncomeFromContinuingOperations": "-517860", "comprehensiveIncomeNetOfTax": "None", "ebit": "-460646", "ebitda": "-415798", "netIncome": "-517860"}, {"fiscalDateEnding": "2020-12-31", "reportedCurrency": "USD", "grossProfit": "-6371", "totalRevenue": "9972", "costOfRevenue": "16343", "costofGoodsAndServicesSold": "16343", "operatingIncome": "-453951", "sellingGeneralAndAdministrative": "208720", "researchAndDevelopment": "175200", "operatingExpenses": "447580", "investmentIncomeNet": "None", "netInterestIncome": "None", "interestIncome": "None", "interestExpense": "53407", "nonInterestIncome": "None", "otherNonOperatingIncome": "None", "depreciation": "None", "depreciationAndAmortization": "49746", "incomeBeforeTax": "-507522", "incomeTaxExpense": "53243", "interestAndDebtExpense": "None", "netIncomeFromContinuingOperations": "None", "comprehensiveIncomeNetOfTax": "None", "ebit": "-454111", "ebitda": "-404365", "netIncome": "-507522"}, {"fiscalDateEnding": "2020-09-30", "reportedCurrency": "None", "grossProfit": "5826", "totalRevenue": "22272", "costOfRevenue": "16446", "costofGoodsAndServicesSold": "16446", "operatingIncome": "-2327155", "sellingGeneralAndAdministrative": "198867", "researchAndDevelopment": "247015", "operatingExpenses": "2332981", "investmentIncomeNet": "None", "netInterestIncome": "None", "interestIncome": "None", "interestExpense": "45026", "nonInterestIncome": "None", "otherNonOperatingIncome": "None", "depreciation": "None", "depreciationAndAmortization": "48845", "incomeBeforeTax": "-2373473", "incomeTaxExpense": "212919", "interestAndDebtExpense": "None", "netIncomeFromContinuingOperations": "None", "comprehensiveIncomeNetOfTax": "None", "ebit": "-2327155", "ebitda": "-2278310", "netIncome": "-2373473"}, {"fiscalDateEnding": "2020-06-30", "reportedCurrency": "None", "grossProfit": "-8524", "totalRevenue": "8204", "costOfRevenue": "16728", "costofGoodsAndServicesSold": "16728", "operatingIncome": "-848176", "sellingGeneralAndAdministrative": "331891", "researchAndDevelopment": "314956", "operatingExpenses": "839652", "investmentIncomeNet": "None", "netInterestIncome": "None", "interestIncome": "None", "interestExpense": "135780", "nonInterestIncome": "None", "otherNonOperatingIncome": "None", "depreciation": "None", "depreciationAndAmortization": "135779", "incomeBeforeTax": "-877125", "incomeTaxExpense": "212919", "interestAndDebtExpense": "None", "netIncomeFromContinuingOperations": "None", "comprehensiveIncomeNetOfTax": "None", "ebit": "-848176", "ebitda": "-712397", "netIncome": "-877125"}, {"fiscalDateEnding": "2020-03-31", "reportedCurrency": "None", "grossProfit": "-8524", "totalRevenue": "8204", "costOfRevenue": "16728", "costofGoodsAndServicesSold": "16728", "operatingIncome": "-848176", "sellingGeneralAndAdministrative": "331891", "researchAndDevelopment": "314956", "operatingExpenses": "839652", "investmentIncomeNet": "None", "netInterestIncome": "None", "interestIncome": "None", "interestExpense": "135780", "nonInterestIncome": "None", "otherNonOperatingIncome": "None", "depreciation": "None", "depreciationAndAmortization": "135780", "incomeBeforeTax": "-877125", "incomeTaxExpense": "212919", "interestAndDebtExpense": "None", "netIncomeFromContinuingOperations": "None", "comprehensiveIncomeNetOfTax": "None", "ebit": "-848176", "ebitda": "-712396", "netIncome": "-877125"}]}