{"symbol": "BK", "annualReports": [{"fiscalDateEnding": "2025-12-31", "reportedCurrency": "USD", "grossProfit": "19864000000", "totalRevenue": "39243000000", "costOfRevenue": "19379000000", "costofGoodsAndServicesSold": "19379000000", "operatingIncome": "7058000000", "sellingGeneralAndAdministrative": "7043000000", "researchAndDevelopment": "None", "operatingExpenses": "12806000000", "investmentIncomeNet": "None", "netInterestIncome": "None", "interestIncome": "None", "interestExpense": "20682000000", "nonInterestIncome": "None", "otherNonOperatingIncome": "None", "depreciation": "None", "depreciationAndAmortization": "1300000000", "incomeBeforeTax": "7058000000", "incomeTaxExpense": "1475000000", "interestAndDebtExpense": "None", "netIncomeFromContinuingOperations": "None", "comprehensiveIncomeNetOfTax": "None", "ebit": "7058000000", "ebitda": "8358000000", "netIncome": "5549000000"}, {"fiscalDateEnding": "2024-12-31", "reportedCurrency": "USD", "grossProfit": "18188000000", "totalRevenue": "39553000000", "costOfRevenue": "21365000000", "costofGoodsAndServicesSold": "21365000000", "operatingIncome": "5848000000", "sellingGeneralAndAdministrative": "6890000000", "researchAndDevelopment": "None", "operatingExpenses": "12340000000", "investmentIncomeNet": "None", "netInterestIncome": "4312000000", "interestIncome": "25607000000", "interestExpense": "21295000000", "nonInterestIncome": "None", "otherNonOperatingIncome": "None", "depreciation": "None", "depreciationAndAmortization": "1803000000", "incomeBeforeTax": "5848000000", "incomeTaxExpense": "1305000000", "interestAndDebtExpense": "None", "netIncomeFromContinuingOperations": "4543000000", "comprehensiveIncomeNetOfTax": "None", "ebit": "5848000000", "ebitda": "7651000000", "netIncome": "4530000000"}, {"fiscalDateEnding": "2023-12-31", "reportedCurrency": "USD", "grossProfit": "17369000000", "totalRevenue": "33791000000", "costOfRevenue": "16422000000", "costofGoodsAndServicesSold": "16422000000", "operatingIncome": "4283000000", "sellingGeneralAndAdministrative": "6828000000", "researchAndDevelopment": "None", "operatingExpenses": "13086000000", "investmentIncomeNet": "None", "netInterestIncome": "4300000000", "interestIncome": "17882000000", "interestExpense": "16303000000", "nonInterestIncome": "None", "otherNonOperatingIncome": "None", "depreciation": "None", "depreciationAndAmortization": "1887000000", "incomeBeforeTax": "4283000000", "incomeTaxExpense": "979000000", "interestAndDebtExpense": "None", "netIncomeFromContinuingOperations": "3628000000", "comprehensiveIncomeNetOfTax": "None", "ebit": "4283000000", "ebitda": "6170000000", "netIncome": "3302000000"}, {"fiscalDateEnding": "2022-12-31", "reportedCurrency": "USD", "grossProfit": "16147000000", "totalRevenue": "19800000000", "costOfRevenue": "3653000000", "costofGoodsAndServicesSold": "3653000000", "operatingIncome": "3480000000", "sellingGeneralAndAdministrative": "6800000000", "researchAndDevelopment": "None", "operatingExpenses": "12667000000", "investmentIncomeNet": "None", "netInterestIncome": "3504000000", "interestIncome": "3504000000", "interestExpense": "3614000000", "nonInterestIncome": "None", "otherNonOperatingIncome": "None", "depreciation": "None", "depreciationAndAmortization": "1778000000", "incomeBeforeTax": "3480000000", "incomeTaxExpense": "937000000", "interestAndDebtExpense": "None", "netIncomeFromContinuingOperations": "2560000000", "comprehensiveIncomeNetOfTax": "None", "ebit": "3480000000", "ebitda": "5258000000", "netIncome": "2556000000"}, {"fiscalDateEnding": "2021-12-31", "reportedCurrency": "USD", "grossProfit": "15864000000", "totalRevenue": "15860000000", "costOfRevenue": "-4000000", "costofGoodsAndServicesSold": "-4000000", "operatingIncome": "4648000000", "sellingGeneralAndAdministrative": "6337000000", "researchAndDevelopment": "None", "operatingExpenses": "11216000000", "investmentIncomeNet": "None", "netInterestIncome": "2618000000", "interestIncome": "2845000000", "interestExpense": "227000000", "nonInterestIncome": "None", "otherNonOperatingIncome": "None", "depreciation": "None", "depreciationAndAmortization": "1867000000", "incomeBeforeTax": "4648000000", "incomeTaxExpense": "877000000", "interestAndDebtExpense": "None", "netIncomeFromContinuingOperations": "3771000000", "comprehensiveIncomeNetOfTax": "None", "ebit": "4648000000", "ebitda": "6515000000", "netIncome": "3759000000"}, {"fiscalDateEnding": "2020-12-31", "reportedCurrency": "USD", "grossProfit": "15136000000", "totalRevenue": "16604000000", "costOfRevenue": "1468000000", "costofGoodsAndServicesSold": "1468000000", "operatingIncome": "4468000000", "sellingGeneralAndAdministrative": "5966000000", "researchAndDevelopment": "None", "operatingExpenses": "10668000000", "investmentIncomeNet": "None", "netInterestIncome": "2977000000", "interestIncome": "4109000000", "interestExpense": "1132000000", "nonInterestIncome": "None", "otherNonOperatingIncome": "84000000", "depreciation": "None", "depreciationAndAmortization": "1630000000", "incomeBeforeTax": "4468000000", "incomeTaxExpense": "842000000", "interestAndDebtExpense": "None", "netIncomeFromContinuingOperations": "3626000000", "comprehensiveIncomeNetOfTax": "None", "ebit": "4468000000", "ebitda": "6098000000", "netIncome": "3617000000"}, {"fiscalDateEnding": "2019-12-31", "reportedCurrency": "USD", "grossProfit": "16113000000", "totalRevenue": "20448000000", "costOfRevenue": "4335000000", "costofGoodsAndServicesSold": "4335000000", "operatingIncome": "5587000000", "sellingGeneralAndAdministrative": "6063000000", "researchAndDevelopment": "None", "operatingExpenses": "10526000000", "investmentIncomeNet": "None", "netInterestIncome": "3188000000", "interestIncome": "7548000000", "interestExpense": "4360000000", "nonInterestIncome": "None", "otherNonOperatingIncome": "56000000", "depreciation": "None", "depreciationAndAmortization": "1315000000", "incomeBeforeTax": "5587000000", "incomeTaxExpense": "1120000000", "interestAndDebtExpense": "None", "netIncomeFromContinuingOperations": "4467000000", "comprehensiveIncomeNetOfTax": "None", "ebit": "5587000000", "ebitda": "6902000000", "netIncome": "4441000000"}, {"fiscalDateEnding": "2018-12-31", "reportedCurrency": "USD", "grossProfit": "15997000000", "totalRevenue": "18807000000", "costOfRevenue": "2810000000", "costofGoodsAndServicesSold": "2810000000", "operatingIncome": "5192000000", "sellingGeneralAndAdministrative": "6145000000", "researchAndDevelopment": "0", "operatingExpenses": "10805000000", "investmentIncomeNet": "None", "netInterestIncome": "3611000000", "interestIncome": "6432000000", "interestExpense": "2821000000", "nonInterestIncome": "None", "otherNonOperatingIncome": "-13000000", "depreciation": "None", "depreciationAndAmortization": "1339000000", "incomeBeforeTax": "5192000000", "incomeTaxExpense": "938000000", "interestAndDebtExpense": "None", "netIncomeFromContinuingOperations": "4254000000", "comprehensiveIncomeNetOfTax": "None", "ebit": "5192000000", "ebitda": "6531000000", "netIncome": "4266000000"}, {"fiscalDateEnding": "2017-12-31", "reportedCurrency": "USD", "grossProfit": "15148000000", "totalRevenue": "16198000000", "costOfRevenue": "1050000000", "costofGoodsAndServicesSold": "1050000000", "operatingIncome": "4610000000", "sellingGeneralAndAdministrative": "6033000000", "researchAndDevelopment": "0", "operatingExpenses": "10538000000", "investmentIncomeNet": "None", "netInterestIncome": "3308000000", "interestIncome": "4382000000", "interestExpense": "1074000000", "nonInterestIncome": "None", "otherNonOperatingIncome": "70000000", "depreciation": "None", "depreciationAndAmortization": "1474000000", "incomeBeforeTax": "4610000000", "incomeTaxExpense": "496000000", "interestAndDebtExpense": "None", "netIncomeFromContinuingOperations": "25980000000", "comprehensiveIncomeNetOfTax": "None", "ebit": "4610000000", "ebitda": "6084000000", "netIncome": "4090000000"}, {"fiscalDateEnding": "2016-12-31", "reportedCurrency": "USD", "grossProfit": "14843000000", "totalRevenue": "15269000000", "costOfRevenue": "426000000", "costofGoodsAndServicesSold": "426000000", "operatingIncome": "4725000000", "sellingGeneralAndAdministrative": "5809000000", "researchAndDevelopment": "0", "operatingExpenses": "10118000000", "investmentIncomeNet": "None", "netInterestIncome": "3138000000", "interestIncome": "3575000000", "interestExpense": "437000000", "nonInterestIncome": "None", "otherNonOperatingIncome": "26000000", "depreciation": "None", "depreciationAndAmortization": "1502000000", "incomeBeforeTax": "4725000000", "incomeTaxExpense": "1177000000", "interestAndDebtExpense": "None", "netIncomeFromContinuingOperations": "24572000000", "comprehensiveIncomeNetOfTax": "None", "ebit": "4725000000", "ebitda": "6227000000", "netIncome": "3547000000"}, {"fiscalDateEnding": "2015-12-31", "reportedCurrency": "USD", "grossProfit": "14653000000", "totalRevenue": "15113000000", "costOfRevenue": "460000000", "costofGoodsAndServicesSold": "460000000", "operatingIncome": "4235000000", "sellingGeneralAndAdministrative": "5837000000", "researchAndDevelopment": "0", "operatingExpenses": "10418000000", "investmentIncomeNet": "None", "netInterestIncome": "3026000000", "interestIncome": "3326000000", "interestExpense": "300000000", "nonInterestIncome": "None", "otherNonOperatingIncome": "86000000", "depreciation": "None", "depreciationAndAmortization": "1457000000", "incomeBeforeTax": "4235000000", "incomeTaxExpense": "1013000000", "interestAndDebtExpense": "None", "netIncomeFromContinuingOperations": "24838000000", "comprehensiveIncomeNetOfTax": "None", "ebit": "4235000000", "ebitda": "5692000000", "netIncome": "3158000000"}, {"fiscalDateEnding": "2014-12-31", "reportedCurrency": "USD", "grossProfit": "14476000000", "totalRevenue": "14782000000", "costOfRevenue": "306000000", "costofGoodsAndServicesSold": "306000000", "operatingIncome": "3563000000", "sellingGeneralAndAdministrative": "5845000000", "researchAndDevelopment": "0", "operatingExpenses": "10913000000", "investmentIncomeNet": "None", "netInterestIncome": "None", "interestIncome": "None", "interestExpense": "354000000", "nonInterestIncome": "None", "otherNonOperatingIncome": "163000000", "depreciation": "None", "depreciationAndAmortization": "1292000000", "incomeBeforeTax": "3563000000", "incomeTaxExpense": "912000000", "interestAndDebtExpense": "None", "netIncomeFromContinuingOperations": "2651000000", "comprehensiveIncomeNetOfTax": "None", "ebit": "3563000000", "ebitda": "4855000000", "netIncome": "2567000000"}, {"fiscalDateEnding": "2013-12-31", "reportedCurrency": "USD", "grossProfit": "14621000000", "totalRevenue": "14929000000", "costOfRevenue": "308000000", "costofGoodsAndServicesSold": "308000000", "operatingIncome": "3777000000", "sellingGeneralAndAdministrative": "6019000000", "researchAndDevelopment": "0", "operatingExpenses": "10844000000", "investmentIncomeNet": "None", "netInterestIncome": "None", "interestIncome": "None", "interestExpense": "343000000", "nonInterestIncome": "None", "otherNonOperatingIncome": "183000000", "depreciation": "None", "depreciationAndAmortization": "1389000000", "incomeBeforeTax": "3777000000", "incomeTaxExpense": "1592000000", "interestAndDebtExpense": "None", "netIncomeFromContinuingOperations": "2192000000", "comprehensiveIncomeNetOfTax": "None", "ebit": "3777000000", "ebitda": "5166000000", "netIncome": "2104000000"}, {"fiscalDateEnding": "2012-12-31", "reportedCurrency": "USD", "grossProfit": "14269000000", "totalRevenue": "14723000000", "costOfRevenue": "454000000", "costofGoodsAndServicesSold": "454000000", "operatingIncome": "3357000000", "sellingGeneralAndAdministrative": "5761000000", "researchAndDevelopment": "0", "operatingExpenses": "10912000000", "investmentIncomeNet": "None", "netInterestIncome": "None", "interestIncome": "None", "interestExpense": "534000000", "nonInterestIncome": "None", "otherNonOperatingIncome": "189000000", "depreciation": "None", "depreciationAndAmortization": "1246000000", "incomeBeforeTax": "3357000000", "incomeTaxExpense": "842000000", "interestAndDebtExpense": "None", "netIncomeFromContinuingOperations": "2523000000", "comprehensiveIncomeNetOfTax": "None", "ebit": "3357000000", "ebitda": "4603000000", "netIncome": "2437000000"}, {"fiscalDateEnding": "2011-12-31", "reportedCurrency": "USD", "grossProfit": "14215000000", "totalRevenue": "14820000000", "costOfRevenue": "605000000", "costofGoodsAndServicesSold": "605000000", "operatingIncome": "3617000000", "sellingGeneralAndAdministrative": "5726000000", "researchAndDevelopment": "0", "operatingExpenses": "10598000000", "investmentIncomeNet": "None", "netInterestIncome": "None", "interestIncome": "None", "interestExpense": "604000000", "nonInterestIncome": "None", "otherNonOperatingIncome": "200000000", "depreciation": "None", "depreciationAndAmortization": "776000000", "incomeBeforeTax": "3617000000", "incomeTaxExpense": "1048000000", "interestAndDebtExpense": "None", "netIncomeFromContinuingOperations": "2569000000", "comprehensiveIncomeNetOfTax": "None", "ebit": "3617000000", "ebitda": "4393000000", "netIncome": "2516000000"}, {"fiscalDateEnding": "2010-12-31", "reportedCurrency": "USD", "grossProfit": "13450000000", "totalRevenue": "14006000000", "costOfRevenue": "556000000", "costofGoodsAndServicesSold": "556000000", "operatingIncome": "3694000000", "sellingGeneralAndAdministrative": "5215000000", "researchAndDevelopment": "0", "operatingExpenses": "9756000000", "investmentIncomeNet": "None", "netInterestIncome": "None", "interestIncome": "None", "interestExpense": "545000000", "nonInterestIncome": "None", "otherNonOperatingIncome": "226000000", "depreciation": "None", "depreciationAndAmortization": "629000000", "incomeBeforeTax": "3694000000", "incomeTaxExpense": "1047000000", "interestAndDebtExpense": "None", "netIncomeFromContinuingOperations": "2647000000", "comprehensiveIncomeNetOfTax": "None", "ebit": "3694000000", "ebitda": "4323000000", "netIncome": "2518000000"}, {"fiscalDateEnding": "2009-12-31", "reportedCurrency": "USD", "grossProfit": "6898000000", "totalRevenue": "7823000000", "costOfRevenue": "925000000", "costofGoodsAndServicesSold": "925000000", "operatingIncome": "-2208000000", "sellingGeneralAndAdministrative": "4700000000", "researchAndDevelopment": "0", "operatingExpenses": "9106000000", "investmentIncomeNet": "None", "netInterestIncome": "None", "interestIncome": "None", "interestExpense": "593000000", "nonInterestIncome": "None", "otherNonOperatingIncome": "None", "depreciation": "None", "depreciationAndAmortization": "711000000", "incomeBeforeTax": "-2208000000", "incomeTaxExpense": "-1395000000", "interestAndDebtExpense": "None", "netIncomeFromContinuingOperations": "-813000000", "comprehensiveIncomeNetOfTax": "None", "ebit": "-2208000000", "ebitda": "-1497000000", "netIncome": "-1084000000"}, {"fiscalDateEnding": "2008-12-31", "reportedCurrency": "USD", "grossProfit": "12952000000", "totalRevenue": "15721000000", "costOfRevenue": "2769000000", "costofGoodsAndServicesSold": "2769000000", "operatingIncome": "1946000000", "sellingGeneralAndAdministrative": "5189000000", "researchAndDevelopment": "None", "operatingExpenses": "11006000000", "investmentIncomeNet": "None", "netInterestIncome": "None", "interestIncome": "None", "interestExpense": "2665000000", "nonInterestIncome": "None", "otherNonOperatingIncome": "None", "depreciation": "None", "depreciationAndAmortization": "878000000", "incomeBeforeTax": "1946000000", "incomeTaxExpense": "491000000", "interestAndDebtExpense": "None", "netIncomeFromContinuingOperations": "None", "comprehensiveIncomeNetOfTax": "None", "ebit": "1946000000", "ebitda": "2824000000", "netIncome": "1419000000"}, {"fiscalDateEnding": "2007-12-31", "reportedCurrency": "USD", "grossProfit": "10983000000", "totalRevenue": "14397000000", "costOfRevenue": "3414000000", "costofGoodsAndServicesSold": "3414000000", "operatingIncome": "3215000000", "sellingGeneralAndAdministrative": "4126000000", "researchAndDevelopment": "None", "operatingExpenses": "7768000000", "investmentIncomeNet": "None", "netInterestIncome": "None", "interestIncome": "None", "interestExpense": "3425000000", "nonInterestIncome": "None", "otherNonOperatingIncome": "None", "depreciation": "None", "depreciationAndAmortization": "820000000", "incomeBeforeTax": "3215000000", "incomeTaxExpense": "987000000", "interestAndDebtExpense": "None", "netIncomeFromContinuingOperations": "None", "comprehensiveIncomeNetOfTax": "None", "ebit": "3215000000", "ebitda": "4035000000", "netIncome": "2039000000"}, {"fiscalDateEnding": "2006-12-31", "reportedCurrency": "USD", "grossProfit": "6841000000", "totalRevenue": "9062000000", "costOfRevenue": "2221000000", "costofGoodsAndServicesSold": "2221000000", "operatingIncome": "2170000000", "sellingGeneralAndAdministrative": "2640000000", "researchAndDevelopment": "None", "operatingExpenses": "4671000000", "investmentIncomeNet": "None", "netInterestIncome": "None", "interestIncome": "None", "interestExpense": "2241000000", "nonInterestIncome": "None", "otherNonOperatingIncome": "None", "depreciation": "None", "depreciationAndAmortization": "490000000", "incomeBeforeTax": "2170000000", "incomeTaxExpense": "694000000", "interestAndDebtExpense": "None", "netIncomeFromContinuingOperations": "None", "comprehensiveIncomeNetOfTax": "None", "ebit": "2170000000", "ebitda": "2660000000", "netIncome": "2847000000"}], "quarterlyReports": [{"fiscalDateEnding": "2025-12-31", "reportedCurrency": "USD", "grossProfit": "5205000000", "totalRevenue": "8869000000", "costOfRevenue": "3664000000", "costofGoodsAndServicesSold": "3664000000", "operatingIncome": "1845000000", "sellingGeneralAndAdministrative": "1812000000", "researchAndDevelopment": "None", "operatingExpenses": "3360000000", "investmentIncomeNet": "None", "netInterestIncome": "None", "interestIncome": "None", "interestExpense": "4961000000", "nonInterestIncome": "None", "otherNonOperatingIncome": "None", "depreciation": "None", "depreciationAndAmortization": "None", "incomeBeforeTax": "1845000000", "incomeTaxExpense": "376000000", "interestAndDebtExpense": "None", "netIncomeFromContinuingOperations": "None", "comprehensiveIncomeNetOfTax": "None", "ebit": "None", "ebitda": "1845000000", "netIncome": "1461000000"}, {"fiscalDateEnding": "2025-09-30", "reportedCurrency": "USD", "grossProfit": "5008000000", "totalRevenue": "10359000000", "costOfRevenue": "5351000000", "costofGoodsAndServicesSold": "5351000000", "operatingIncome": "1852000000", "sellingGeneralAndAdministrative": "1695000000", "researchAndDevelopment": "None", "operatingExpenses": "3156000000", "investmentIncomeNet": "None", "netInterestIncome": "1236000000", "interestIncome": "6594000000", "interestExpense": "5358000000", "nonInterestIncome": "None", "otherNonOperatingIncome": "None", "depreciation": "None", "depreciationAndAmortization": "428000000", "incomeBeforeTax": "1852000000", "incomeTaxExpense": "395000000", "interestAndDebtExpense": "None", "netIncomeFromContinuingOperations": "1457000000", "comprehensiveIncomeNetOfTax": "None", "ebit": "1852000000", "ebitda": "2280000000", "netIncome": "1445000000"}, {"fiscalDateEnding": "2025-06-30", "reportedCurrency": "USD", "grossProfit": "4982000000", "totalRevenue": "10364000000", "costOfRevenue": "5382000000", "costofGoodsAndServicesSold": "5382000000", "operatingIncome": "1839000000", "sellingGeneralAndAdministrative": "1734000000", "researchAndDevelopment": "None", "operatingExpenses": "3143000000", "investmentIncomeNet": "None", "netInterestIncome": "1203000000", "interestIncome": "6602000000", "interestExpense": "5399000000", "nonInterestIncome": "None", "otherNonOperatingIncome": "None", "depreciation": "None", "depreciationAndAmortization": "426000000", "incomeBeforeTax": "1839000000", "incomeTaxExpense": "404000000", "interestAndDebtExpense": "None", "netIncomeFromContinuingOperations": "1435000000", "comprehensiveIncomeNetOfTax": "None", "ebit": "1839000000", "ebitda": "2265000000", "netIncome": "1423000000"}, {"fiscalDateEnding": "2025-03-31", "reportedCurrency": "USD", "grossProfit": "4669000000", "totalRevenue": "9651000000", "costOfRevenue": "4982000000", "costofGoodsAndServicesSold": "4982000000", "operatingIncome": "1522000000", "sellingGeneralAndAdministrative": "1802000000", "researchAndDevelopment": "None", "operatingExpenses": "3147000000", "investmentIncomeNet": "None", "netInterestIncome": "1159000000", "interestIncome": "6123000000", "interestExpense": "4964000000", "nonInterestIncome": "None", "otherNonOperatingIncome": "None", "depreciation": "None", "depreciationAndAmortization": "446000000", "incomeBeforeTax": "1522000000", "incomeTaxExpense": "300000000", "interestAndDebtExpense": "None", "netIncomeFromContinuingOperations": "1222000000", "comprehensiveIncomeNetOfTax": "None", "ebit": "1522000000", "ebitda": "1968000000", "netIncome": "1220000000"}, {"fiscalDateEnding": "2024-12-31", "reportedCurrency": "USD", "grossProfit": "4740000000", "totalRevenue": "10033000000", "costOfRevenue": "5293000000", "costofGoodsAndServicesSold": "5293000000", "operatingIncome": "1472000000", "sellingGeneralAndAdministrative": "1682000000", "researchAndDevelopment": "None", "operatingExpenses": "3268000000", "investmentIncomeNet": "None", "netInterestIncome": "1194000000", "interestIncome": "6467000000", "interestExpense": "5273000000", "nonInterestIncome": "None", "otherNonOperatingIncome": "None", "depreciation": "None", "depreciationAndAmortization": "428000000", "incomeBeforeTax": "1472000000", "incomeTaxExpense": "315000000", "interestAndDebtExpense": "None", "netIncomeFromContinuingOperations": "1157000000", "comprehensiveIncomeNetOfTax": "None", "ebit": "1472000000", "ebitda": "1900000000", "netIncome": "1155000000"}, {"fiscalDateEnding": "2024-09-30", "reportedCurrency": "USD", "grossProfit": "4535000000", "totalRevenue": "10162000000", "costOfRevenue": "5627000000", "costofGoodsAndServicesSold": "5627000000", "operatingIncome": "1525000000", "sellingGeneralAndAdministrative": "1696000000", "researchAndDevelopment": "None", "operatingExpenses": "3010000000", "investmentIncomeNet": "None", "netInterestIncome": "1048000000", "interestIncome": "6652000000", "interestExpense": "5604000000", "nonInterestIncome": "None", "otherNonOperatingIncome": "None", "depreciation": "None", "depreciationAndAmortization": "451000000", "incomeBeforeTax": "1525000000", "incomeTaxExpense": "336000000", "interestAndDebtExpense": "None", "netIncomeFromContinuingOperations": "1189000000", "comprehensiveIncomeNetOfTax": "None", "ebit": "1525000000", "ebitda": "1976000000", "netIncome": "1182000000"}, {"fiscalDateEnding": "2024-06-30", "reportedCurrency": "USD", "grossProfit": "4509000000", "totalRevenue": "9871000000", "costOfRevenue": "5362000000", "costofGoodsAndServicesSold": "5362000000", "operatingIncome": "1527000000", "sellingGeneralAndAdministrative": "1691000000", "researchAndDevelopment": "None", "operatingExpenses": "2982000000", "investmentIncomeNet": "None", "netInterestIncome": "1030000000", "interestIncome": "6392000000", "interestExpense": "5362000000", "nonInterestIncome": "None", "otherNonOperatingIncome": "None", "depreciation": "None", "depreciationAndAmortization": "456000000", "incomeBeforeTax": "1527000000", "incomeTaxExpense": "357000000", "interestAndDebtExpense": "None", "netIncomeFromContinuingOperations": "1170000000", "comprehensiveIncomeNetOfTax": "None", "ebit": "1527000000", "ebitda": "1983000000", "netIncome": "1168000000"}, {"fiscalDateEnding": "2024-03-31", "reportedCurrency": "USD", "grossProfit": "4404000000", "totalRevenue": "9487000000", "costOfRevenue": "5083000000", "costofGoodsAndServicesSold": "5083000000", "operatingIncome": "1324000000", "sellingGeneralAndAdministrative": "1821000000", "researchAndDevelopment": "None", "operatingExpenses": "3080000000", "investmentIncomeNet": "None", "netInterestIncome": "1040000000", "interestIncome": "6096000000", "interestExpense": "5056000000", "nonInterestIncome": "None", "otherNonOperatingIncome": "None", "depreciation": "None", "depreciationAndAmortization": "468000000", "incomeBeforeTax": "1324000000", "incomeTaxExpense": "297000000", "interestAndDebtExpense": "None", "netIncomeFromContinuingOperations": "1027000000", "comprehensiveIncomeNetOfTax": "None", "ebit": "1324000000", "ebitda": "1792000000", "netIncome": "1025000000"}, {"fiscalDateEnding": "2023-12-31", "reportedCurrency": "USD", "grossProfit": "4283000000", "totalRevenue": "9229000000", "costOfRevenue": "4946000000", "costofGoodsAndServicesSold": "4946000000", "operatingIncome": "232000000", "sellingGeneralAndAdministrative": "1631000000", "researchAndDevelopment": "None", "operatingExpenses": "4051000000", "investmentIncomeNet": "None", "netInterestIncome": "1101000000", "interestIncome": "5963000000", "interestExpense": "4862000000", "nonInterestIncome": "None", "otherNonOperatingIncome": "None", "depreciation": "None", "depreciationAndAmortization": "626000000", "incomeBeforeTax": "232000000", "incomeTaxExpense": "29000000", "interestAndDebtExpense": "None", "netIncomeFromContinuingOperations": "203000000", "comprehensiveIncomeNetOfTax": "None", "ebit": "232000000", "ebitda": "858000000", "netIncome": "205000000"}, {"fiscalDateEnding": "2023-09-30", "reportedCurrency": "USD", "grossProfit": "4330000000", "totalRevenue": "8836000000", "costOfRevenue": "4506000000", "costofGoodsAndServicesSold": "4506000000", "operatingIncome": "1328000000", "sellingGeneralAndAdministrative": "1714000000", "researchAndDevelopment": "None", "operatingExpenses": "3002000000", "investmentIncomeNet": "None", "netInterestIncome": "1016000000", "interestIncome": "1016000000", "interestExpense": "4503000000", "nonInterestIncome": "None", "otherNonOperatingIncome": "None", "depreciation": "None", "depreciationAndAmortization": "426000000", "incomeBeforeTax": "1328000000", "incomeTaxExpense": "285000000", "interestAndDebtExpense": "None", "netIncomeFromContinuingOperations": "1041000000", "comprehensiveIncomeNetOfTax": "None", "ebit": "1328000000", "ebitda": "1754000000", "netIncome": "1040000000"}, {"fiscalDateEnding": "2023-06-30", "reportedCurrency": "USD", "grossProfit": "4407000000", "totalRevenue": "8536000000", "costOfRevenue": "4129000000", "costofGoodsAndServicesSold": "4129000000", "operatingIncome": "1388000000", "sellingGeneralAndAdministrative": "1692000000", "researchAndDevelopment": "None", "operatingExpenses": "3019000000", "investmentIncomeNet": "None", "netInterestIncome": "1100000000", "interestIncome": "1100000000", "interestExpense": "4124000000", "nonInterestIncome": "None", "otherNonOperatingIncome": "None", "depreciation": "None", "depreciationAndAmortization": "449000000", "incomeBeforeTax": "1388000000", "incomeTaxExpense": "315000000", "interestAndDebtExpense": "None", "netIncomeFromContinuingOperations": "1068000000", "comprehensiveIncomeNetOfTax": "None", "ebit": "1388000000", "ebitda": "1837000000", "netIncome": "1072000000"}, {"fiscalDateEnding": "2023-03-31", "reportedCurrency": "USD", "grossProfit": "4304000000", "totalRevenue": "7145000000", "costOfRevenue": "2841000000", "costofGoodsAndServicesSold": "2841000000", "operatingIncome": "1288000000", "sellingGeneralAndAdministrative": "1791000000", "researchAndDevelopment": "None", "operatingExpenses": "3016000000", "investmentIncomeNet": "None", "netInterestIncome": "1128000000", "interestIncome": "1128000000", "interestExpense": "2814000000", "nonInterestIncome": "None", "otherNonOperatingIncome": "None", "depreciation": "None", "depreciationAndAmortization": "351000000", "incomeBeforeTax": "1288000000", "incomeTaxExpense": "306000000", "interestAndDebtExpense": "None", "netIncomeFromContinuingOperations": "976000000", "comprehensiveIncomeNetOfTax": "None", "ebit": "1288000000", "ebitda": "1639000000", "netIncome": "982000000"}, {"fiscalDateEnding": "2022-12-31", "reportedCurrency": "USD", "grossProfit": "3812000000", "totalRevenue": "5973000000", "costOfRevenue": "2161000000", "costofGoodsAndServicesSold": "2161000000", "operatingIncome": "685000000", "sellingGeneralAndAdministrative": "1802000000", "researchAndDevelopment": "None", "operatingExpenses": "3127000000", "investmentIncomeNet": "None", "netInterestIncome": "1056000000", "interestIncome": "1056000000", "interestExpense": "2141000000", "nonInterestIncome": "None", "otherNonOperatingIncome": "None", "depreciation": "None", "depreciationAndAmortization": "381000000", "incomeBeforeTax": "685000000", "incomeTaxExpense": "142000000", "interestAndDebtExpense": "None", "netIncomeFromContinuingOperations": "543000000", "comprehensiveIncomeNetOfTax": "None", "ebit": "685000000", "ebitda": "1066000000", "netIncome": "543000000"}, {"fiscalDateEnding": "2022-09-30", "reportedCurrency": "USD", "grossProfit": "4184000000", "totalRevenue": "5212000000", "costOfRevenue": "1028000000", "costofGoodsAndServicesSold": "1028000000", "operatingIncome": "630000000", "sellingGeneralAndAdministrative": "1641000000", "researchAndDevelopment": "None", "operatingExpenses": "3554000000", "investmentIncomeNet": "None", "netInterestIncome": "926000000", "interestIncome": "1984000000", "interestExpense": "1058000000", "nonInterestIncome": "None", "otherNonOperatingIncome": "None", "depreciation": "None", "depreciationAndAmortization": "396000000", "incomeBeforeTax": "630000000", "incomeTaxExpense": "242000000", "interestAndDebtExpense": "None", "netIncomeFromContinuingOperations": "388000000", "comprehensiveIncomeNetOfTax": "None", "ebit": "630000000", "ebitda": "1026000000", "netIncome": "388000000"}, {"fiscalDateEnding": "2022-06-30", "reportedCurrency": "USD", "grossProfit": "4117000000", "totalRevenue": "4499000000", "costOfRevenue": "382000000", "costofGoodsAndServicesSold": "382000000", "operatingIncome": "1095000000", "sellingGeneralAndAdministrative": "1623000000", "researchAndDevelopment": "None", "operatingExpenses": "3022000000", "investmentIncomeNet": "None", "netInterestIncome": "824000000", "interestIncome": "1159000000", "interestExpense": "335000000", "nonInterestIncome": "None", "otherNonOperatingIncome": "None", "depreciation": "None", "depreciationAndAmortization": "422000000", "incomeBeforeTax": "1095000000", "incomeTaxExpense": "231000000", "interestAndDebtExpense": "None", "netIncomeFromContinuingOperations": "864000000", "comprehensiveIncomeNetOfTax": "None", "ebit": "1095000000", "ebitda": "1517000000", "netIncome": "869000000"}, {"fiscalDateEnding": "2022-03-31", "reportedCurrency": "USD", "grossProfit": "3845000000", "totalRevenue": "3927000000", "costOfRevenue": "82000000", "costofGoodsAndServicesSold": "82000000", "operatingIncome": "918000000", "sellingGeneralAndAdministrative": "1702000000", "researchAndDevelopment": "None", "operatingExpenses": "2927000000", "investmentIncomeNet": "None", "netInterestIncome": "698000000", "interestIncome": "778000000", "interestExpense": "80000000", "nonInterestIncome": "None", "otherNonOperatingIncome": "None", "depreciation": "None", "depreciationAndAmortization": "437000000", "incomeBeforeTax": "918000000", "incomeTaxExpense": "153000000", "interestAndDebtExpense": "None", "netIncomeFromContinuingOperations": "765000000", "comprehensiveIncomeNetOfTax": "None", "ebit": "918000000", "ebitda": "1355000000", "netIncome": "773000000"}, {"fiscalDateEnding": "2021-12-31", "reportedCurrency": "USD", "grossProfit": "3957000000", "totalRevenue": "3992000000", "costOfRevenue": "35000000", "costofGoodsAndServicesSold": "35000000", "operatingIncome": "1065000000", "sellingGeneralAndAdministrative": "1633000000", "researchAndDevelopment": "None", "operatingExpenses": "2892000000", "investmentIncomeNet": "None", "netInterestIncome": "677000000", "interestIncome": "729000000", "interestExpense": "52000000", "nonInterestIncome": "None", "otherNonOperatingIncome": "None", "depreciation": "None", "depreciationAndAmortization": "461000000", "incomeBeforeTax": "1065000000", "incomeTaxExpense": "196000000", "interestAndDebtExpense": "None", "netIncomeFromContinuingOperations": "869000000", "comprehensiveIncomeNetOfTax": "None", "ebit": "1065000000", "ebitda": "1526000000", "netIncome": "863000000"}, {"fiscalDateEnding": "2021-09-30", "reportedCurrency": "USD", "grossProfit": "4004000000", "totalRevenue": "4011000000", "costOfRevenue": "7000000", "costofGoodsAndServicesSold": "7000000", "operatingIncome": "1162000000", "sellingGeneralAndAdministrative": "1584000000", "researchAndDevelopment": "None", "operatingExpenses": "2842000000", "investmentIncomeNet": "None", "netInterestIncome": "641000000", "interestIncome": "693000000", "interestExpense": "52000000", "nonInterestIncome": "None", "otherNonOperatingIncome": "None", "depreciation": "None", "depreciationAndAmortization": "468000000", "incomeBeforeTax": "1162000000", "incomeTaxExpense": "219000000", "interestAndDebtExpense": "None", "netIncomeFromContinuingOperations": "943000000", "comprehensiveIncomeNetOfTax": "None", "ebit": "1162000000", "ebitda": "1630000000", "netIncome": "947000000"}, {"fiscalDateEnding": "2021-06-30", "reportedCurrency": "USD", "grossProfit": "3973000000", "totalRevenue": "3927000000", "costOfRevenue": "-46000000", "costofGoodsAndServicesSold": "-46000000", "operatingIncome": "1268000000", "sellingGeneralAndAdministrative": "1518000000", "researchAndDevelopment": "None", "operatingExpenses": "2705000000", "investmentIncomeNet": "None", "netInterestIncome": "645000000", "interestIncome": "685000000", "interestExpense": "40000000", "nonInterestIncome": "None", "otherNonOperatingIncome": "None", "depreciation": "None", "depreciationAndAmortization": "472000000", "incomeBeforeTax": "1268000000", "incomeTaxExpense": "241000000", "interestAndDebtExpense": "None", "netIncomeFromContinuingOperations": "1027000000", "comprehensiveIncomeNetOfTax": "None", "ebit": "1268000000", "ebitda": "1740000000", "netIncome": "1022000000"}, {"fiscalDateEnding": "2021-03-31", "reportedCurrency": "USD", "grossProfit": "3930000000", "totalRevenue": "3930000000", "costOfRevenue": "29000000", "costofGoodsAndServicesSold": "29000000", "operatingIncome": "1153000000", "sellingGeneralAndAdministrative": "1602000000", "researchAndDevelopment": "None", "operatingExpenses": "2777000000", "investmentIncomeNet": "None", "netInterestIncome": "655000000", "interestIncome": "738000000", "interestExpense": "83000000", "nonInterestIncome": "None", "otherNonOperatingIncome": "None", "depreciation": "None", "depreciationAndAmortization": "466000000", "incomeBeforeTax": "1153000000", "incomeTaxExpense": "221000000", "interestAndDebtExpense": "None", "netIncomeFromContinuingOperations": "932000000", "comprehensiveIncomeNetOfTax": "None", "ebit": "1153000000", "ebitda": "1619000000", "netIncome": "927000000"}, {"fiscalDateEnding": "2020-12-31", "reportedCurrency": "USD", "grossProfit": "3753000000", "totalRevenue": "3864000000", "costOfRevenue": "111000000", "costofGoodsAndServicesSold": "111000000", "operatingIncome": "903000000", "sellingGeneralAndAdministrative": "1554000000", "researchAndDevelopment": "None", "operatingExpenses": "2850000000", "investmentIncomeNet": "None", "netInterestIncome": "680000000", "interestIncome": "776000000", "interestExpense": "96000000", "nonInterestIncome": "None", "otherNonOperatingIncome": "41000000", "depreciation": "None", "depreciationAndAmortization": "455000000", "incomeBeforeTax": "903000000", "incomeTaxExpense": "148000000", "interestAndDebtExpense": "None", "netIncomeFromContinuingOperations": "755000000", "comprehensiveIncomeNetOfTax": "None", "ebit": "903000000", "ebitda": "1358000000", "netIncome": "750000000"}, {"fiscalDateEnding": "2020-09-30", "reportedCurrency": "USD", "grossProfit": "3753000000", "totalRevenue": "3879000000", "costOfRevenue": "126000000", "costofGoodsAndServicesSold": "126000000", "operatingIncome": "1157000000", "sellingGeneralAndAdministrative": "1466000000", "researchAndDevelopment": "None", "operatingExpenses": "2596000000", "investmentIncomeNet": "None", "netInterestIncome": "703000000", "interestIncome": "820000000", "interestExpense": "117000000", "nonInterestIncome": "None", "otherNonOperatingIncome": "27000000", "depreciation": "None", "depreciationAndAmortization": "431000000", "incomeBeforeTax": "1157000000", "incomeTaxExpense": "213000000", "interestAndDebtExpense": "None", "netIncomeFromContinuingOperations": "944000000", "comprehensiveIncomeNetOfTax": "None", "ebit": "1157000000", "ebitda": "1588000000", "netIncome": "937000000"}, {"fiscalDateEnding": "2020-06-30", "reportedCurrency": "USD", "grossProfit": "3782000000", "totalRevenue": "4088000000", "costOfRevenue": "306000000", "costofGoodsAndServicesSold": "306000000", "operatingIncome": "1181000000", "sellingGeneralAndAdministrative": "1464000000", "researchAndDevelopment": "None", "operatingExpenses": "2601000000", "investmentIncomeNet": "None", "netInterestIncome": "780000000", "interestIncome": "943000000", "interestExpense": "163000000", "nonInterestIncome": "None", "otherNonOperatingIncome": "54000000", "depreciation": "None", "depreciationAndAmortization": "390000000", "incomeBeforeTax": "1181000000", "incomeTaxExpense": "216000000", "interestAndDebtExpense": "None", "netIncomeFromContinuingOperations": "965000000", "comprehensiveIncomeNetOfTax": "None", "ebit": "1181000000", "ebitda": "1571000000", "netIncome": "950000000"}, {"fiscalDateEnding": "2020-03-31", "reportedCurrency": "USD", "grossProfit": "3848000000", "totalRevenue": "4773000000", "costOfRevenue": "925000000", "costofGoodsAndServicesSold": "925000000", "operatingIncome": "1227000000", "sellingGeneralAndAdministrative": "1482000000", "researchAndDevelopment": "None", "operatingExpenses": "2621000000", "investmentIncomeNet": "None", "netInterestIncome": "814000000", "interestIncome": "1570000000", "interestExpense": "756000000", "nonInterestIncome": "None", "otherNonOperatingIncome": "-38000000", "depreciation": "None", "depreciationAndAmortization": "354000000", "incomeBeforeTax": "1227000000", "incomeTaxExpense": "265000000", "interestAndDebtExpense": "None", "netIncomeFromContinuingOperations": "962000000", "comprehensiveIncomeNetOfTax": "None", "ebit": "1227000000", "ebitda": "1581000000", "netIncome": "980000000"}, {"fiscalDateEnding": "2019-12-31", "reportedCurrency": "USD", "grossProfit": "4694000000", "totalRevenue": "5592000000", "costOfRevenue": "898000000", "costofGoodsAndServicesSold": "898000000", "operatingIncome": "1822000000", "sellingGeneralAndAdministrative": "1639000000", "researchAndDevelopment": "None", "operatingExpenses": "2872000000", "investmentIncomeNet": "None", "netInterestIncome": "815000000", "interestIncome": "1721000000", "interestExpense": "906000000", "nonInterestIncome": "None", "otherNonOperatingIncome": "17000000", "depreciation": "None", "depreciationAndAmortization": "344000000", "incomeBeforeTax": "1822000000", "incomeTaxExpense": "373000000", "interestAndDebtExpense": "None", "netIncomeFromContinuingOperations": "1449000000", "comprehensiveIncomeNetOfTax": "None", "ebit": "1822000000", "ebitda": "2166000000", "netIncome": "1440000000"}, {"fiscalDateEnding": "2019-09-30", "reportedCurrency": "USD", "grossProfit": "3780000000", "totalRevenue": "4976000000", "costOfRevenue": "1196000000", "costofGoodsAndServicesSold": "1196000000", "operatingIncome": "1287000000", "sellingGeneralAndAdministrative": "1479000000", "researchAndDevelopment": "None", "operatingExpenses": "2493000000", "investmentIncomeNet": "None", "netInterestIncome": "730000000", "interestIncome": "1942000000", "interestExpense": "1212000000", "nonInterestIncome": "None", "otherNonOperatingIncome": "3000000", "depreciation": "None", "depreciationAndAmortization": "336000000", "incomeBeforeTax": "1287000000", "incomeTaxExpense": "246000000", "interestAndDebtExpense": "None", "netIncomeFromContinuingOperations": "1041000000", "comprehensiveIncomeNetOfTax": "None", "ebit": "1287000000", "ebitda": "1623000000", "netIncome": "1038000000"}, {"fiscalDateEnding": "2019-06-30", "reportedCurrency": "USD", "grossProfit": "3838000000", "totalRevenue": "4993000000", "costOfRevenue": "1155000000", "costofGoodsAndServicesSold": "1155000000", "operatingIncome": "1285000000", "sellingGeneralAndAdministrative": "1421000000", "researchAndDevelopment": "None", "operatingExpenses": "2553000000", "investmentIncomeNet": "None", "netInterestIncome": "802000000", "interestIncome": "1965000000", "interestExpense": "1163000000", "nonInterestIncome": "None", "otherNonOperatingIncome": "10000000", "depreciation": "None", "depreciationAndAmortization": "333000000", "incomeBeforeTax": "1285000000", "incomeTaxExpense": "264000000", "interestAndDebtExpense": "None", "netIncomeFromContinuingOperations": "1021000000", "comprehensiveIncomeNetOfTax": "None", "ebit": "1285000000", "ebitda": "1618000000", "netIncome": "1017000000"}, {"fiscalDateEnding": "2019-03-31", "reportedCurrency": "USD", "grossProfit": "3801000000", "totalRevenue": "4887000000", "costOfRevenue": "1086000000", "costofGoodsAndServicesSold": "1086000000", "operatingIncome": "1193000000", "sellingGeneralAndAdministrative": "1524000000", "researchAndDevelopment": "None", "operatingExpenses": "2608000000", "investmentIncomeNet": "None", "netInterestIncome": "841000000", "interestIncome": "1920000000", "interestExpense": "1079000000", "nonInterestIncome": "None", "otherNonOperatingIncome": "26000000", "depreciation": "None", "depreciationAndAmortization": "302000000", "incomeBeforeTax": "1193000000", "incomeTaxExpense": "237000000", "interestAndDebtExpense": "None", "netIncomeFromContinuingOperations": "956000000", "comprehensiveIncomeNetOfTax": "None", "ebit": "1193000000", "ebitda": "1495000000", "netIncome": "946000000"}, {"fiscalDateEnding": "2018-12-31", "reportedCurrency": "USD", "grossProfit": "3912000000", "totalRevenue": "4891000000", "costOfRevenue": "979000000", "costofGoodsAndServicesSold": "979000000", "operatingIncome": "1020000000", "sellingGeneralAndAdministrative": "1602000000", "researchAndDevelopment": "0", "operatingExpenses": "2892000000", "investmentIncomeNet": "None", "netInterestIncome": "None", "interestIncome": "None", "interestExpense": "979000000", "nonInterestIncome": "None", "otherNonOperatingIncome": "-24000000", "depreciation": "None", "depreciationAndAmortization": "328000000", "incomeBeforeTax": "1020000000", "incomeTaxExpense": "150000000", "interestAndDebtExpense": "None", "netIncomeFromContinuingOperations": "-4598000000", "comprehensiveIncomeNetOfTax": "None", "ebit": "1020000000", "ebitda": "1348000000", "netIncome": "881000000"}, {"fiscalDateEnding": "2018-09-30", "reportedCurrency": "USD", "grossProfit": "3973000000", "totalRevenue": "4713000000", "costOfRevenue": "740000000", "costofGoodsAndServicesSold": "740000000", "operatingIncome": "1334000000", "sellingGeneralAndAdministrative": "1478000000", "researchAndDevelopment": "0", "operatingExpenses": "2639000000", "investmentIncomeNet": "None", "netInterestIncome": "None", "interestIncome": "None", "interestExpense": "743000000", "nonInterestIncome": "None", "otherNonOperatingIncome": "10000000", "depreciation": "None", "depreciationAndAmortization": "334000000", "incomeBeforeTax": "1334000000", "incomeTaxExpense": "220000000", "interestAndDebtExpense": "None", "netIncomeFromContinuingOperations": "1114000000", "comprehensiveIncomeNetOfTax": "None", "ebit": "1334000000", "ebitda": "1668000000", "netIncome": "1111000000"}, {"fiscalDateEnding": "2018-06-30", "reportedCurrency": "USD", "grossProfit": "4035000000", "totalRevenue": "4669000000", "costOfRevenue": "634000000", "costofGoodsAndServicesSold": "634000000", "operatingIncome": "1394000000", "sellingGeneralAndAdministrative": "1489000000", "researchAndDevelopment": "0", "operatingExpenses": "2641000000", "investmentIncomeNet": "None", "netInterestIncome": "None", "interestIncome": "None", "interestExpense": "637000000", "nonInterestIncome": "None", "otherNonOperatingIncome": "12000000", "depreciation": "None", "depreciationAndAmortization": "342000000", "incomeBeforeTax": "1394000000", "incomeTaxExpense": "286000000", "interestAndDebtExpense": "None", "netIncomeFromContinuingOperations": "1108000000", "comprehensiveIncomeNetOfTax": "None", "ebit": "1394000000", "ebitda": "1736000000", "netIncome": "1103000000"}, {"fiscalDateEnding": "2018-03-31", "reportedCurrency": "USD", "grossProfit": "4077000000", "totalRevenue": "4534000000", "costOfRevenue": "457000000", "costofGoodsAndServicesSold": "457000000", "operatingIncome": "1444000000", "sellingGeneralAndAdministrative": "1576000000", "researchAndDevelopment": "0", "operatingExpenses": "2633000000", "investmentIncomeNet": "None", "netInterestIncome": "None", "interestIncome": "None", "interestExpense": "462000000", "nonInterestIncome": "None", "otherNonOperatingIncome": "-11000000", "depreciation": "None", "depreciationAndAmortization": "335000000", "incomeBeforeTax": "1444000000", "incomeTaxExpense": "282000000", "interestAndDebtExpense": "None", "netIncomeFromContinuingOperations": "6630000000", "comprehensiveIncomeNetOfTax": "None", "ebit": "1444000000", "ebitda": "1779000000", "netIncome": "1171000000"}, {"fiscalDateEnding": "2017-12-31", "reportedCurrency": "USD", "grossProfit": "3628000000", "totalRevenue": "3990000000", "costOfRevenue": "362000000", "costofGoodsAndServicesSold": "362000000", "operatingIncome": "728000000", "sellingGeneralAndAdministrative": "1628000000", "researchAndDevelopment": "0", "operatingExpenses": "2900000000", "investmentIncomeNet": "None", "netInterestIncome": "None", "interestIncome": "None", "interestExpense": "368000000", "nonInterestIncome": "None", "otherNonOperatingIncome": "-1000000", "depreciation": "None", "depreciationAndAmortization": "430000000", "incomeBeforeTax": "728000000", "incomeTaxExpense": "-453000000", "interestAndDebtExpense": "None", "netIncomeFromContinuingOperations": "7163000000", "comprehensiveIncomeNetOfTax": "None", "ebit": "728000000", "ebitda": "1158000000", "netIncome": "1175000000"}, {"fiscalDateEnding": "2017-09-30", "reportedCurrency": "USD", "grossProfit": "3913000000", "totalRevenue": "4219000000", "costOfRevenue": "306000000", "costofGoodsAndServicesSold": "306000000", "operatingIncome": "1368000000", "sellingGeneralAndAdministrative": "1485000000", "researchAndDevelopment": "0", "operatingExpenses": "2545000000", "investmentIncomeNet": "None", "netInterestIncome": "None", "interestIncome": "None", "interestExpense": "312000000", "nonInterestIncome": "None", "otherNonOperatingIncome": "28000000", "depreciation": "None", "depreciationAndAmortization": "351000000", "incomeBeforeTax": "1368000000", "incomeTaxExpense": "348000000", "interestAndDebtExpense": "None", "netIncomeFromContinuingOperations": "6334000000", "comprehensiveIncomeNetOfTax": "None", "ebit": "1368000000", "ebitda": "1719000000", "netIncome": "1018000000"}, {"fiscalDateEnding": "2017-06-30", "reportedCurrency": "USD", "grossProfit": "3859000000", "totalRevenue": "4078000000", "costOfRevenue": "219000000", "costofGoodsAndServicesSold": "219000000", "operatingIncome": "1308000000", "sellingGeneralAndAdministrative": "1432000000", "researchAndDevelopment": "0", "operatingExpenses": "2551000000", "investmentIncomeNet": "None", "netInterestIncome": "None", "interestIncome": "None", "interestExpense": "226000000", "nonInterestIncome": "None", "otherNonOperatingIncome": "10000000", "depreciation": "None", "depreciationAndAmortization": "346000000", "incomeBeforeTax": "1308000000", "incomeTaxExpense": "332000000", "interestAndDebtExpense": "None", "netIncomeFromContinuingOperations": "6272000000", "comprehensiveIncomeNetOfTax": "None", "ebit": "1308000000", "ebitda": "1654000000", "netIncome": "975000000"}, {"fiscalDateEnding": "2017-03-31", "reportedCurrency": "USD", "grossProfit": "3748000000", "totalRevenue": "3911000000", "costOfRevenue": "163000000", "costofGoodsAndServicesSold": "163000000", "operatingIncome": "1206000000", "sellingGeneralAndAdministrative": "1488000000", "researchAndDevelopment": "0", "operatingExpenses": "2542000000", "investmentIncomeNet": "None", "netInterestIncome": "None", "interestIncome": "None", "interestExpense": "168000000", "nonInterestIncome": "None", "otherNonOperatingIncome": "33000000", "depreciation": "None", "depreciationAndAmortization": "347000000", "incomeBeforeTax": "1206000000", "incomeTaxExpense": "269000000", "interestAndDebtExpense": "None", "netIncomeFromContinuingOperations": "6211000000", "comprehensiveIncomeNetOfTax": "None", "ebit": "1206000000", "ebitda": "1553000000", "netIncome": "922000000"}, {"fiscalDateEnding": "2016-12-31", "reportedCurrency": "USD", "grossProfit": "3685000000", "totalRevenue": "3789000000", "costOfRevenue": "104000000", "costofGoodsAndServicesSold": "104000000", "operatingIncome": "1152000000", "sellingGeneralAndAdministrative": "1395000000", "researchAndDevelopment": "0", "operatingExpenses": "2533000000", "investmentIncomeNet": "None", "netInterestIncome": "None", "interestIncome": "None", "interestExpense": "97000000", "nonInterestIncome": "None", "otherNonOperatingIncome": "5000000", "depreciation": "None", "depreciationAndAmortization": "384000000", "incomeBeforeTax": "1152000000", "incomeTaxExpense": "280000000", "interestAndDebtExpense": "None", "netIncomeFromContinuingOperations": "5570000000", "comprehensiveIncomeNetOfTax": "None", "ebit": "1152000000", "ebitda": "1536000000", "netIncome": "870000000"}, {"fiscalDateEnding": "2016-09-30", "reportedCurrency": "USD", "grossProfit": "3855000000", "totalRevenue": "3936000000", "costOfRevenue": "81000000", "costofGoodsAndServicesSold": "81000000", "operatingIncome": "1317000000", "sellingGeneralAndAdministrative": "1467000000", "researchAndDevelopment": "0", "operatingExpenses": "2538000000", "investmentIncomeNet": "None", "netInterestIncome": "None", "interestIncome": "None", "interestExpense": "100000000", "nonInterestIncome": "None", "otherNonOperatingIncome": "17000000", "depreciation": "None", "depreciationAndAmortization": "370000000", "incomeBeforeTax": "1317000000", "incomeTaxExpense": "324000000", "interestAndDebtExpense": "None", "netIncomeFromContinuingOperations": "6241000000", "comprehensiveIncomeNetOfTax": "None", "ebit": "1317000000", "ebitda": "1687000000", "netIncome": "987000000"}, {"fiscalDateEnding": "2016-06-30", "reportedCurrency": "USD", "grossProfit": "3683000000", "totalRevenue": "3797000000", "costOfRevenue": "114000000", "costofGoodsAndServicesSold": "114000000", "operatingIncome": "1165000000", "sellingGeneralAndAdministrative": "1412000000", "researchAndDevelopment": "0", "operatingExpenses": "2518000000", "investmentIncomeNet": "None", "netInterestIncome": "None", "interestIncome": "None", "interestExpense": "123000000", "nonInterestIncome": "None", "otherNonOperatingIncome": "10000000", "depreciation": "None", "depreciationAndAmortization": "384000000", "incomeBeforeTax": "1165000000", "incomeTaxExpense": "290000000", "interestAndDebtExpense": "None", "netIncomeFromContinuingOperations": "6411000000", "comprehensiveIncomeNetOfTax": "None", "ebit": "1165000000", "ebitda": "1549000000", "netIncome": "873000000"}, {"fiscalDateEnding": "2016-03-31", "reportedCurrency": "USD", "grossProfit": "3620000000", "totalRevenue": "3747000000", "costOfRevenue": "127000000", "costofGoodsAndServicesSold": "127000000", "operatingIncome": "1091000000", "sellingGeneralAndAdministrative": "1459000000", "researchAndDevelopment": "0", "operatingExpenses": "2529000000", "investmentIncomeNet": "None", "netInterestIncome": "None", "interestIncome": "None", "interestExpense": "117000000", "nonInterestIncome": "None", "otherNonOperatingIncome": "-6000000", "depreciation": "None", "depreciationAndAmortization": "364000000", "incomeBeforeTax": "1091000000", "incomeTaxExpense": "283000000", "interestAndDebtExpense": "None", "netIncomeFromContinuingOperations": "6350000000", "comprehensiveIncomeNetOfTax": "None", "ebit": "1091000000", "ebitda": "1455000000", "netIncome": "817000000"}, {"fiscalDateEnding": "2015-12-31", "reportedCurrency": "USD", "grossProfit": "3471000000", "totalRevenue": "3708000000", "costOfRevenue": "237000000", "costofGoodsAndServicesSold": "237000000", "operatingIncome": "871000000", "sellingGeneralAndAdministrative": "1481000000", "researchAndDevelopment": "0", "operatingExpenses": "2600000000", "investmentIncomeNet": "None", "netInterestIncome": "None", "interestIncome": "None", "interestExpense": "74000000", "nonInterestIncome": "None", "otherNonOperatingIncome": "-53000000", "depreciation": "None", "depreciationAndAmortization": "373000000", "incomeBeforeTax": "871000000", "incomeTaxExpense": "175000000", "interestAndDebtExpense": "None", "netIncomeFromContinuingOperations": "11455000000", "comprehensiveIncomeNetOfTax": "None", "ebit": "871000000", "ebitda": "1244000000", "netIncome": "693000000"}, {"fiscalDateEnding": "2015-09-30", "reportedCurrency": "USD", "grossProfit": "3694000000", "totalRevenue": "3774000000", "costOfRevenue": "80000000", "costofGoodsAndServicesSold": "80000000", "operatingIncome": "1109000000", "sellingGeneralAndAdministrative": "1437000000", "researchAndDevelopment": "0", "operatingExpenses": "2585000000", "investmentIncomeNet": "None", "netInterestIncome": "None", "interestIncome": "None", "interestExpense": "79000000", "nonInterestIncome": "None", "otherNonOperatingIncome": "-22000000", "depreciation": "None", "depreciationAndAmortization": "376000000", "incomeBeforeTax": "1109000000", "incomeTaxExpense": "282000000", "interestAndDebtExpense": "None", "netIncomeFromContinuingOperations": "6169000000", "comprehensiveIncomeNetOfTax": "None", "ebit": "1109000000", "ebitda": "1485000000", "netIncome": "833000000"}, {"fiscalDateEnding": "2015-06-30", "reportedCurrency": "USD", "grossProfit": "3796000000", "totalRevenue": "3858000000", "costOfRevenue": "62000000", "costofGoodsAndServicesSold": "62000000", "operatingIncome": "1165000000", "sellingGeneralAndAdministrative": "1434000000", "researchAndDevelopment": "0", "operatingExpenses": "2631000000", "investmentIncomeNet": "None", "netInterestIncome": "None", "interestIncome": "None", "interestExpense": "68000000", "nonInterestIncome": "None", "otherNonOperatingIncome": "40000000", "depreciation": "None", "depreciationAndAmortization": "368000000", "incomeBeforeTax": "1165000000", "incomeTaxExpense": "276000000", "interestAndDebtExpense": "None", "netIncomeFromContinuingOperations": "6345000000", "comprehensiveIncomeNetOfTax": "None", "ebit": "1165000000", "ebitda": "1533000000", "netIncome": "853000000"}, {"fiscalDateEnding": "2015-03-31", "reportedCurrency": "USD", "grossProfit": "3692000000", "totalRevenue": "3773000000", "costOfRevenue": "81000000", "costofGoodsAndServicesSold": "81000000", "operatingIncome": "1090000000", "sellingGeneralAndAdministrative": "1485000000", "researchAndDevelopment": "0", "operatingExpenses": "2602000000", "investmentIncomeNet": "None", "netInterestIncome": "None", "interestIncome": "None", "interestExpense": "79000000", "nonInterestIncome": "None", "otherNonOperatingIncome": "121000000", "depreciation": "None", "depreciationAndAmortization": "340000000", "incomeBeforeTax": "1090000000", "incomeTaxExpense": "280000000", "interestAndDebtExpense": "None", "netIncomeFromContinuingOperations": "869000000", "comprehensiveIncomeNetOfTax": "None", "ebit": "1090000000", "ebitda": "1430000000", "netIncome": "779000000"}, {"fiscalDateEnding": "2014-12-31", "reportedCurrency": "USD", "grossProfit": "3586000000", "totalRevenue": "3677000000", "costOfRevenue": "91000000", "costofGoodsAndServicesSold": "91000000", "operatingIncome": "164000000", "sellingGeneralAndAdministrative": "1418000000", "researchAndDevelopment": "0", "operatingExpenses": "3422000000", "investmentIncomeNet": "None", "netInterestIncome": "None", "interestIncome": "None", "interestExpense": "90000000", "nonInterestIncome": "None", "otherNonOperatingIncome": "42000000", "depreciation": "None", "depreciationAndAmortization": "316000000", "incomeBeforeTax": "164000000", "incomeTaxExpense": "-93000000", "interestAndDebtExpense": "None", "netIncomeFromContinuingOperations": "257000000", "comprehensiveIncomeNetOfTax": "None", "ebit": "164000000", "ebitda": "480000000", "netIncome": "233000000"}, {"fiscalDateEnding": "2014-09-30", "reportedCurrency": "USD", "grossProfit": "3687000000", "totalRevenue": "3756000000", "costOfRevenue": "69000000", "costofGoodsAndServicesSold": "69000000", "operatingIncome": "1662000000", "sellingGeneralAndAdministrative": "1477000000", "researchAndDevelopment": "0", "operatingExpenses": "2025000000", "investmentIncomeNet": "None", "netInterestIncome": "None", "interestIncome": "None", "interestExpense": "88000000", "nonInterestIncome": "None", "otherNonOperatingIncome": "39000000", "depreciation": "None", "depreciationAndAmortization": "330000000", "incomeBeforeTax": "1662000000", "incomeTaxExpense": "556000000", "interestAndDebtExpense": "None", "netIncomeFromContinuingOperations": "1106000000", "comprehensiveIncomeNetOfTax": "None", "ebit": "1662000000", "ebitda": "1992000000", "netIncome": "1083000000"}, {"fiscalDateEnding": "2014-06-30", "reportedCurrency": "USD", "grossProfit": "3645000000", "totalRevenue": "3725000000", "costOfRevenue": "80000000", "costofGoodsAndServicesSold": "80000000", "operatingIncome": "811000000", "sellingGeneralAndAdministrative": "1439000000", "researchAndDevelopment": "0", "operatingExpenses": "2834000000", "investmentIncomeNet": "None", "netInterestIncome": "None", "interestIncome": "None", "interestExpense": "92000000", "nonInterestIncome": "None", "otherNonOperatingIncome": "46000000", "depreciation": "None", "depreciationAndAmortization": "313000000", "incomeBeforeTax": "811000000", "incomeTaxExpense": "217000000", "interestAndDebtExpense": "None", "netIncomeFromContinuingOperations": "594000000", "comprehensiveIncomeNetOfTax": "None", "ebit": "811000000", "ebitda": "1124000000", "netIncome": "577000000"}, {"fiscalDateEnding": "2014-03-31", "reportedCurrency": "USD", "grossProfit": "3558000000", "totalRevenue": "3624000000", "costOfRevenue": "66000000", "costofGoodsAndServicesSold": "66000000", "operatingIncome": "926000000", "sellingGeneralAndAdministrative": "1511000000", "researchAndDevelopment": "0", "operatingExpenses": "2632000000", "investmentIncomeNet": "None", "netInterestIncome": "None", "interestIncome": "None", "interestExpense": "84000000", "nonInterestIncome": "None", "otherNonOperatingIncome": "36000000", "depreciation": "None", "depreciationAndAmortization": "333000000", "incomeBeforeTax": "926000000", "incomeTaxExpense": "232000000", "interestAndDebtExpense": "None", "netIncomeFromContinuingOperations": "694000000", "comprehensiveIncomeNetOfTax": "None", "ebit": "926000000", "ebitda": "1259000000", "netIncome": "674000000"}, {"fiscalDateEnding": "2013-12-31", "reportedCurrency": "USD", "grossProfit": "3495000000", "totalRevenue": "3586000000", "costOfRevenue": "91000000", "costofGoodsAndServicesSold": "91000000", "operatingIncome": "728000000", "sellingGeneralAndAdministrative": "1522000000", "researchAndDevelopment": "0", "operatingExpenses": "2767000000", "investmentIncomeNet": "None", "netInterestIncome": "None", "interestIncome": "None", "interestExpense": "85000000", "nonInterestIncome": "None", "otherNonOperatingIncome": "36000000", "depreciation": "None", "depreciationAndAmortization": "338000000", "incomeBeforeTax": "728000000", "incomeTaxExpense": "172000000", "interestAndDebtExpense": "None", "netIncomeFromContinuingOperations": "556000000", "comprehensiveIncomeNetOfTax": "None", "ebit": "728000000", "ebitda": "1066000000", "netIncome": "539000000"}, {"fiscalDateEnding": "2013-09-30", "reportedCurrency": "USD", "grossProfit": "3673000000", "totalRevenue": "3758000000", "costOfRevenue": "85000000", "costofGoodsAndServicesSold": "85000000", "operatingIncome": "1002000000", "sellingGeneralAndAdministrative": "1516000000", "researchAndDevelopment": "0", "operatingExpenses": "2671000000", "investmentIncomeNet": "None", "netInterestIncome": "None", "interestIncome": "None", "interestExpense": "83000000", "nonInterestIncome": "None", "otherNonOperatingIncome": "32000000", "depreciation": "None", "depreciationAndAmortization": "345000000", "incomeBeforeTax": "1002000000", "incomeTaxExpense": "19000000", "interestAndDebtExpense": "None", "netIncomeFromContinuingOperations": "988000000", "comprehensiveIncomeNetOfTax": "None", "ebit": "1002000000", "ebitda": "1347000000", "netIncome": "975000000"}, {"fiscalDateEnding": "2013-06-30", "reportedCurrency": "USD", "grossProfit": "3933000000", "totalRevenue": "3993000000", "costOfRevenue": "60000000", "costofGoodsAndServicesSold": "60000000", "operatingIncome": "1222000000", "sellingGeneralAndAdministrative": "1509000000", "researchAndDevelopment": "0", "operatingExpenses": "2711000000", "investmentIncomeNet": "None", "netInterestIncome": "None", "interestIncome": "None", "interestExpense": "79000000", "nonInterestIncome": "None", "otherNonOperatingIncome": "65000000", "depreciation": "None", "depreciationAndAmortization": "373000000", "incomeBeforeTax": "1222000000", "incomeTaxExpense": "339000000", "interestAndDebtExpense": "None", "netIncomeFromContinuingOperations": "885000000", "comprehensiveIncomeNetOfTax": "None", "ebit": "1222000000", "ebitda": "1595000000", "netIncome": "843000000"}, {"fiscalDateEnding": "2013-03-31", "reportedCurrency": "USD", "grossProfit": "3547000000", "totalRevenue": "3619000000", "costOfRevenue": "72000000", "costofGoodsAndServicesSold": "72000000", "operatingIncome": "825000000", "sellingGeneralAndAdministrative": "1472000000", "researchAndDevelopment": "0", "operatingExpenses": "2722000000", "investmentIncomeNet": "None", "netInterestIncome": "None", "interestIncome": "None", "interestExpense": "96000000", "nonInterestIncome": "None", "otherNonOperatingIncome": "50000000", "depreciation": "None", "depreciationAndAmortization": "333000000", "incomeBeforeTax": "825000000", "incomeTaxExpense": "1062000000", "interestAndDebtExpense": "None", "netIncomeFromContinuingOperations": "-237000000", "comprehensiveIncomeNetOfTax": "None", "ebit": "825000000", "ebitda": "1158000000", "netIncome": "-253000000"}, {"fiscalDateEnding": "2012-12-31", "reportedCurrency": "USD", "grossProfit": "3570000000", "totalRevenue": "3627000000", "costOfRevenue": "57000000", "costofGoodsAndServicesSold": "57000000", "operatingIncome": "853000000", "sellingGeneralAndAdministrative": "1457000000", "researchAndDevelopment": "0", "operatingExpenses": "2717000000", "investmentIncomeNet": "None", "netInterestIncome": "None", "interestIncome": "None", "interestExpense": "118000000", "nonInterestIncome": "None", "otherNonOperatingIncome": "42000000", "depreciation": "None", "depreciationAndAmortization": "335000000", "incomeBeforeTax": "853000000", "incomeTaxExpense": "207000000", "interestAndDebtExpense": "None", "netIncomeFromContinuingOperations": "-16452000000", "comprehensiveIncomeNetOfTax": "None", "ebit": "853000000", "ebitda": "1188000000", "netIncome": "635000000"}, {"fiscalDateEnding": "2012-09-30", "reportedCurrency": "USD", "grossProfit": "3571000000", "totalRevenue": "3694000000", "costOfRevenue": "123000000", "costofGoodsAndServicesSold": "123000000", "operatingIncome": "975000000", "sellingGeneralAndAdministrative": "1436000000", "researchAndDevelopment": "0", "operatingExpenses": "2596000000", "investmentIncomeNet": "None", "netInterestIncome": "None", "interestIncome": "None", "interestExpense": "128000000", "nonInterestIncome": "None", "otherNonOperatingIncome": "47000000", "depreciation": "None", "depreciationAndAmortization": "313000000", "incomeBeforeTax": "975000000", "incomeTaxExpense": "225000000", "interestAndDebtExpense": "None", "netIncomeFromContinuingOperations": "6182000000", "comprehensiveIncomeNetOfTax": "None", "ebit": "975000000", "ebitda": "1288000000", "netIncome": "725000000"}, {"fiscalDateEnding": "2012-06-30", "reportedCurrency": "USD", "grossProfit": "3533000000", "totalRevenue": "3655000000", "costOfRevenue": "122000000", "costofGoodsAndServicesSold": "122000000", "operatingIncome": "589000000", "sellingGeneralAndAdministrative": "1415000000", "researchAndDevelopment": "0", "operatingExpenses": "2944000000", "investmentIncomeNet": "None", "netInterestIncome": "None", "interestIncome": "None", "interestExpense": "141000000", "nonInterestIncome": "None", "otherNonOperatingIncome": "57000000", "depreciation": "None", "depreciationAndAmortization": "299000000", "incomeBeforeTax": "589000000", "incomeTaxExpense": "93000000", "interestAndDebtExpense": "None", "netIncomeFromContinuingOperations": "6618000000", "comprehensiveIncomeNetOfTax": "None", "ebit": "589000000", "ebitda": "888000000", "netIncome": "466000000"}, {"fiscalDateEnding": "2012-03-31", "reportedCurrency": "USD", "grossProfit": "3540000000", "totalRevenue": "3692000000", "costOfRevenue": "152000000", "costofGoodsAndServicesSold": "152000000", "operatingIncome": "885000000", "sellingGeneralAndAdministrative": "1453000000", "researchAndDevelopment": "0", "operatingExpenses": "2655000000", "investmentIncomeNet": "None", "netInterestIncome": "None", "interestIncome": "None", "interestExpense": "147000000", "nonInterestIncome": "None", "otherNonOperatingIncome": "43000000", "depreciation": "None", "depreciationAndAmortization": "299000000", "incomeBeforeTax": "885000000", "incomeTaxExpense": "254000000", "interestAndDebtExpense": "None", "netIncomeFromContinuingOperations": "6175000000", "comprehensiveIncomeNetOfTax": "None", "ebit": "885000000", "ebitda": "1184000000", "netIncome": "619000000"}, {"fiscalDateEnding": "2011-12-31", "reportedCurrency": "USD", "grossProfit": "2965000000", "totalRevenue": "3133000000", "costOfRevenue": "168000000", "costofGoodsAndServicesSold": "168000000", "operatingIncome": "689000000", "sellingGeneralAndAdministrative": "1026000000", "researchAndDevelopment": "0", "operatingExpenses": "2276000000", "investmentIncomeNet": "None", "netInterestIncome": "None", "interestIncome": "None", "interestExpense": "145000000", "nonInterestIncome": "None", "otherNonOperatingIncome": "-5000000", "depreciation": "None", "depreciationAndAmortization": "219000000", "incomeBeforeTax": "689000000", "incomeTaxExpense": "211000000", "interestAndDebtExpense": "None", "netIncomeFromContinuingOperations": "478000000", "comprehensiveIncomeNetOfTax": "None", "ebit": "689000000", "ebitda": "908000000", "netIncome": "505000000"}, {"fiscalDateEnding": "2011-09-30", "reportedCurrency": "USD", "grossProfit": "3672000000", "totalRevenue": "3847000000", "costOfRevenue": "175000000", "costofGoodsAndServicesSold": "175000000", "operatingIncome": "945000000", "sellingGeneralAndAdministrative": "1570000000", "researchAndDevelopment": "0", "operatingExpenses": "2727000000", "investmentIncomeNet": "None", "netInterestIncome": "None", "interestIncome": "None", "interestExpense": "153000000", "nonInterestIncome": "None", "otherNonOperatingIncome": "32000000", "depreciation": "None", "depreciationAndAmortization": "191000000", "incomeBeforeTax": "945000000", "incomeTaxExpense": "281000000", "interestAndDebtExpense": "None", "netIncomeFromContinuingOperations": "664000000", "comprehensiveIncomeNetOfTax": "None", "ebit": "945000000", "ebitda": "1136000000", "netIncome": "651000000"}, {"fiscalDateEnding": "2011-06-30", "reportedCurrency": "USD", "grossProfit": "3850000000", "totalRevenue": "4006000000", "costOfRevenue": "156000000", "costofGoodsAndServicesSold": "156000000", "operatingIncome": "1034000000", "sellingGeneralAndAdministrative": "1584000000", "researchAndDevelopment": "0", "operatingExpenses": "2816000000", "investmentIncomeNet": "None", "netInterestIncome": "None", "interestIncome": "None", "interestExpense": "156000000", "nonInterestIncome": "None", "otherNonOperatingIncome": "63000000", "depreciation": "None", "depreciationAndAmortization": "183000000", "incomeBeforeTax": "1034000000", "incomeTaxExpense": "277000000", "interestAndDebtExpense": "None", "netIncomeFromContinuingOperations": "757000000", "comprehensiveIncomeNetOfTax": "None", "ebit": "1034000000", "ebitda": "1217000000", "netIncome": "735000000"}, {"fiscalDateEnding": "2011-03-31", "reportedCurrency": "USD", "grossProfit": "3646000000", "totalRevenue": "3796000000", "costOfRevenue": "150000000", "costofGoodsAndServicesSold": "150000000", "operatingIncome": "949000000", "sellingGeneralAndAdministrative": "1546000000", "researchAndDevelopment": "0", "operatingExpenses": "2697000000", "investmentIncomeNet": "None", "netInterestIncome": "None", "interestIncome": "None", "interestExpense": "150000000", "nonInterestIncome": "None", "otherNonOperatingIncome": "110000000", "depreciation": "None", "depreciationAndAmortization": "183000000", "incomeBeforeTax": "949000000", "incomeTaxExpense": "279000000", "interestAndDebtExpense": "None", "netIncomeFromContinuingOperations": "670000000", "comprehensiveIncomeNetOfTax": "None", "ebit": "949000000", "ebitda": "1132000000", "netIncome": "625000000"}, {"fiscalDateEnding": "2010-12-31", "reportedCurrency": "USD", "grossProfit": "3396000000", "totalRevenue": "3567000000", "costOfRevenue": "171000000", "costofGoodsAndServicesSold": "171000000", "operatingIncome": "970000000", "sellingGeneralAndAdministrative": "1124000000", "researchAndDevelopment": "0", "operatingExpenses": "2426000000", "investmentIncomeNet": "None", "netInterestIncome": "None", "interestIncome": "None", "interestExpense": "193000000", "nonInterestIncome": "None", "otherNonOperatingIncome": "124000000", "depreciation": "None", "depreciationAndAmortization": "216000000", "incomeBeforeTax": "970000000", "incomeTaxExpense": "265000000", "interestAndDebtExpense": "None", "netIncomeFromContinuingOperations": "705000000", "comprehensiveIncomeNetOfTax": "None", "ebit": "970000000", "ebitda": "1186000000", "netIncome": "679000000"}, {"fiscalDateEnding": "2010-09-30", "reportedCurrency": "USD", "grossProfit": "3445000000", "totalRevenue": "3564000000", "costOfRevenue": "119000000", "costofGoodsAndServicesSold": "119000000", "operatingIncome": "834000000", "sellingGeneralAndAdministrative": "1452000000", "researchAndDevelopment": "0", "operatingExpenses": "2611000000", "investmentIncomeNet": "None", "netInterestIncome": "None", "interestIncome": "None", "interestExpense": "141000000", "nonInterestIncome": "None", "otherNonOperatingIncome": "37000000", "depreciation": "None", "depreciationAndAmortization": "156000000", "incomeBeforeTax": "834000000", "incomeTaxExpense": "220000000", "interestAndDebtExpense": "None", "netIncomeFromContinuingOperations": "614000000", "comprehensiveIncomeNetOfTax": "None", "ebit": "834000000", "ebitda": "990000000", "netIncome": "622000000"}, {"fiscalDateEnding": "2010-06-30", "reportedCurrency": "USD", "grossProfit": "3220000000", "totalRevenue": "3380000000", "costOfRevenue": "160000000", "costofGoodsAndServicesSold": "160000000", "operatingIncome": "1006000000", "sellingGeneralAndAdministrative": "1325000000", "researchAndDevelopment": "0", "operatingExpenses": "2214000000", "investmentIncomeNet": "None", "netInterestIncome": "None", "interestIncome": "None", "interestExpense": "140000000", "nonInterestIncome": "None", "otherNonOperatingIncome": "65000000", "depreciation": "None", "depreciationAndAmortization": "144000000", "incomeBeforeTax": "1006000000", "incomeTaxExpense": "304000000", "interestAndDebtExpense": "None", "netIncomeFromContinuingOperations": "702000000", "comprehensiveIncomeNetOfTax": "None", "ebit": "1006000000", "ebitda": "1150000000", "netIncome": "658000000"}, {"fiscalDateEnding": "2010-03-31", "reportedCurrency": "USD", "grossProfit": "3324000000", "totalRevenue": "3477000000", "costOfRevenue": "153000000", "costofGoodsAndServicesSold": "153000000", "operatingIncome": "884000000", "sellingGeneralAndAdministrative": "1366000000", "researchAndDevelopment": "0", "operatingExpenses": "2440000000", "investmentIncomeNet": "None", "netInterestIncome": "None", "interestIncome": "None", "interestExpense": "118000000", "nonInterestIncome": "None", "otherNonOperatingIncome": "None", "depreciation": "None", "depreciationAndAmortization": "113000000", "incomeBeforeTax": "884000000", "incomeTaxExpense": "258000000", "interestAndDebtExpense": "None", "netIncomeFromContinuingOperations": "626000000", "comprehensiveIncomeNetOfTax": "None", "ebit": "884000000", "ebitda": "997000000", "netIncome": "559000000"}, {"fiscalDateEnding": "2009-12-31", "reportedCurrency": "USD", "grossProfit": "2797000000", "totalRevenue": "2992000000", "costOfRevenue": "195000000", "costofGoodsAndServicesSold": "195000000", "operatingIncome": "672000000", "sellingGeneralAndAdministrative": "482000000", "researchAndDevelopment": "0", "operatingExpenses": "2125000000", "investmentIncomeNet": "None", "netInterestIncome": "None", "interestIncome": "None", "interestExpense": "130000000", "nonInterestIncome": "None", "otherNonOperatingIncome": "None", "depreciation": "None", "depreciationAndAmortization": "191000000", "incomeBeforeTax": "672000000", "incomeTaxExpense": "-41000000", "interestAndDebtExpense": "None", "netIncomeFromContinuingOperations": "0", "comprehensiveIncomeNetOfTax": "None", "ebit": "672000000", "ebitda": "863000000", "netIncome": "593000000"}, {"fiscalDateEnding": "2009-09-30", "reportedCurrency": "USD", "grossProfit": "-1654000000", "totalRevenue": "-1394000000", "costOfRevenue": "260000000", "costofGoodsAndServicesSold": "260000000", "operatingIncome": "-3965000000", "sellingGeneralAndAdministrative": "1252000000", "researchAndDevelopment": "0", "operatingExpenses": "2311000000", "investmentIncomeNet": "None", "netInterestIncome": "None", "interestIncome": "None", "interestExpense": "113000000", "nonInterestIncome": "None", "otherNonOperatingIncome": "None", "depreciation": "None", "depreciationAndAmortization": "193000000", "incomeBeforeTax": "-3965000000", "incomeTaxExpense": "-1527000000", "interestAndDebtExpense": "None", "netIncomeFromContinuingOperations": "-2438000000", "comprehensiveIncomeNetOfTax": "None", "ebit": "-3965000000", "ebitda": "-3772000000", "netIncome": "-2458000000"}, {"fiscalDateEnding": "2009-06-30", "reportedCurrency": "USD", "grossProfit": "2896000000", "totalRevenue": "3102000000", "costOfRevenue": "206000000", "costofGoodsAndServicesSold": "206000000", "operatingIncome": "513000000", "sellingGeneralAndAdministrative": "1390000000", "researchAndDevelopment": "0", "operatingExpenses": "2383000000", "investmentIncomeNet": "None", "netInterestIncome": "None", "interestIncome": "None", "interestExpense": "145000000", "nonInterestIncome": "None", "otherNonOperatingIncome": "None", "depreciation": "None", "depreciationAndAmortization": "176000000", "incomeBeforeTax": "513000000", "incomeTaxExpense": "12000000", "interestAndDebtExpense": "None", "netIncomeFromContinuingOperations": "501000000", "comprehensiveIncomeNetOfTax": "None", "ebit": "513000000", "ebitda": "689000000", "netIncome": "412000000"}, {"fiscalDateEnding": "2009-03-31", "reportedCurrency": "USD", "grossProfit": "2852000000", "totalRevenue": "3115000000", "costOfRevenue": "263000000", "costofGoodsAndServicesSold": "263000000", "operatingIncome": "572000000", "sellingGeneralAndAdministrative": "1406000000", "researchAndDevelopment": "0", "operatingExpenses": "2280000000", "investmentIncomeNet": "None", "netInterestIncome": "None", "interestIncome": "None", "interestExpense": "204000000", "nonInterestIncome": "None", "otherNonOperatingIncome": "None", "depreciation": "None", "depreciationAndAmortization": "151000000", "incomeBeforeTax": "572000000", "incomeTaxExpense": "161000000", "interestAndDebtExpense": "None", "netIncomeFromContinuingOperations": "0", "comprehensiveIncomeNetOfTax": "None", "ebit": "572000000", "ebitda": "723000000", "netIncome": "369000000"}, {"fiscalDateEnding": "2008-12-31", "reportedCurrency": "USD", "grossProfit": "2275000000", "totalRevenue": "2816000000", "costOfRevenue": "541000000", "costofGoodsAndServicesSold": "541000000", "operatingIncome": "-49000000", "sellingGeneralAndAdministrative": "1154000000", "researchAndDevelopment": "0", "operatingExpenses": "2324000000", "investmentIncomeNet": "None", "netInterestIncome": "None", "interestIncome": "None", "interestExpense": "481000000", "nonInterestIncome": "None", "otherNonOperatingIncome": "None", "depreciation": "None", "depreciationAndAmortization": "190000000", "incomeBeforeTax": "-49000000", "incomeTaxExpense": "-135000000", "interestAndDebtExpense": "None", "netIncomeFromContinuingOperations": "0", "comprehensiveIncomeNetOfTax": "None", "ebit": "-49000000", "ebitda": "141000000", "netIncome": "61000000"}, {"fiscalDateEnding": "2008-09-30", "reportedCurrency": "USD", "grossProfit": "3584000000", "totalRevenue": "4238000000", "costOfRevenue": "654000000", "costofGoodsAndServicesSold": "654000000", "operatingIncome": "265000000", "sellingGeneralAndAdministrative": "1499000000", "researchAndDevelopment": "0", "operatingExpenses": "3319000000", "investmentIncomeNet": "None", "netInterestIncome": "None", "interestIncome": "None", "interestExpense": "631000000", "nonInterestIncome": "None", "otherNonOperatingIncome": "None", "depreciation": "None", "depreciationAndAmortization": "221000000", "incomeBeforeTax": "265000000", "incomeTaxExpense": "-42000000", "interestAndDebtExpense": "None", "netIncomeFromContinuingOperations": "0", "comprehensiveIncomeNetOfTax": "None", "ebit": "265000000", "ebitda": "486000000", "netIncome": "303000000"}, {"fiscalDateEnding": "2008-06-30", "reportedCurrency": "USD", "grossProfit": "3262000000", "totalRevenue": "3952000000", "costOfRevenue": "690000000", "costofGoodsAndServicesSold": "690000000", "operatingIncome": "621000000", "sellingGeneralAndAdministrative": "1662000000", "researchAndDevelopment": "0", "operatingExpenses": "2641000000", "investmentIncomeNet": "None", "netInterestIncome": "None", "interestIncome": "None", "interestExpense": "677000000", "nonInterestIncome": "None", "otherNonOperatingIncome": "None", "depreciation": "None", "depreciationAndAmortization": "239000000", "incomeBeforeTax": "621000000", "incomeTaxExpense": "312000000", "interestAndDebtExpense": "None", "netIncomeFromContinuingOperations": "0", "comprehensiveIncomeNetOfTax": "None", "ebit": "621000000", "ebitda": "860000000", "netIncome": "309000000"}, {"fiscalDateEnding": "2008-03-31", "reportedCurrency": "USD", "grossProfit": "3731000000", "totalRevenue": "4636000000", "costOfRevenue": "905000000", "costofGoodsAndServicesSold": "905000000", "operatingIncome": "1119000000", "sellingGeneralAndAdministrative": "1604000000", "researchAndDevelopment": "0", "operatingExpenses": "2612000000", "investmentIncomeNet": "None", "netInterestIncome": "None", "interestIncome": "None", "interestExpense": "889000000", "nonInterestIncome": "None", "otherNonOperatingIncome": "None", "depreciation": "None", "depreciationAndAmortization": "231000000", "incomeBeforeTax": "1119000000", "incomeTaxExpense": "361000000", "interestAndDebtExpense": "None", "netIncomeFromContinuingOperations": "0", "comprehensiveIncomeNetOfTax": "None", "ebit": "1119000000", "ebitda": "1350000000", "netIncome": "746000000"}, {"fiscalDateEnding": "2007-12-31", "reportedCurrency": "USD", "grossProfit": "3451000000", "totalRevenue": "4509000000", "costOfRevenue": "1058000000", "costofGoodsAndServicesSold": "1058000000", "operatingIncome": "1028000000", "sellingGeneralAndAdministrative": "1368000000", "researchAndDevelopment": "0", "operatingExpenses": "2423000000", "investmentIncomeNet": "None", "netInterestIncome": "None", "interestIncome": "None", "interestExpense": "1038000000", "nonInterestIncome": "None", "otherNonOperatingIncome": "None", "depreciation": "None", "depreciationAndAmortization": "376000000", "incomeBeforeTax": "1028000000", "incomeTaxExpense": "328000000", "interestAndDebtExpense": "None", "netIncomeFromContinuingOperations": "0", "comprehensiveIncomeNetOfTax": "None", "ebit": "1028000000", "ebitda": "1404000000", "netIncome": "520000000"}, {"fiscalDateEnding": "2007-09-30", "reportedCurrency": "USD", "grossProfit": "3600000000", "totalRevenue": "4709000000", "costOfRevenue": "1109000000", "costofGoodsAndServicesSold": "1109000000", "operatingIncome": "894000000", "sellingGeneralAndAdministrative": "1280000000", "researchAndDevelopment": "0", "operatingExpenses": "2706000000", "investmentIncomeNet": "None", "netInterestIncome": "None", "interestIncome": "None", "interestExpense": "1109000000", "nonInterestIncome": "None", "otherNonOperatingIncome": "None", "depreciation": "None", "depreciationAndAmortization": "224000000", "incomeBeforeTax": "894000000", "incomeTaxExpense": "252000000", "interestAndDebtExpense": "None", "netIncomeFromContinuingOperations": "0", "comprehensiveIncomeNetOfTax": "None", "ebit": "894000000", "ebitda": "1118000000", "netIncome": "640000000"}, {"fiscalDateEnding": "2007-06-30", "reportedCurrency": "USD", "grossProfit": "2047000000", "totalRevenue": "2742000000", "costOfRevenue": "695000000", "costofGoodsAndServicesSold": "695000000", "operatingIncome": "658000000", "sellingGeneralAndAdministrative": "752000000", "researchAndDevelopment": "0", "operatingExpenses": "1389000000", "investmentIncomeNet": "None", "netInterestIncome": "None", "interestIncome": "None", "interestExpense": "710000000", "nonInterestIncome": "None", "otherNonOperatingIncome": "None", "depreciation": "None", "depreciationAndAmortization": "99000000", "incomeBeforeTax": "658000000", "incomeTaxExpense": "210000000", "interestAndDebtExpense": "None", "netIncomeFromContinuingOperations": "0", "comprehensiveIncomeNetOfTax": "None", "ebit": "658000000", "ebitda": "757000000", "netIncome": "445000000"}, {"fiscalDateEnding": "2007-03-31", "reportedCurrency": "USD", "grossProfit": "1917000000", "totalRevenue": "2496000000", "costOfRevenue": "579000000", "costofGoodsAndServicesSold": "579000000", "operatingIncome": "645000000", "sellingGeneralAndAdministrative": "787000000", "researchAndDevelopment": "0", "operatingExpenses": "1272000000", "investmentIncomeNet": "None", "netInterestIncome": "None", "interestIncome": "None", "interestExpense": "594000000", "nonInterestIncome": "None", "otherNonOperatingIncome": "None", "depreciation": "None", "depreciationAndAmortization": "127000000", "incomeBeforeTax": "645000000", "incomeTaxExpense": "208000000", "interestAndDebtExpense": "None", "netIncomeFromContinuingOperations": "0", "comprehensiveIncomeNetOfTax": "None", "ebit": "645000000", "ebitda": "772000000", "netIncome": "434000000"}, {"fiscalDateEnding": "2006-12-31", "reportedCurrency": "USD", "grossProfit": "-257000000", "totalRevenue": "334000000", "costOfRevenue": "591000000", "costofGoodsAndServicesSold": "591000000", "operatingIncome": "622000000", "sellingGeneralAndAdministrative": "736000000", "researchAndDevelopment": "0", "operatingExpenses": "-879000000", "investmentIncomeNet": "None", "netInterestIncome": "None", "interestIncome": "None", "interestExpense": "606000000", "nonInterestIncome": "None", "otherNonOperatingIncome": "None", "depreciation": "None", "depreciationAndAmortization": "144000000", "incomeBeforeTax": "622000000", "incomeTaxExpense": "195000000", "interestAndDebtExpense": "None", "netIncomeFromContinuingOperations": "0", "comprehensiveIncomeNetOfTax": "None", "ebit": "622000000", "ebitda": "766000000", "netIncome": "1789000000"}, {"fiscalDateEnding": "2006-09-30", "reportedCurrency": "USD", "grossProfit": "1618000000", "totalRevenue": "2223000000", "costOfRevenue": "605000000", "costofGoodsAndServicesSold": "605000000", "operatingIncome": "422000000", "sellingGeneralAndAdministrative": "644000000", "researchAndDevelopment": "0", "operatingExpenses": "1196000000", "investmentIncomeNet": "None", "netInterestIncome": "None", "interestIncome": "None", "interestExpense": "609000000", "nonInterestIncome": "None", "otherNonOperatingIncome": "None", "depreciation": "None", "depreciationAndAmortization": "127000000", "incomeBeforeTax": "422000000", "incomeTaxExpense": "124000000", "interestAndDebtExpense": "None", "netIncomeFromContinuingOperations": "0", "comprehensiveIncomeNetOfTax": "None", "ebit": "422000000", "ebitda": "549000000", "netIncome": "352000000"}, {"fiscalDateEnding": "2006-06-30", "reportedCurrency": "USD", "grossProfit": "1725000000", "totalRevenue": "2276000000", "costOfRevenue": "551000000", "costofGoodsAndServicesSold": "551000000", "operatingIncome": "591000000", "sellingGeneralAndAdministrative": "656000000", "researchAndDevelopment": "0", "operatingExpenses": "1134000000", "investmentIncomeNet": "None", "netInterestIncome": "None", "interestIncome": "None", "interestExpense": "552000000", "nonInterestIncome": "None", "otherNonOperatingIncome": "None", "depreciation": "None", "depreciationAndAmortization": "102000000", "incomeBeforeTax": "591000000", "incomeTaxExpense": "200000000", "interestAndDebtExpense": "None", "netIncomeFromContinuingOperations": "0", "comprehensiveIncomeNetOfTax": "None", "ebit": "591000000", "ebitda": "693000000", "netIncome": "448000000"}, {"fiscalDateEnding": "2006-03-31", "reportedCurrency": "USD", "grossProfit": "1599000000", "totalRevenue": "2078000000", "costOfRevenue": "479000000", "costofGoodsAndServicesSold": "479000000", "operatingIncome": "535000000", "sellingGeneralAndAdministrative": "604000000", "researchAndDevelopment": "0", "operatingExpenses": "1064000000", "investmentIncomeNet": "None", "netInterestIncome": "None", "interestIncome": "None", "interestExpense": "474000000", "nonInterestIncome": "None", "otherNonOperatingIncome": "None", "depreciation": "None", "depreciationAndAmortization": "117000000", "incomeBeforeTax": "535000000", "incomeTaxExpense": "175000000", "interestAndDebtExpense": "None", "netIncomeFromContinuingOperations": "0", "comprehensiveIncomeNetOfTax": "None", "ebit": "535000000", "ebitda": "652000000", "netIncome": "422000000"}, {"fiscalDateEnding": "2005-12-31", "reportedCurrency": "USD", "grossProfit": "1756000000", "totalRevenue": "2230000000", "costOfRevenue": "474000000", "costofGoodsAndServicesSold": "474000000", "operatingIncome": "608000000", "sellingGeneralAndAdministrative": "647000000", "researchAndDevelopment": "0", "operatingExpenses": "1148000000", "investmentIncomeNet": "None", "netInterestIncome": "None", "interestIncome": "None", "interestExpense": "464000000", "nonInterestIncome": "None", "otherNonOperatingIncome": "None", "depreciation": "None", "depreciationAndAmortization": "123000000", "incomeBeforeTax": "608000000", "incomeTaxExpense": "203000000", "interestAndDebtExpense": "None", "netIncomeFromContinuingOperations": "0", "comprehensiveIncomeNetOfTax": "None", "ebit": "608000000", "ebitda": "731000000", "netIncome": "405000000"}]}