{"symbol": "CARR", "annualReports": [{"fiscalDateEnding": "2025-12-31", "reportedCurrency": "USD", "grossProfit": "5634000000", "totalRevenue": "21747000000", "costOfRevenue": "16113000000", "costofGoodsAndServicesSold": "16113000000", "operatingIncome": "2150000000", "sellingGeneralAndAdministrative": "3092000000", "researchAndDevelopment": "625000000", "operatingExpenses": "3484000000", "investmentIncomeNet": "None", "netInterestIncome": "-364000000", "interestIncome": "94000000", "interestExpense": "345000000", "nonInterestIncome": "None", "otherNonOperatingIncome": "None", "depreciation": "None", "depreciationAndAmortization": "945000000", "incomeBeforeTax": "1798000000", "incomeTaxExpense": "306000000", "interestAndDebtExpense": "None", "netIncomeFromContinuingOperations": "1558000000", "comprehensiveIncomeNetOfTax": "None", "ebit": "1840000000", "ebitda": "2785000000", "netIncome": "1493000000"}, {"fiscalDateEnding": "2024-12-31", "reportedCurrency": "USD", "grossProfit": "6023000000", "totalRevenue": "22486000000", "costOfRevenue": "16463000000", "costofGoodsAndServicesSold": "16463000000", "operatingIncome": "2646000000", "sellingGeneralAndAdministrative": "3197000000", "researchAndDevelopment": "686000000", "operatingExpenses": "3377000000", "investmentIncomeNet": "None", "netInterestIncome": "-371000000", "interestIncome": "209000000", "interestExpense": "580000000", "nonInterestIncome": "None", "otherNonOperatingIncome": "None", "depreciation": "None", "depreciationAndAmortization": "1232000000", "incomeBeforeTax": "2274000000", "incomeTaxExpense": "1062000000", "interestAndDebtExpense": "None", "netIncomeFromContinuingOperations": "1212000000", "comprehensiveIncomeNetOfTax": "None", "ebit": "2330000000", "ebitda": "3562000000", "netIncome": "5604000000"}, {"fiscalDateEnding": "2023-12-31", "reportedCurrency": "USD", "grossProfit": "6383000000", "totalRevenue": "22098000000", "costOfRevenue": "15715000000", "costofGoodsAndServicesSold": "15715000000", "operatingIncome": "2296000000", "sellingGeneralAndAdministrative": "3009000000", "researchAndDevelopment": "617000000", "operatingExpenses": "3914000000", "investmentIncomeNet": "None", "netInterestIncome": "-218000000", "interestIncome": "109000000", "interestExpense": "211000000", "nonInterestIncome": "None", "otherNonOperatingIncome": "None", "depreciation": "None", "depreciationAndAmortization": "542000000", "incomeBeforeTax": "2084000000", "incomeTaxExpense": "-644000000", "interestAndDebtExpense": "None", "netIncomeFromContinuingOperations": "1279000000", "comprehensiveIncomeNetOfTax": "None", "ebit": "2296000000", "ebitda": "2296000000", "netIncome": "1440000000"}, {"fiscalDateEnding": "2022-12-31", "reportedCurrency": "USD", "grossProfit": "4303000000", "totalRevenue": "17288000000", "costOfRevenue": "12985000000", "costofGoodsAndServicesSold": "12985000000", "operatingIncome": "3984000000", "sellingGeneralAndAdministrative": "2516000000", "researchAndDevelopment": "416000000", "operatingExpenses": "319000000", "investmentIncomeNet": "None", "netInterestIncome": "-219000000", "interestIncome": "83000000", "interestExpense": "302000000", "nonInterestIncome": "None", "otherNonOperatingIncome": "None", "depreciation": "None", "depreciationAndAmortization": "328000000", "incomeBeforeTax": "3823000000", "incomeTaxExpense": "616000000", "interestAndDebtExpense": "None", "netIncomeFromContinuingOperations": "3584000000", "comprehensiveIncomeNetOfTax": "None", "ebit": "1957000000", "ebitda": "2285000000", "netIncome": "3534000000"}, {"fiscalDateEnding": "2021-12-31", "reportedCurrency": "USD", "grossProfit": "6008000000", "totalRevenue": "20613000000", "costOfRevenue": "14605000000", "costofGoodsAndServicesSold": "14605000000", "operatingIncome": "2645000000", "sellingGeneralAndAdministrative": "3059000000", "researchAndDevelopment": "503000000", "operatingExpenses": "3363000000", "investmentIncomeNet": "None", "netInterestIncome": "-306000000", "interestIncome": "13000000", "interestExpense": "319000000", "nonInterestIncome": "None", "otherNonOperatingIncome": "None", "depreciation": "None", "depreciationAndAmortization": "338000000", "incomeBeforeTax": "2400000000", "incomeTaxExpense": "699000000", "interestAndDebtExpense": "None", "netIncomeFromContinuingOperations": "1701000000", "comprehensiveIncomeNetOfTax": "None", "ebit": "2568000000", "ebitda": "2906000000", "netIncome": "1664000000"}, {"fiscalDateEnding": "2020-12-31", "reportedCurrency": "USD", "grossProfit": "5129000000", "totalRevenue": "17456000000", "costOfRevenue": "12327000000", "costofGoodsAndServicesSold": "12327000000", "operatingIncome": "3083000000", "sellingGeneralAndAdministrative": "2760000000", "researchAndDevelopment": "419000000", "operatingExpenses": "2046000000", "investmentIncomeNet": "None", "netInterestIncome": "-288000000", "interestIncome": "10000000", "interestExpense": "298000000", "nonInterestIncome": "None", "otherNonOperatingIncome": "None", "depreciation": "None", "depreciationAndAmortization": "336000000", "incomeBeforeTax": "2855000000", "incomeTaxExpense": "849000000", "interestAndDebtExpense": "None", "netIncomeFromContinuingOperations": "2006000000", "comprehensiveIncomeNetOfTax": "None", "ebit": "2075000000", "ebitda": "2411000000", "netIncome": "1982000000"}, {"fiscalDateEnding": "2019-12-31", "reportedCurrency": "USD", "grossProfit": "5455000000", "totalRevenue": "18608000000", "costOfRevenue": "13153000000", "costofGoodsAndServicesSold": "13153000000", "operatingIncome": "2491000000", "sellingGeneralAndAdministrative": "2761000000", "researchAndDevelopment": "401000000", "operatingExpenses": "2964000000", "investmentIncomeNet": "None", "netInterestIncome": "27000000", "interestIncome": "102000000", "interestExpense": "75000000", "nonInterestIncome": "None", "otherNonOperatingIncome": "None", "depreciation": "None", "depreciationAndAmortization": "335000000", "incomeBeforeTax": "2672000000", "incomeTaxExpense": "517000000", "interestAndDebtExpense": "None", "netIncomeFromContinuingOperations": "2155000000", "comprehensiveIncomeNetOfTax": "None", "ebit": "2643000000", "ebitda": "2978000000", "netIncome": "2116000000"}, {"fiscalDateEnding": "2018-12-31", "reportedCurrency": "USD", "grossProfit": "5605000000", "totalRevenue": "18914000000", "costOfRevenue": "13309000000", "costofGoodsAndServicesSold": "13309000000", "operatingIncome": "3637000000", "sellingGeneralAndAdministrative": "2689000000", "researchAndDevelopment": "400000000", "operatingExpenses": "1968000000", "investmentIncomeNet": "None", "netInterestIncome": "37000000", "interestIncome": "121000000", "interestExpense": "84000000", "nonInterestIncome": "None", "otherNonOperatingIncome": "None", "depreciation": "None", "depreciationAndAmortization": "357000000", "incomeBeforeTax": "3842000000", "incomeTaxExpense": "1073000000", "interestAndDebtExpense": "None", "netIncomeFromContinuingOperations": "2769000000", "comprehensiveIncomeNetOfTax": "None", "ebit": "2866000000", "ebitda": "3223000000", "netIncome": "2734000000"}, {"fiscalDateEnding": "2017-12-31", "reportedCurrency": "USD", "grossProfit": "5233000000", "totalRevenue": "17814000000", "costOfRevenue": "12581000000", "costofGoodsAndServicesSold": "12581000000", "operatingIncome": "3030000000", "sellingGeneralAndAdministrative": "2584000000", "researchAndDevelopment": "364000000", "operatingExpenses": "2203000000", "investmentIncomeNet": "None", "netInterestIncome": "-115000000", "interestIncome": "104000000", "interestExpense": "219000000", "nonInterestIncome": "None", "otherNonOperatingIncome": "None", "depreciation": "None", "depreciationAndAmortization": "372000000", "incomeBeforeTax": "3054000000", "incomeTaxExpense": "1787000000", "interestAndDebtExpense": "None", "netIncomeFromContinuingOperations": "1267000000", "comprehensiveIncomeNetOfTax": "None", "ebit": "2644000000", "ebitda": "3016000000", "netIncome": "1227000000"}], "quarterlyReports": [{"fiscalDateEnding": "2025-12-31", "reportedCurrency": "USD", "grossProfit": "961000000", "totalRevenue": "4837000000", "costOfRevenue": "3876000000", "costofGoodsAndServicesSold": "3876000000", "operatingIncome": "101000000", "sellingGeneralAndAdministrative": "747000000", "researchAndDevelopment": "160000000", "operatingExpenses": "860000000", "investmentIncomeNet": "None", "netInterestIncome": "-94000000", "interestIncome": "21000000", "interestExpense": "2000000", "nonInterestIncome": "None", "otherNonOperatingIncome": "None", "depreciation": "None", "depreciationAndAmortization": "329000000", "incomeBeforeTax": "5000000", "incomeTaxExpense": "32000000", "interestAndDebtExpense": "None", "netIncomeFromContinuingOperations": "37000000", "comprehensiveIncomeNetOfTax": "None", "ebit": "146000000", "ebitda": "475000000", "netIncome": "62000000"}, {"fiscalDateEnding": "2025-09-30", "reportedCurrency": "USD", "grossProfit": "1449000000", "totalRevenue": "5579000000", "costOfRevenue": "4130000000", "costofGoodsAndServicesSold": "4130000000", "operatingIncome": "539000000", "sellingGeneralAndAdministrative": "803000000", "researchAndDevelopment": "151000000", "operatingExpenses": "910000000", "investmentIncomeNet": "None", "netInterestIncome": "-97000000", "interestIncome": "19000000", "interestExpense": "116000000", "nonInterestIncome": "None", "otherNonOperatingIncome": "None", "depreciation": "None", "depreciationAndAmortization": "325000000", "incomeBeforeTax": "433000000", "incomeTaxExpense": "1000000", "interestAndDebtExpense": "None", "netIncomeFromContinuingOperations": "434000000", "comprehensiveIncomeNetOfTax": "None", "ebit": "530000000", "ebitda": "855000000", "netIncome": "428000000"}, {"fiscalDateEnding": "2025-06-30", "reportedCurrency": "USD", "grossProfit": "1777000000", "totalRevenue": "6113000000", "costOfRevenue": "4336000000", "costofGoodsAndServicesSold": "4336000000", "operatingIncome": "881000000", "sellingGeneralAndAdministrative": "813000000", "researchAndDevelopment": "161000000", "operatingExpenses": "896000000", "investmentIncomeNet": "None", "netInterestIncome": "-91000000", "interestIncome": "24000000", "interestExpense": "115000000", "nonInterestIncome": "None", "otherNonOperatingIncome": "None", "depreciation": "None", "depreciationAndAmortization": "317000000", "incomeBeforeTax": "812000000", "incomeTaxExpense": "162000000", "interestAndDebtExpense": "None", "netIncomeFromContinuingOperations": "650000000", "comprehensiveIncomeNetOfTax": "None", "ebit": "927000000", "ebitda": "1244000000", "netIncome": "591000000"}, {"fiscalDateEnding": "2025-03-31", "reportedCurrency": "USD", "grossProfit": "1447000000", "totalRevenue": "5218000000", "costOfRevenue": "3771000000", "costofGoodsAndServicesSold": "3771000000", "operatingIncome": "629000000", "sellingGeneralAndAdministrative": "729000000", "researchAndDevelopment": "153000000", "operatingExpenses": "818000000", "investmentIncomeNet": "None", "netInterestIncome": "-82000000", "interestIncome": "30000000", "interestExpense": "112000000", "nonInterestIncome": "None", "otherNonOperatingIncome": "None", "depreciation": "None", "depreciationAndAmortization": "303000000", "incomeBeforeTax": "548000000", "incomeTaxExpense": "111000000", "interestAndDebtExpense": "None", "netIncomeFromContinuingOperations": "437000000", "comprehensiveIncomeNetOfTax": "None", "ebit": "282000000", "ebitda": "585000000", "netIncome": "412000000"}, {"fiscalDateEnding": "2024-12-31", "reportedCurrency": "USD", "grossProfit": "1350000000", "totalRevenue": "5148000000", "costOfRevenue": "3798000000", "costofGoodsAndServicesSold": "3798000000", "operatingIncome": "774000000", "sellingGeneralAndAdministrative": "803000000", "researchAndDevelopment": "162000000", "operatingExpenses": "576000000", "investmentIncomeNet": "None", "netInterestIncome": "-81000000", "interestIncome": "37000000", "interestExpense": "118000000", "nonInterestIncome": "None", "otherNonOperatingIncome": "None", "depreciation": "None", "depreciationAndAmortization": "318000000", "incomeBeforeTax": "693000000", "incomeTaxExpense": "723000000", "interestAndDebtExpense": "None", "netIncomeFromContinuingOperations": "-30000000", "comprehensiveIncomeNetOfTax": "None", "ebit": "423000000", "ebitda": "741000000", "netIncome": "2551000000"}, {"fiscalDateEnding": "2024-09-30", "reportedCurrency": "USD", "grossProfit": "1692000000", "totalRevenue": "5984000000", "costOfRevenue": "4292000000", "costofGoodsAndServicesSold": "4292000000", "operatingIncome": "763000000", "sellingGeneralAndAdministrative": "976000000", "researchAndDevelopment": "172000000", "operatingExpenses": "929000000", "investmentIncomeNet": "None", "netInterestIncome": "8000000", "interestIncome": "139000000", "interestExpense": "131000000", "nonInterestIncome": "None", "otherNonOperatingIncome": "None", "depreciation": "None", "depreciationAndAmortization": "289000000", "incomeBeforeTax": "770000000", "incomeTaxExpense": "172000000", "interestAndDebtExpense": "None", "netIncomeFromContinuingOperations": "598000000", "comprehensiveIncomeNetOfTax": "None", "ebit": "759000000", "ebitda": "1048000000", "netIncome": "447000000"}, {"fiscalDateEnding": "2024-06-30", "reportedCurrency": "USD", "grossProfit": "1477000000", "totalRevenue": "5934000000", "costOfRevenue": "4457000000", "costofGoodsAndServicesSold": "4457000000", "operatingIncome": "724000000", "sellingGeneralAndAdministrative": "975000000", "researchAndDevelopment": "160000000", "operatingExpenses": "753000000", "investmentIncomeNet": "None", "netInterestIncome": "-166000000", "interestIncome": "19000000", "interestExpense": "175000000", "nonInterestIncome": "None", "otherNonOperatingIncome": "None", "depreciation": "None", "depreciationAndAmortization": "317000000", "incomeBeforeTax": "567000000", "incomeTaxExpense": "120000000", "interestAndDebtExpense": "None", "netIncomeFromContinuingOperations": "2369000000", "comprehensiveIncomeNetOfTax": "None", "ebit": "541000000", "ebitda": "858000000", "netIncome": "2337000000"}, {"fiscalDateEnding": "2024-03-31", "reportedCurrency": "USD", "grossProfit": "1504000000", "totalRevenue": "5420000000", "costOfRevenue": "3916000000", "costofGoodsAndServicesSold": "3916000000", "operatingIncome": "385000000", "sellingGeneralAndAdministrative": "985000000", "researchAndDevelopment": "192000000", "operatingExpenses": "1119000000", "investmentIncomeNet": "None", "netInterestIncome": "-165000000", "interestIncome": "15000000", "interestExpense": "156000000", "nonInterestIncome": "None", "otherNonOperatingIncome": "None", "depreciation": "None", "depreciationAndAmortization": "308000000", "incomeBeforeTax": "244000000", "incomeTaxExpense": "47000000", "interestAndDebtExpense": "None", "netIncomeFromContinuingOperations": "289000000", "comprehensiveIncomeNetOfTax": "None", "ebit": "607000000", "ebitda": "915000000", "netIncome": "269000000"}, {"fiscalDateEnding": "2023-12-31", "reportedCurrency": "USD", "grossProfit": "1434000000", "totalRevenue": "5102000000", "costOfRevenue": "3668000000", "costofGoodsAndServicesSold": "3668000000", "operatingIncome": "607000000", "sellingGeneralAndAdministrative": "962000000", "researchAndDevelopment": "170000000", "operatingExpenses": "827000000", "investmentIncomeNet": "None", "netInterestIncome": "-47000000", "interestIncome": "64000000", "interestExpense": "97000000", "nonInterestIncome": "None", "otherNonOperatingIncome": "None", "depreciation": "None", "depreciationAndAmortization": "135000000", "incomeBeforeTax": "559000000", "incomeTaxExpense": "120000000", "interestAndDebtExpense": "None", "netIncomeFromContinuingOperations": "439000000", "comprehensiveIncomeNetOfTax": "None", "ebit": "670000000", "ebitda": "805000000", "netIncome": "420000000"}, {"fiscalDateEnding": "2023-09-30", "reportedCurrency": "USD", "grossProfit": "1490000000", "totalRevenue": "4935000000", "costOfRevenue": "3449000000", "costofGoodsAndServicesSold": "3449000000", "operatingIncome": "510000000", "sellingGeneralAndAdministrative": "831000000", "researchAndDevelopment": "126000000", "operatingExpenses": "980000000", "investmentIncomeNet": "None", "netInterestIncome": "-51000000", "interestIncome": "35000000", "interestExpense": "73000000", "nonInterestIncome": "None", "otherNonOperatingIncome": "None", "depreciation": "None", "depreciationAndAmortization": "95000000", "incomeBeforeTax": "471000000", "incomeTaxExpense": "177000000", "interestAndDebtExpense": "None", "netIncomeFromContinuingOperations": "381000000", "comprehensiveIncomeNetOfTax": "None", "ebit": "740000000", "ebitda": "835000000", "netIncome": "357000000"}, {"fiscalDateEnding": "2023-06-30", "reportedCurrency": "USD", "grossProfit": "1755000000", "totalRevenue": "5992000000", "costOfRevenue": "4237000000", "costofGoodsAndServicesSold": "4237000000", "operatingIncome": "489000000", "sellingGeneralAndAdministrative": "784000000", "researchAndDevelopment": "151000000", "operatingExpenses": "1266000000", "investmentIncomeNet": "None", "netInterestIncome": "-67000000", "interestIncome": "27000000", "interestExpense": "94000000", "nonInterestIncome": "None", "otherNonOperatingIncome": "None", "depreciation": "None", "depreciationAndAmortization": "137000000", "incomeBeforeTax": "422000000", "incomeTaxExpense": "189000000", "interestAndDebtExpense": "None", "netIncomeFromContinuingOperations": "233000000", "comprehensiveIncomeNetOfTax": "None", "ebit": "516000000", "ebitda": "653000000", "netIncome": "199000000"}, {"fiscalDateEnding": "2023-03-31", "reportedCurrency": "USD", "grossProfit": "1378000000", "totalRevenue": "5273000000", "costOfRevenue": "3895000000", "costofGoodsAndServicesSold": "3895000000", "operatingIncome": "555000000", "sellingGeneralAndAdministrative": "721000000", "researchAndDevelopment": "139000000", "operatingExpenses": "829000000", "investmentIncomeNet": "None", "netInterestIncome": "-46000000", "interestIncome": "25000000", "interestExpense": "71000000", "nonInterestIncome": "None", "otherNonOperatingIncome": "None", "depreciation": "None", "depreciationAndAmortization": "136000000", "incomeBeforeTax": "509000000", "incomeTaxExpense": "122000000", "interestAndDebtExpense": "None", "netIncomeFromContinuingOperations": "387000000", "comprehensiveIncomeNetOfTax": "None", "ebit": "540000000", "ebitda": "676000000", "netIncome": "373000000"}, {"fiscalDateEnding": "2022-12-31", "reportedCurrency": "USD", "grossProfit": "1248000000", "totalRevenue": "5105000000", "costOfRevenue": "3857000000", "costofGoodsAndServicesSold": "3857000000", "operatingIncome": "433000000", "sellingGeneralAndAdministrative": "675000000", "researchAndDevelopment": "149000000", "operatingExpenses": "815000000", "investmentIncomeNet": "None", "netInterestIncome": "-54000000", "interestIncome": "22000000", "interestExpense": "76000000", "nonInterestIncome": "None", "otherNonOperatingIncome": "None", "depreciation": "None", "depreciationAndAmortization": "123000000", "incomeBeforeTax": "377000000", "incomeTaxExpense": "99000000", "interestAndDebtExpense": "None", "netIncomeFromContinuingOperations": "278000000", "comprehensiveIncomeNetOfTax": "None", "ebit": "425000000", "ebitda": "548000000", "netIncome": "270000000"}, {"fiscalDateEnding": "2022-09-30", "reportedCurrency": "USD", "grossProfit": "1478000000", "totalRevenue": "5451000000", "costOfRevenue": "3973000000", "costofGoodsAndServicesSold": "3973000000", "operatingIncome": "1526000000", "sellingGeneralAndAdministrative": "624000000", "researchAndDevelopment": "143000000", "operatingExpenses": "-48000000", "investmentIncomeNet": "None", "netInterestIncome": "-56000000", "interestIncome": "15000000", "interestExpense": "71000000", "nonInterestIncome": "None", "otherNonOperatingIncome": "None", "depreciation": "None", "depreciationAndAmortization": "102000000", "incomeBeforeTax": "1470000000", "incomeTaxExpense": "138000000", "interestAndDebtExpense": "None", "netIncomeFromContinuingOperations": "1332000000", "comprehensiveIncomeNetOfTax": "None", "ebit": "730000000", "ebitda": "832000000", "netIncome": "1312000000"}, {"fiscalDateEnding": "2022-06-30", "reportedCurrency": "USD", "grossProfit": "1452000000", "totalRevenue": "5211000000", "costOfRevenue": "3759000000", "costofGoodsAndServicesSold": "3759000000", "operatingIncome": "819000000", "sellingGeneralAndAdministrative": "614000000", "researchAndDevelopment": "122000000", "operatingExpenses": "633000000", "investmentIncomeNet": "None", "netInterestIncome": "-61000000", "interestIncome": "7000000", "interestExpense": "68000000", "nonInterestIncome": "None", "otherNonOperatingIncome": "None", "depreciation": "None", "depreciationAndAmortization": "76000000", "incomeBeforeTax": "757000000", "incomeTaxExpense": "170000000", "interestAndDebtExpense": "None", "netIncomeFromContinuingOperations": "587000000", "comprehensiveIncomeNetOfTax": "None", "ebit": "752000000", "ebitda": "828000000", "netIncome": "573000000"}, {"fiscalDateEnding": "2022-03-31", "reportedCurrency": "USD", "grossProfit": "1295000000", "totalRevenue": "4654000000", "costOfRevenue": "3359000000", "costofGoodsAndServicesSold": "3359000000", "operatingIncome": "1737000000", "sellingGeneralAndAdministrative": "601000000", "researchAndDevelopment": "125000000", "operatingExpenses": "-442000000", "investmentIncomeNet": "None", "netInterestIncome": "-48000000", "interestIncome": "39000000", "interestExpense": "87000000", "nonInterestIncome": "None", "otherNonOperatingIncome": "None", "depreciation": "None", "depreciationAndAmortization": "79000000", "incomeBeforeTax": "1688000000", "incomeTaxExpense": "301000000", "interestAndDebtExpense": "None", "netIncomeFromContinuingOperations": "1387000000", "comprehensiveIncomeNetOfTax": "None", "ebit": "594000000", "ebitda": "673000000", "netIncome": "1379000000"}, {"fiscalDateEnding": "2021-12-31", "reportedCurrency": "USD", "grossProfit": "1376000000", "totalRevenue": "5133000000", "costOfRevenue": "3757000000", "costofGoodsAndServicesSold": "3757000000", "operatingIncome": "463000000", "sellingGeneralAndAdministrative": "816000000", "researchAndDevelopment": "134000000", "operatingExpenses": "913000000", "investmentIncomeNet": "None", "netInterestIncome": "-68000000", "interestIncome": "4000000", "interestExpense": "68000000", "nonInterestIncome": "None", "otherNonOperatingIncome": "None", "depreciation": "None", "depreciationAndAmortization": "87000000", "incomeBeforeTax": "405000000", "incomeTaxExpense": "73000000", "interestAndDebtExpense": "None", "netIncomeFromContinuingOperations": "332000000", "comprehensiveIncomeNetOfTax": "None", "ebit": "437000000", "ebitda": "524000000", "netIncome": "324000000"}, {"fiscalDateEnding": "2021-09-30", "reportedCurrency": "USD", "grossProfit": "1608000000", "totalRevenue": "5341000000", "costOfRevenue": "3733000000", "costofGoodsAndServicesSold": "3733000000", "operatingIncome": "828000000", "sellingGeneralAndAdministrative": "748000000", "researchAndDevelopment": "123000000", "operatingExpenses": "780000000", "investmentIncomeNet": "None", "netInterestIncome": "-74000000", "interestIncome": "2000000", "interestExpense": "76000000", "nonInterestIncome": "None", "otherNonOperatingIncome": "None", "depreciation": "None", "depreciationAndAmortization": "83000000", "incomeBeforeTax": "768000000", "incomeTaxExpense": "288000000", "interestAndDebtExpense": "None", "netIncomeFromContinuingOperations": "480000000", "comprehensiveIncomeNetOfTax": "None", "ebit": "794000000", "ebitda": "877000000", "netIncome": "469000000"}, {"fiscalDateEnding": "2021-06-30", "reportedCurrency": "USD", "grossProfit": "1625000000", "totalRevenue": "5440000000", "costOfRevenue": "3815000000", "costofGoodsAndServicesSold": "3815000000", "operatingIncome": "783000000", "sellingGeneralAndAdministrative": "813000000", "researchAndDevelopment": "125000000", "operatingExpenses": "842000000", "investmentIncomeNet": "None", "netInterestIncome": "-71000000", "interestIncome": "4000000", "interestExpense": "75000000", "nonInterestIncome": "None", "otherNonOperatingIncome": "None", "depreciation": "None", "depreciationAndAmortization": "85000000", "incomeBeforeTax": "731000000", "incomeTaxExpense": "234000000", "interestAndDebtExpense": "None", "netIncomeFromContinuingOperations": "497000000", "comprehensiveIncomeNetOfTax": "None", "ebit": "739000000", "ebitda": "824000000", "netIncome": "487000000"}, {"fiscalDateEnding": "2021-03-31", "reportedCurrency": "USD", "grossProfit": "1399000000", "totalRevenue": "4699000000", "costOfRevenue": "3300000000", "costofGoodsAndServicesSold": "3300000000", "operatingIncome": "571000000", "sellingGeneralAndAdministrative": "743000000", "researchAndDevelopment": "121000000", "operatingExpenses": "828000000", "investmentIncomeNet": "None", "netInterestIncome": "-93000000", "interestIncome": "3000000", "interestExpense": "96000000", "nonInterestIncome": "None", "otherNonOperatingIncome": "None", "depreciation": "None", "depreciationAndAmortization": "83000000", "incomeBeforeTax": "496000000", "incomeTaxExpense": "104000000", "interestAndDebtExpense": "None", "netIncomeFromContinuingOperations": "392000000", "comprehensiveIncomeNetOfTax": "None", "ebit": "585000000", "ebitda": "668000000", "netIncome": "384000000"}, {"fiscalDateEnding": "2020-12-31", "reportedCurrency": "USD", "grossProfit": "1300000000", "totalRevenue": "4594000000", "costOfRevenue": "3294000000", "costofGoodsAndServicesSold": "3294000000", "operatingIncome": "1245000000", "sellingGeneralAndAdministrative": "692000000", "researchAndDevelopment": "127000000", "operatingExpenses": "55000000", "investmentIncomeNet": "None", "netInterestIncome": "-82000000", "interestIncome": "3000000", "interestExpense": "85000000", "nonInterestIncome": "None", "otherNonOperatingIncome": "None", "depreciation": "None", "depreciationAndAmortization": "95000000", "incomeBeforeTax": "1176000000", "incomeTaxExpense": "289000000", "interestAndDebtExpense": "None", "netIncomeFromContinuingOperations": "887000000", "comprehensiveIncomeNetOfTax": "None", "ebit": "396000000", "ebitda": "491000000", "netIncome": "884000000"}, {"fiscalDateEnding": "2020-09-30", "reportedCurrency": "USD", "grossProfit": "1560000000", "totalRevenue": "5002000000", "costOfRevenue": "3442000000", "costofGoodsAndServicesSold": "3442000000", "operatingIncome": "1081000000", "sellingGeneralAndAdministrative": "681000000", "researchAndDevelopment": "100000000", "operatingExpenses": "479000000", "investmentIncomeNet": "None", "netInterestIncome": "-88000000", "interestIncome": "2000000", "interestExpense": "90000000", "nonInterestIncome": "None", "otherNonOperatingIncome": "None", "depreciation": "None", "depreciationAndAmortization": "82000000", "incomeBeforeTax": "1009000000", "incomeTaxExpense": "261000000", "interestAndDebtExpense": "None", "netIncomeFromContinuingOperations": "748000000", "comprehensiveIncomeNetOfTax": "None", "ebit": "821000000", "ebitda": "903000000", "netIncome": "741000000"}, {"fiscalDateEnding": "2020-06-30", "reportedCurrency": "USD", "grossProfit": "1146000000", "totalRevenue": "3972000000", "costOfRevenue": "2826000000", "costofGoodsAndServicesSold": "2826000000", "operatingIncome": "442000000", "sellingGeneralAndAdministrative": "637000000", "researchAndDevelopment": "94000000", "operatingExpenses": "704000000", "investmentIncomeNet": "None", "netInterestIncome": "-81000000", "interestIncome": "4000000", "interestExpense": "85000000", "nonInterestIncome": "None", "otherNonOperatingIncome": "None", "depreciation": "None", "depreciationAndAmortization": "78000000", "incomeBeforeTax": "375000000", "incomeTaxExpense": "106000000", "interestAndDebtExpense": "None", "netIncomeFromContinuingOperations": "269000000", "comprehensiveIncomeNetOfTax": "None", "ebit": "433000000", "ebitda": "511000000", "netIncome": "261000000"}, {"fiscalDateEnding": "2020-03-31", "reportedCurrency": "USD", "grossProfit": "1123000000", "totalRevenue": "3888000000", "costOfRevenue": "2765000000", "costofGoodsAndServicesSold": "2765000000", "operatingIncome": "315000000", "sellingGeneralAndAdministrative": "692000000", "researchAndDevelopment": "98000000", "operatingExpenses": "808000000", "investmentIncomeNet": "None", "netInterestIncome": "-37000000", "interestIncome": "1000000", "interestExpense": "38000000", "nonInterestIncome": "None", "otherNonOperatingIncome": "None", "depreciation": "None", "depreciationAndAmortization": "81000000", "incomeBeforeTax": "295000000", "incomeTaxExpense": "193000000", "interestAndDebtExpense": "None", "netIncomeFromContinuingOperations": "102000000", "comprehensiveIncomeNetOfTax": "None", "ebit": "379000000", "ebitda": "460000000", "netIncome": "96000000"}, {"fiscalDateEnding": "2019-12-31", "reportedCurrency": "USD", "grossProfit": "1282000000", "totalRevenue": "4501000000", "costOfRevenue": "3219000000", "costofGoodsAndServicesSold": "3219000000", "operatingIncome": "557000000", "sellingGeneralAndAdministrative": "695000000", "researchAndDevelopment": "99000000", "operatingExpenses": "725000000", "investmentIncomeNet": "None", "netInterestIncome": "4000000", "interestIncome": "24000000", "interestExpense": "20000000", "nonInterestIncome": "None", "otherNonOperatingIncome": "None", "depreciation": "None", "depreciationAndAmortization": "84000000", "incomeBeforeTax": "591000000", "incomeTaxExpense": "137000000", "interestAndDebtExpense": "None", "netIncomeFromContinuingOperations": "454000000", "comprehensiveIncomeNetOfTax": "None", "ebit": "652000000", "ebitda": "736000000", "netIncome": "440000000"}, {"fiscalDateEnding": "2019-09-30", "reportedCurrency": "USD", "grossProfit": "1460000000", "totalRevenue": "4822000000", "costOfRevenue": "3362000000", "costofGoodsAndServicesSold": "3362000000", "operatingIncome": "629000000", "sellingGeneralAndAdministrative": "702000000", "researchAndDevelopment": "102000000", "operatingExpenses": "831000000", "investmentIncomeNet": "None", "netInterestIncome": "3000000", "interestIncome": "23000000", "interestExpense": "20000000", "nonInterestIncome": "None", "otherNonOperatingIncome": "None", "depreciation": "None", "depreciationAndAmortization": "84000000", "incomeBeforeTax": "679000000", "incomeTaxExpense": "175000000", "interestAndDebtExpense": "None", "netIncomeFromContinuingOperations": "504000000", "comprehensiveIncomeNetOfTax": "None", "ebit": "753000000", "ebitda": "837000000", "netIncome": "492000000"}, {"fiscalDateEnding": "2019-06-30", "reportedCurrency": "USD", "grossProfit": "1482000000", "totalRevenue": "4962000000", "costOfRevenue": "3480000000", "costofGoodsAndServicesSold": "3480000000", "operatingIncome": "805000000", "sellingGeneralAndAdministrative": "680000000", "researchAndDevelopment": "103000000", "operatingExpenses": "677000000", "investmentIncomeNet": "None", "netInterestIncome": "16000000", "interestIncome": "25000000", "interestExpense": "9000000", "nonInterestIncome": "None", "otherNonOperatingIncome": "None", "depreciation": "None", "depreciationAndAmortization": "82000000", "incomeBeforeTax": "859000000", "incomeTaxExpense": "65000000", "interestAndDebtExpense": "None", "netIncomeFromContinuingOperations": "794000000", "comprehensiveIncomeNetOfTax": "None", "ebit": "772000000", "ebitda": "854000000", "netIncome": "784000000"}, {"fiscalDateEnding": "2019-03-31", "reportedCurrency": "USD", "grossProfit": "1231000000", "totalRevenue": "4323000000", "costOfRevenue": "3092000000", "costofGoodsAndServicesSold": "3092000000", "operatingIncome": "500000000", "sellingGeneralAndAdministrative": "656000000", "researchAndDevelopment": "97000000", "operatingExpenses": "731000000", "investmentIncomeNet": "None", "netInterestIncome": "4000000", "interestIncome": "4000000", "interestExpense": "26000000", "nonInterestIncome": "None", "otherNonOperatingIncome": "None", "depreciation": "None", "depreciationAndAmortization": "85000000", "incomeBeforeTax": "543000000", "incomeTaxExpense": "140000000", "interestAndDebtExpense": "None", "netIncomeFromContinuingOperations": "403000000", "comprehensiveIncomeNetOfTax": "None", "ebit": "532000000", "ebitda": "617000000", "netIncome": "400000000"}]}