{"symbol": "APTV", "annualReports": [{"fiscalDateEnding": "2025-12-31", "reportedCurrency": "USD", "grossProfit": "3898000000", "totalRevenue": "20398000000", "costOfRevenue": "16500000000", "costofGoodsAndServicesSold": "16500000000", "operatingIncome": "1184000000", "sellingGeneralAndAdministrative": "1673000000", "researchAndDevelopment": "None", "operatingExpenses": "2714000000", "investmentIncomeNet": "None", "netInterestIncome": "-301000000", "interestIncome": "60000000", "interestExpense": "361000000", "nonInterestIncome": "None", "otherNonOperatingIncome": "None", "depreciation": "None", "depreciationAndAmortization": "991000000", "incomeBeforeTax": "881000000", "incomeTaxExpense": "700000000", "interestAndDebtExpense": "None", "netIncomeFromContinuingOperations": "181000000", "comprehensiveIncomeNetOfTax": "None", "ebit": "1242000000", "ebitda": "2233000000", "netIncome": "165000000"}, {"fiscalDateEnding": "2024-12-31", "reportedCurrency": "USD", "grossProfit": "3527000000", "totalRevenue": "19713000000", "costOfRevenue": "16186000000", "costofGoodsAndServicesSold": "16186000000", "operatingIncome": "2062000000", "sellingGeneralAndAdministrative": "1465000000", "researchAndDevelopment": "1097000000", "operatingExpenses": "1465000000", "investmentIncomeNet": "None", "netInterestIncome": "-250000000", "interestIncome": "87000000", "interestExpense": "337000000", "nonInterestIncome": "None", "otherNonOperatingIncome": "None", "depreciation": "None", "depreciationAndAmortization": "964000000", "incomeBeforeTax": "2033000000", "incomeTaxExpense": "223000000", "interestAndDebtExpense": "None", "netIncomeFromContinuingOperations": "1810000000", "comprehensiveIncomeNetOfTax": "None", "ebit": "2488000000", "ebitda": "3452000000", "netIncome": "1787000000"}, {"fiscalDateEnding": "2023-12-31", "reportedCurrency": "USD", "grossProfit": "3439000000", "totalRevenue": "20051000000", "costOfRevenue": "16612000000", "costofGoodsAndServicesSold": "16612000000", "operatingIncome": "1559000000", "sellingGeneralAndAdministrative": "1358000000", "researchAndDevelopment": "1289000000", "operatingExpenses": "1880000000", "investmentIncomeNet": "None", "netInterestIncome": "-149000000", "interestIncome": "127000000", "interestExpense": "285000000", "nonInterestIncome": "None", "otherNonOperatingIncome": "None", "depreciation": "None", "depreciationAndAmortization": "912000000", "incomeBeforeTax": "1337000000", "incomeTaxExpense": "1928000000", "interestAndDebtExpense": "None", "netIncomeFromContinuingOperations": "2313000000", "comprehensiveIncomeNetOfTax": "None", "ebit": "1559000000", "ebitda": "1559000000", "netIncome": "2909000000"}, {"fiscalDateEnding": "2022-12-31", "reportedCurrency": "USD", "grossProfit": "2495000000", "totalRevenue": "17489000000", "costOfRevenue": "14994000000", "costofGoodsAndServicesSold": "14994000000", "operatingIncome": "1357000000", "sellingGeneralAndAdministrative": "1138000000", "researchAndDevelopment": "1120000000", "operatingExpenses": "1138000000", "investmentIncomeNet": "None", "netInterestIncome": "-219000000", "interestIncome": "86000000", "interestExpense": "219000000", "nonInterestIncome": "None", "otherNonOperatingIncome": "-333000000", "depreciation": "None", "depreciationAndAmortization": "762000000", "incomeBeforeTax": "711000000", "incomeTaxExpense": "121000000", "interestAndDebtExpense": "None", "netIncomeFromContinuingOperations": "590000000", "comprehensiveIncomeNetOfTax": "None", "ebit": "1209000000", "ebitda": "1971000000", "netIncome": "594000000"}, {"fiscalDateEnding": "2021-12-31", "reportedCurrency": "USD", "grossProfit": "2349000000", "totalRevenue": "15618000000", "costOfRevenue": "13269000000", "costofGoodsAndServicesSold": "13269000000", "operatingIncome": "1274000000", "sellingGeneralAndAdministrative": "1075000000", "researchAndDevelopment": "1030000000", "operatingExpenses": "1075000000", "investmentIncomeNet": "None", "netInterestIncome": "-150000000", "interestIncome": "10000000", "interestExpense": "150000000", "nonInterestIncome": "None", "otherNonOperatingIncome": "-329000000", "depreciation": "None", "depreciationAndAmortization": "773000000", "incomeBeforeTax": "710000000", "incomeTaxExpense": "101000000", "interestAndDebtExpense": "None", "netIncomeFromContinuingOperations": "609000000", "comprehensiveIncomeNetOfTax": "None", "ebit": "1060000000", "ebitda": "1833000000", "netIncome": "590000000"}, {"fiscalDateEnding": "2020-12-31", "reportedCurrency": "USD", "grossProfit": "1813000000", "totalRevenue": "13066000000", "costOfRevenue": "11253000000", "costofGoodsAndServicesSold": "11253000000", "operatingIncome": "837000000", "sellingGeneralAndAdministrative": "976000000", "researchAndDevelopment": "1024000000", "operatingExpenses": "976000000", "investmentIncomeNet": "None", "netInterestIncome": "-164000000", "interestIncome": "8000000", "interestExpense": "164000000", "nonInterestIncome": "None", "otherNonOperatingIncome": "-83000000", "depreciation": "None", "depreciationAndAmortization": "764000000", "incomeBeforeTax": "1871000000", "incomeTaxExpense": "49000000", "interestAndDebtExpense": "None", "netIncomeFromContinuingOperations": "1905000000", "comprehensiveIncomeNetOfTax": "None", "ebit": "2118000000", "ebitda": "2882000000", "netIncome": "1804000000"}, {"fiscalDateEnding": "2019-12-31", "reportedCurrency": "USD", "grossProfit": "2506000000", "totalRevenue": "14357000000", "costOfRevenue": "11851000000", "costofGoodsAndServicesSold": "11851000000", "operatingIncome": "1430000000", "sellingGeneralAndAdministrative": "1076000000", "researchAndDevelopment": "1165000000", "operatingExpenses": "1076000000", "investmentIncomeNet": "None", "netInterestIncome": "-151000000", "interestIncome": "13000000", "interestExpense": "164000000", "nonInterestIncome": "None", "otherNonOperatingIncome": "29000000", "depreciation": "None", "depreciationAndAmortization": "717000000", "incomeBeforeTax": "1141000000", "incomeTaxExpense": "132000000", "interestAndDebtExpense": "None", "netIncomeFromContinuingOperations": "1009000000", "comprehensiveIncomeNetOfTax": "None", "ebit": "1290000000", "ebitda": "2007000000", "netIncome": "990000000"}, {"fiscalDateEnding": "2018-12-31", "reportedCurrency": "USD", "grossProfit": "2575000000", "totalRevenue": "14435000000", "costOfRevenue": "11860000000", "costofGoodsAndServicesSold": "11860000000", "operatingIncome": "1582000000", "sellingGeneralAndAdministrative": "993000000", "researchAndDevelopment": "1155000000", "operatingExpenses": "993000000", "investmentIncomeNet": "None", "netInterestIncome": "-120000000", "interestIncome": "21000000", "interestExpense": "141000000", "nonInterestIncome": "None", "otherNonOperatingIncome": "25000000", "depreciation": "None", "depreciationAndAmortization": "676000000", "incomeBeforeTax": "1357000000", "incomeTaxExpense": "250000000", "interestAndDebtExpense": "None", "netIncomeFromContinuingOperations": "1107000000", "comprehensiveIncomeNetOfTax": "None", "ebit": "1475000000", "ebitda": "2151000000", "netIncome": "1067000000"}, {"fiscalDateEnding": "2017-12-31", "reportedCurrency": "USD", "grossProfit": "2504000000", "totalRevenue": "12884000000", "costOfRevenue": "10380000000", "costofGoodsAndServicesSold": "10380000000", "operatingIncome": "1552000000", "sellingGeneralAndAdministrative": "952000000", "researchAndDevelopment": "882000000", "operatingExpenses": "952000000", "investmentIncomeNet": "None", "netInterestIncome": "-133000000", "interestIncome": "7000000", "interestExpense": "140000000", "nonInterestIncome": "None", "otherNonOperatingIncome": "10000000", "depreciation": "None", "depreciationAndAmortization": "537000000", "incomeBeforeTax": "1286000000", "incomeTaxExpense": "223000000", "interestAndDebtExpense": "None", "netIncomeFromContinuingOperations": "1063000000", "comprehensiveIncomeNetOfTax": "None", "ebit": "1404000000", "ebitda": "1941000000", "netIncome": "1355000000"}, {"fiscalDateEnding": "2016-12-31", "reportedCurrency": "USD", "grossProfit": "3461000000", "totalRevenue": "16661000000", "costOfRevenue": "8813000000", "costofGoodsAndServicesSold": "8813000000", "operatingIncome": "1731000000", "sellingGeneralAndAdministrative": "1145000000", "researchAndDevelopment": "788000000", "operatingExpenses": "1730000000", "investmentIncomeNet": "None", "netInterestIncome": "-155000000", "interestIncome": "1000000", "interestExpense": "155000000", "nonInterestIncome": "None", "otherNonOperatingIncome": "-331000000", "depreciation": "None", "depreciationAndAmortization": "488000000", "incomeBeforeTax": "1035000000", "incomeTaxExpense": "167000000", "interestAndDebtExpense": "None", "netIncomeFromContinuingOperations": "1218000000", "comprehensiveIncomeNetOfTax": "None", "ebit": "1156000000", "ebitda": "1644000000", "netIncome": "1257000000"}, {"fiscalDateEnding": "2015-12-31", "reportedCurrency": "USD", "grossProfit": "3035000000", "totalRevenue": "15165000000", "costOfRevenue": "12130000000", "costofGoodsAndServicesSold": "12130000000", "operatingIncome": "2018000000", "sellingGeneralAndAdministrative": "1017000000", "researchAndDevelopment": "1200000000", "operatingExpenses": "1017000000", "investmentIncomeNet": "None", "netInterestIncome": "None", "interestIncome": "119000000", "interestExpense": "124000000", "nonInterestIncome": "None", "otherNonOperatingIncome": "-72000000", "depreciation": "None", "depreciationAndAmortization": "540000000", "incomeBeforeTax": "1524000000", "incomeTaxExpense": "263000000", "interestAndDebtExpense": "None", "netIncomeFromContinuingOperations": "1261000000", "comprehensiveIncomeNetOfTax": "None", "ebit": "925000000", "ebitda": "1465000000", "netIncome": "1450000000"}, {"fiscalDateEnding": "2014-12-31", "reportedCurrency": "USD", "grossProfit": "2947000000", "totalRevenue": "17023000000", "costOfRevenue": "12552000000", "costofGoodsAndServicesSold": "12552000000", "operatingIncome": "1911000000", "sellingGeneralAndAdministrative": "1081000000", "researchAndDevelopment": "1600000000", "operatingExpenses": "1036000000", "investmentIncomeNet": "None", "netInterestIncome": "None", "interestIncome": "None", "interestExpense": "135000000", "nonInterestIncome": "None", "otherNonOperatingIncome": "-7000000", "depreciation": "None", "depreciationAndAmortization": "587000000", "incomeBeforeTax": "1635000000", "incomeTaxExpense": "255000000", "interestAndDebtExpense": "None", "netIncomeFromContinuingOperations": "1423000000", "comprehensiveIncomeNetOfTax": "None", "ebit": "1703000000", "ebitda": "2290000000", "netIncome": "1351000000"}, {"fiscalDateEnding": "2013-12-31", "reportedCurrency": "USD", "grossProfit": "2791000000", "totalRevenue": "16463000000", "costOfRevenue": "13672000000", "costofGoodsAndServicesSold": "13672000000", "operatingIncome": "1828000000", "sellingGeneralAndAdministrative": "963000000", "researchAndDevelopment": "1600000000", "operatingExpenses": "963000000", "investmentIncomeNet": "None", "netInterestIncome": "None", "interestIncome": "None", "interestExpense": "143000000", "nonInterestIncome": "None", "otherNonOperatingIncome": "16000000", "depreciation": "None", "depreciationAndAmortization": "540000000", "incomeBeforeTax": "1557000000", "incomeTaxExpense": "256000000", "interestAndDebtExpense": "None", "netIncomeFromContinuingOperations": "1267000000", "comprehensiveIncomeNetOfTax": "None", "ebit": "1568000000", "ebitda": "2108000000", "netIncome": "1212000000"}, {"fiscalDateEnding": "2012-12-31", "reportedCurrency": "USD", "grossProfit": "2576000000", "totalRevenue": "15519000000", "costOfRevenue": "12943000000", "costofGoodsAndServicesSold": "12943000000", "operatingIncome": "1649000000", "sellingGeneralAndAdministrative": "927000000", "researchAndDevelopment": "1200000000", "operatingExpenses": "927000000", "investmentIncomeNet": "None", "netInterestIncome": "None", "interestIncome": "None", "interestExpense": "136000000", "nonInterestIncome": "None", "otherNonOperatingIncome": "32000000", "depreciation": "None", "depreciationAndAmortization": "486000000", "incomeBeforeTax": "1372000000", "incomeTaxExpense": "212000000", "interestAndDebtExpense": "None", "netIncomeFromContinuingOperations": "1133000000", "comprehensiveIncomeNetOfTax": "None", "ebit": "1481000000", "ebitda": "1967000000", "netIncome": "1077000000"}, {"fiscalDateEnding": "2011-12-31", "reportedCurrency": "USD", "grossProfit": "2530000000", "totalRevenue": "16041000000", "costOfRevenue": "13511000000", "costofGoodsAndServicesSold": "13511000000", "operatingIncome": "1629000000", "sellingGeneralAndAdministrative": "901000000", "researchAndDevelopment": "1200000000", "operatingExpenses": "901000000", "investmentIncomeNet": "None", "netInterestIncome": "None", "interestIncome": "None", "interestExpense": "123000000", "nonInterestIncome": "None", "otherNonOperatingIncome": "None", "depreciation": "None", "depreciationAndAmortization": "475000000", "incomeBeforeTax": "1528000000", "incomeTaxExpense": "305000000", "interestAndDebtExpense": "None", "netIncomeFromContinuingOperations": "None", "comprehensiveIncomeNetOfTax": "None", "ebit": "1629000000", "ebitda": "2104000000", "netIncome": "1145000000"}, {"fiscalDateEnding": "2010-12-31", "reportedCurrency": "USD", "grossProfit": "1979000000", "totalRevenue": "13817000000", "costOfRevenue": "11838000000", "costofGoodsAndServicesSold": "11838000000", "operatingIncome": "1164000000", "sellingGeneralAndAdministrative": "815000000", "researchAndDevelopment": "1000000000", "operatingExpenses": "815000000", "investmentIncomeNet": "None", "netInterestIncome": "None", "interestIncome": "None", "interestExpense": "30000000", "nonInterestIncome": "None", "otherNonOperatingIncome": "None", "depreciation": "None", "depreciationAndAmortization": "421000000", "incomeBeforeTax": "961000000", "incomeTaxExpense": "258000000", "interestAndDebtExpense": "None", "netIncomeFromContinuingOperations": "None", "comprehensiveIncomeNetOfTax": "None", "ebit": "974000000", "ebitda": "1395000000", "netIncome": "631000000"}, {"fiscalDateEnding": "2009-12-31", "reportedCurrency": "USD", "grossProfit": "959000000", "totalRevenue": "11755000000", "costOfRevenue": "10796000000", "costofGoodsAndServicesSold": "10796000000", "operatingIncome": "None", "sellingGeneralAndAdministrative": "976000000", "researchAndDevelopment": "1300000000", "operatingExpenses": "None", "investmentIncomeNet": "None", "netInterestIncome": "None", "interestIncome": "None", "interestExpense": "0", "nonInterestIncome": "None", "otherNonOperatingIncome": "None", "depreciation": "None", "depreciationAndAmortization": "None", "incomeBeforeTax": "9050000000", "incomeTaxExpense": "None", "interestAndDebtExpense": "None", "netIncomeFromContinuingOperations": "None", "comprehensiveIncomeNetOfTax": "None", "ebit": "None", "ebitda": "None", "netIncome": "9300000000"}, {"fiscalDateEnding": "2008-12-31", "reportedCurrency": "USD", "grossProfit": "1440000000", "totalRevenue": "18060000000", "costOfRevenue": "16620000000", "costofGoodsAndServicesSold": "16620000000", "operatingIncome": "None", "sellingGeneralAndAdministrative": "1424000000", "researchAndDevelopment": "1900000000", "operatingExpenses": "None", "investmentIncomeNet": "None", "netInterestIncome": "None", "interestIncome": "None", "interestExpense": "0", "nonInterestIncome": "None", "otherNonOperatingIncome": "None", "depreciation": "None", "depreciationAndAmortization": "None", "incomeBeforeTax": "3250000000", "incomeTaxExpense": "166000000", "interestAndDebtExpense": "None", "netIncomeFromContinuingOperations": "None", "comprehensiveIncomeNetOfTax": "None", "ebit": "None", "ebitda": "None", "netIncome": "3037000000"}, {"fiscalDateEnding": "2007-12-31", "reportedCurrency": "USD", "grossProfit": "1119000000", "totalRevenue": "22283000000", "costOfRevenue": "21164000000", "costofGoodsAndServicesSold": "21164000000", "operatingIncome": "None", "sellingGeneralAndAdministrative": "1595000000", "researchAndDevelopment": "2000000000", "operatingExpenses": "None", "investmentIncomeNet": "None", "netInterestIncome": "None", "interestIncome": "None", "interestExpense": "0", "nonInterestIncome": "None", "otherNonOperatingIncome": "None", "depreciation": "None", "depreciationAndAmortization": "None", "incomeBeforeTax": "None", "incomeTaxExpense": "None", "interestAndDebtExpense": "None", "netIncomeFromContinuingOperations": "None", "comprehensiveIncomeNetOfTax": "None", "ebit": "None", "ebitda": "None", "netIncome": "None"}, {"fiscalDateEnding": "2006-12-31", "reportedCurrency": "USD", "grossProfit": "754000000", "totalRevenue": "26392000000", "costOfRevenue": "25638000000", "costofGoodsAndServicesSold": "25638000000", "operatingIncome": "None", "sellingGeneralAndAdministrative": "1585000000", "researchAndDevelopment": "2100000000", "operatingExpenses": "None", "investmentIncomeNet": "None", "netInterestIncome": "None", "interestIncome": "None", "interestExpense": "0", "nonInterestIncome": "None", "otherNonOperatingIncome": "None", "depreciation": "None", "depreciationAndAmortization": "None", "incomeBeforeTax": "None", "incomeTaxExpense": "136000000", "interestAndDebtExpense": "None", "netIncomeFromContinuingOperations": "None", "comprehensiveIncomeNetOfTax": "None", "ebit": "None", "ebitda": "None", "netIncome": "None"}], "quarterlyReports": [{"fiscalDateEnding": "2025-12-31", "reportedCurrency": "USD", "grossProfit": "1018000000", "totalRevenue": "5153000000", "costOfRevenue": "4135000000", "costofGoodsAndServicesSold": "4135000000", "operatingIncome": "392000000", "sellingGeneralAndAdministrative": "450000000", "researchAndDevelopment": "None", "operatingExpenses": "626000000", "investmentIncomeNet": "None", "netInterestIncome": "-74000000", "interestIncome": "13000000", "interestExpense": "87000000", "nonInterestIncome": "None", "otherNonOperatingIncome": "None", "depreciation": "None", "depreciationAndAmortization": "250000000", "incomeBeforeTax": "332000000", "incomeTaxExpense": "185000000", "interestAndDebtExpense": "None", "netIncomeFromContinuingOperations": "147000000", "comprehensiveIncomeNetOfTax": "None", "ebit": "403000000", "ebitda": "653000000", "netIncome": "138000000"}, {"fiscalDateEnding": "2025-09-30", "reportedCurrency": "USD", "grossProfit": "1018000000", "totalRevenue": "5212000000", "costOfRevenue": "4194000000", "costofGoodsAndServicesSold": "4194000000", "operatingIncome": "-175000000", "sellingGeneralAndAdministrative": "433000000", "researchAndDevelopment": "None", "operatingExpenses": "1193000000", "investmentIncomeNet": "None", "netInterestIncome": "-67000000", "interestIncome": "23000000", "interestExpense": "90000000", "nonInterestIncome": "None", "otherNonOperatingIncome": "None", "depreciation": "None", "depreciationAndAmortization": "249000000", "incomeBeforeTax": "-249000000", "incomeTaxExpense": "103000000", "interestAndDebtExpense": "None", "netIncomeFromContinuingOperations": "-352000000", "comprehensiveIncomeNetOfTax": "None", "ebit": "-153000000", "ebitda": "96000000", "netIncome": "-355000000"}, {"fiscalDateEnding": "2025-06-30", "reportedCurrency": "USD", "grossProfit": "997000000", "totalRevenue": "5208000000", "costOfRevenue": "4211000000", "costofGoodsAndServicesSold": "4211000000", "operatingIncome": "486000000", "sellingGeneralAndAdministrative": "406000000", "researchAndDevelopment": "None", "operatingExpenses": "511000000", "investmentIncomeNet": "None", "netInterestIncome": "-78000000", "interestIncome": "13000000", "interestExpense": "91000000", "nonInterestIncome": "None", "otherNonOperatingIncome": "None", "depreciation": "None", "depreciationAndAmortization": "250000000", "incomeBeforeTax": "453000000", "incomeTaxExpense": "56000000", "interestAndDebtExpense": "None", "netIncomeFromContinuingOperations": "397000000", "comprehensiveIncomeNetOfTax": "None", "ebit": "544000000", "ebitda": "794000000", "netIncome": "393000000"}, {"fiscalDateEnding": "2025-03-31", "reportedCurrency": "USD", "grossProfit": "865000000", "totalRevenue": "4825000000", "costOfRevenue": "3960000000", "costofGoodsAndServicesSold": "3960000000", "operatingIncome": "481000000", "sellingGeneralAndAdministrative": "384000000", "researchAndDevelopment": "None", "operatingExpenses": "384000000", "investmentIncomeNet": "None", "netInterestIncome": "-82000000", "interestIncome": "11000000", "interestExpense": "93000000", "nonInterestIncome": "None", "otherNonOperatingIncome": "None", "depreciation": "None", "depreciationAndAmortization": "242000000", "incomeBeforeTax": "345000000", "incomeTaxExpense": "356000000", "interestAndDebtExpense": "None", "netIncomeFromContinuingOperations": "-11000000", "comprehensiveIncomeNetOfTax": "None", "ebit": "448000000", "ebitda": "690000000", "netIncome": "-11000000"}, {"fiscalDateEnding": "2024-12-31", "reportedCurrency": "USD", "grossProfit": "1127000000", "totalRevenue": "4907000000", "costOfRevenue": "3780000000", "costofGoodsAndServicesSold": "3780000000", "operatingIncome": "764000000", "sellingGeneralAndAdministrative": "363000000", "researchAndDevelopment": "1632000000", "operatingExpenses": "363000000", "investmentIncomeNet": "None", "netInterestIncome": "-87000000", "interestIncome": "20000000", "interestExpense": "107000000", "nonInterestIncome": "None", "otherNonOperatingIncome": "None", "depreciation": "None", "depreciationAndAmortization": "245000000", "incomeBeforeTax": "339000000", "incomeTaxExpense": "64000000", "interestAndDebtExpense": "None", "netIncomeFromContinuingOperations": "275000000", "comprehensiveIncomeNetOfTax": "None", "ebit": "454000000", "ebitda": "699000000", "netIncome": "268000000"}, {"fiscalDateEnding": "2024-09-30", "reportedCurrency": "USD", "grossProfit": "887000000", "totalRevenue": "4854000000", "costOfRevenue": "3967000000", "costofGoodsAndServicesSold": "3967000000", "operatingIncome": "556000000", "sellingGeneralAndAdministrative": "331000000", "researchAndDevelopment": "None", "operatingExpenses": "331000000", "investmentIncomeNet": "None", "netInterestIncome": "-70000000", "interestIncome": "31000000", "interestExpense": "101000000", "nonInterestIncome": "None", "otherNonOperatingIncome": "None", "depreciation": "None", "depreciationAndAmortization": "241000000", "incomeBeforeTax": "400000000", "incomeTaxExpense": "32000000", "interestAndDebtExpense": "None", "netIncomeFromContinuingOperations": "368000000", "comprehensiveIncomeNetOfTax": "None", "ebit": "508000000", "ebitda": "749000000", "netIncome": "363000000"}, {"fiscalDateEnding": "2024-06-30", "reportedCurrency": "USD", "grossProfit": "909000000", "totalRevenue": "5051000000", "costOfRevenue": "4142000000", "costofGoodsAndServicesSold": "4142000000", "operatingIncome": "504000000", "sellingGeneralAndAdministrative": "405000000", "researchAndDevelopment": "None", "operatingExpenses": "405000000", "investmentIncomeNet": "None", "netInterestIncome": "-48000000", "interestIncome": "16000000", "interestExpense": "64000000", "nonInterestIncome": "None", "otherNonOperatingIncome": "None", "depreciation": "None", "depreciationAndAmortization": "248000000", "incomeBeforeTax": "994000000", "incomeTaxExpense": "51000000", "interestAndDebtExpense": "None", "netIncomeFromContinuingOperations": "943000000", "comprehensiveIncomeNetOfTax": "None", "ebit": "1092000000", "ebitda": "1340000000", "netIncome": "938000000"}, {"fiscalDateEnding": "2024-03-31", "reportedCurrency": "USD", "grossProfit": "780000000", "totalRevenue": "4901000000", "costOfRevenue": "4121000000", "costofGoodsAndServicesSold": "4121000000", "operatingIncome": "414000000", "sellingGeneralAndAdministrative": "366000000", "researchAndDevelopment": "None", "operatingExpenses": "366000000", "investmentIncomeNet": "None", "netInterestIncome": "-45000000", "interestIncome": "20000000", "interestExpense": "65000000", "nonInterestIncome": "None", "otherNonOperatingIncome": "None", "depreciation": "None", "depreciationAndAmortization": "230000000", "incomeBeforeTax": "300000000", "incomeTaxExpense": "76000000", "interestAndDebtExpense": "None", "netIncomeFromContinuingOperations": "224000000", "comprehensiveIncomeNetOfTax": "None", "ebit": "434000000", "ebitda": "664000000", "netIncome": "218000000"}, {"fiscalDateEnding": "2023-12-31", "reportedCurrency": "USD", "grossProfit": "820000000", "totalRevenue": "4919000000", "costOfRevenue": "4099000000", "costofGoodsAndServicesSold": "4099000000", "operatingIncome": "439000000", "sellingGeneralAndAdministrative": "381000000", "researchAndDevelopment": "1781000000", "operatingExpenses": "381000000", "investmentIncomeNet": "None", "netInterestIncome": "-36000000", "interestIncome": "35000000", "interestExpense": "71000000", "nonInterestIncome": "None", "otherNonOperatingIncome": "None", "depreciation": "None", "depreciationAndAmortization": "246000000", "incomeBeforeTax": "239000000", "incomeTaxExpense": "-680000000", "interestAndDebtExpense": "None", "netIncomeFromContinuingOperations": "919000000", "comprehensiveIncomeNetOfTax": "None", "ebit": "382000000", "ebitda": "628000000", "netIncome": "905000000"}, {"fiscalDateEnding": "2023-09-30", "reportedCurrency": "USD", "grossProfit": "796000000", "totalRevenue": "5114000000", "costOfRevenue": "4318000000", "costofGoodsAndServicesSold": "4318000000", "operatingIncome": "436000000", "sellingGeneralAndAdministrative": "360000000", "researchAndDevelopment": "None", "operatingExpenses": "360000000", "investmentIncomeNet": "None", "netInterestIncome": "-45000000", "interestIncome": "30000000", "interestExpense": "75000000", "nonInterestIncome": "None", "otherNonOperatingIncome": "None", "depreciation": "None", "depreciationAndAmortization": "226000000", "incomeBeforeTax": "325000000", "incomeTaxExpense": "-1312000000", "interestAndDebtExpense": "None", "netIncomeFromContinuingOperations": "1637000000", "comprehensiveIncomeNetOfTax": "None", "ebit": "472000000", "ebitda": "698000000", "netIncome": "1629000000"}, {"fiscalDateEnding": "2023-06-30", "reportedCurrency": "USD", "grossProfit": "778000000", "totalRevenue": "5200000000", "costOfRevenue": "4422000000", "costofGoodsAndServicesSold": "4422000000", "operatingIncome": "425000000", "sellingGeneralAndAdministrative": "353000000", "researchAndDevelopment": "None", "operatingExpenses": "353000000", "investmentIncomeNet": "None", "netInterestIncome": "-48000000", "interestIncome": "24000000", "interestExpense": "72000000", "nonInterestIncome": "None", "otherNonOperatingIncome": "11000000", "depreciation": "None", "depreciationAndAmortization": "224000000", "incomeBeforeTax": "276000000", "incomeTaxExpense": "30000000", "interestAndDebtExpense": "None", "netIncomeFromContinuingOperations": "319000000", "comprehensiveIncomeNetOfTax": "None", "ebit": "421000000", "ebitda": "645000000", "netIncome": "242000000"}, {"fiscalDateEnding": "2023-03-31", "reportedCurrency": "USD", "grossProfit": "582000000", "totalRevenue": "4818000000", "costOfRevenue": "4236000000", "costofGoodsAndServicesSold": "4236000000", "operatingIncome": "240000000", "sellingGeneralAndAdministrative": "342000000", "researchAndDevelopment": "None", "operatingExpenses": "342000000", "investmentIncomeNet": "None", "netInterestIncome": "-67000000", "interestIncome": "22000000", "interestExpense": "67000000", "nonInterestIncome": "None", "otherNonOperatingIncome": "-1000000", "depreciation": "None", "depreciationAndAmortization": "216000000", "incomeBeforeTax": "198000000", "incomeTaxExpense": "34000000", "interestAndDebtExpense": "None", "netIncomeFromContinuingOperations": "246000000", "comprehensiveIncomeNetOfTax": "None", "ebit": "347000000", "ebitda": "563000000", "netIncome": "162000000"}, {"fiscalDateEnding": "2022-12-31", "reportedCurrency": "USD", "grossProfit": "771000000", "totalRevenue": "4640000000", "costOfRevenue": "3869000000", "costofGoodsAndServicesSold": "3869000000", "operatingIncome": "468000000", "sellingGeneralAndAdministrative": "303000000", "researchAndDevelopment": "1499000000", "operatingExpenses": "303000000", "investmentIncomeNet": "None", "netInterestIncome": "-62000000", "interestIncome": "51000000", "interestExpense": "62000000", "nonInterestIncome": "None", "otherNonOperatingIncome": "-289000000", "depreciation": "None", "depreciationAndAmortization": "188000000", "incomeBeforeTax": "291000000", "incomeTaxExpense": "25000000", "interestAndDebtExpense": "None", "netIncomeFromContinuingOperations": "266000000", "comprehensiveIncomeNetOfTax": "None", "ebit": "430000000", "ebitda": "618000000", "netIncome": "249000000"}, {"fiscalDateEnding": "2022-09-30", "reportedCurrency": "USD", "grossProfit": "750000000", "totalRevenue": "4614000000", "costOfRevenue": "3864000000", "costofGoodsAndServicesSold": "3864000000", "operatingIncome": "475000000", "sellingGeneralAndAdministrative": "275000000", "researchAndDevelopment": "None", "operatingExpenses": "275000000", "investmentIncomeNet": "None", "netInterestIncome": "-32000000", "interestIncome": "26000000", "interestExpense": "58000000", "nonInterestIncome": "None", "otherNonOperatingIncome": "20000000", "depreciation": "None", "depreciationAndAmortization": "190000000", "incomeBeforeTax": "365000000", "incomeTaxExpense": "59000000", "interestAndDebtExpense": "None", "netIncomeFromContinuingOperations": "373000000", "comprehensiveIncomeNetOfTax": "None", "ebit": "490000000", "ebitda": "680000000", "netIncome": "301000000"}, {"fiscalDateEnding": "2022-06-30", "reportedCurrency": "USD", "grossProfit": "414000000", "totalRevenue": "4057000000", "costOfRevenue": "3643000000", "costofGoodsAndServicesSold": "3643000000", "operatingIncome": "128000000", "sellingGeneralAndAdministrative": "286000000", "researchAndDevelopment": "None", "operatingExpenses": "286000000", "investmentIncomeNet": "None", "netInterestIncome": "-49000000", "interestIncome": "7000000", "interestExpense": "56000000", "nonInterestIncome": "None", "otherNonOperatingIncome": "-25000000", "depreciation": "None", "depreciationAndAmortization": "193000000", "incomeBeforeTax": "-56000000", "incomeTaxExpense": "16000000", "interestAndDebtExpense": "None", "netIncomeFromContinuingOperations": "-72000000", "comprehensiveIncomeNetOfTax": "None", "ebit": "72000000", "ebitda": "265000000", "netIncome": "-45000000"}, {"fiscalDateEnding": "2022-03-31", "reportedCurrency": "USD", "grossProfit": "563000000", "totalRevenue": "4178000000", "costOfRevenue": "3615000000", "costofGoodsAndServicesSold": "3615000000", "operatingIncome": "289000000", "sellingGeneralAndAdministrative": "274000000", "researchAndDevelopment": "None", "operatingExpenses": "274000000", "investmentIncomeNet": "None", "netInterestIncome": "-41000000", "interestIncome": "2000000", "interestExpense": "43000000", "nonInterestIncome": "None", "otherNonOperatingIncome": "-39000000", "depreciation": "None", "depreciationAndAmortization": "191000000", "incomeBeforeTax": "111000000", "incomeTaxExpense": "21000000", "interestAndDebtExpense": "None", "netIncomeFromContinuingOperations": "153000000", "comprehensiveIncomeNetOfTax": "None", "ebit": "217000000", "ebitda": "408000000", "netIncome": "89000000"}, {"fiscalDateEnding": "2021-12-31", "reportedCurrency": "USD", "grossProfit": "674000000", "totalRevenue": "4134000000", "costOfRevenue": "3460000000", "costofGoodsAndServicesSold": "3460000000", "operatingIncome": "383000000", "sellingGeneralAndAdministrative": "291000000", "researchAndDevelopment": "1350000000", "operatingExpenses": "291000000", "investmentIncomeNet": "None", "netInterestIncome": "-36000000", "interestIncome": "None", "interestExpense": "36000000", "nonInterestIncome": "None", "otherNonOperatingIncome": "-278000000", "depreciation": "None", "depreciationAndAmortization": "190000000", "incomeBeforeTax": "39000000", "incomeTaxExpense": "62000000", "interestAndDebtExpense": "None", "netIncomeFromContinuingOperations": "39000000", "comprehensiveIncomeNetOfTax": "None", "ebit": "129000000", "ebitda": "319000000", "netIncome": "31000000"}, {"fiscalDateEnding": "2021-09-30", "reportedCurrency": "USD", "grossProfit": "461000000", "totalRevenue": "3654000000", "costOfRevenue": "3193000000", "costofGoodsAndServicesSold": "3193000000", "operatingIncome": "198000000", "sellingGeneralAndAdministrative": "263000000", "researchAndDevelopment": "None", "operatingExpenses": "263000000", "investmentIncomeNet": "None", "netInterestIncome": "-33000000", "interestIncome": "3000000", "interestExpense": "36000000", "nonInterestIncome": "None", "otherNonOperatingIncome": "1000000", "depreciation": "None", "depreciationAndAmortization": "193000000", "incomeBeforeTax": "129000000", "incomeTaxExpense": "25000000", "interestAndDebtExpense": "None", "netIncomeFromContinuingOperations": "155000000", "comprehensiveIncomeNetOfTax": "None", "ebit": "216000000", "ebitda": "409000000", "netIncome": "101000000"}, {"fiscalDateEnding": "2021-06-30", "reportedCurrency": "USD", "grossProfit": "545000000", "totalRevenue": "3807000000", "costOfRevenue": "3262000000", "costofGoodsAndServicesSold": "3262000000", "operatingIncome": "279000000", "sellingGeneralAndAdministrative": "266000000", "researchAndDevelopment": "None", "operatingExpenses": "266000000", "investmentIncomeNet": "None", "netInterestIncome": "-38000000", "interestIncome": "None", "interestExpense": "38000000", "nonInterestIncome": "None", "otherNonOperatingIncome": "-53000000", "depreciation": "None", "depreciationAndAmortization": "197000000", "incomeBeforeTax": "194000000", "incomeTaxExpense": "28000000", "interestAndDebtExpense": "None", "netIncomeFromContinuingOperations": "166000000", "comprehensiveIncomeNetOfTax": "None", "ebit": "285000000", "ebitda": "482000000", "netIncome": "163000000"}, {"fiscalDateEnding": "2021-03-31", "reportedCurrency": "USD", "grossProfit": "709000000", "totalRevenue": "4023000000", "costOfRevenue": "3314000000", "costofGoodsAndServicesSold": "3314000000", "operatingIncome": "454000000", "sellingGeneralAndAdministrative": "255000000", "researchAndDevelopment": "None", "operatingExpenses": "255000000", "investmentIncomeNet": "None", "netInterestIncome": "-37000000", "interestIncome": "3000000", "interestExpense": "40000000", "nonInterestIncome": "None", "otherNonOperatingIncome": "1000000", "depreciation": "None", "depreciationAndAmortization": "193000000", "incomeBeforeTax": "348000000", "incomeTaxExpense": "48000000", "interestAndDebtExpense": "None", "netIncomeFromContinuingOperations": "342000000", "comprehensiveIncomeNetOfTax": "None", "ebit": "430000000", "ebitda": "623000000", "netIncome": "295000000"}, {"fiscalDateEnding": "2020-12-31", "reportedCurrency": "USD", "grossProfit": "739000000", "totalRevenue": "4212000000", "costOfRevenue": "3473000000", "costofGoodsAndServicesSold": "3473000000", "operatingIncome": "461000000", "sellingGeneralAndAdministrative": "1712000000", "researchAndDevelopment": "1327000000", "operatingExpenses": "278000000", "investmentIncomeNet": "None", "netInterestIncome": "-39000000", "interestIncome": "2000000", "interestExpense": "39000000", "nonInterestIncome": "None", "otherNonOperatingIncome": "-77000000", "depreciation": "None", "depreciationAndAmortization": "208000000", "incomeBeforeTax": "370000000", "incomeTaxExpense": "55000000", "interestAndDebtExpense": "None", "netIncomeFromContinuingOperations": "370000000", "comprehensiveIncomeNetOfTax": "None", "ebit": "452000000", "ebitda": "660000000", "netIncome": "299000000"}, {"fiscalDateEnding": "2020-09-30", "reportedCurrency": "USD", "grossProfit": "615000000", "totalRevenue": "3668000000", "costOfRevenue": "3053000000", "costofGoodsAndServicesSold": "3053000000", "operatingIncome": "385000000", "sellingGeneralAndAdministrative": "229000000", "researchAndDevelopment": "None", "operatingExpenses": "230000000", "investmentIncomeNet": "None", "netInterestIncome": "-36000000", "interestIncome": "2000000", "interestExpense": "38000000", "nonInterestIncome": "None", "otherNonOperatingIncome": "1000000", "depreciation": "None", "depreciationAndAmortization": "192000000", "incomeBeforeTax": "303000000", "incomeTaxExpense": "-2000000", "interestAndDebtExpense": "None", "netIncomeFromContinuingOperations": "325000000", "comprehensiveIncomeNetOfTax": "None", "ebit": "365000000", "ebitda": "557000000", "netIncome": "299000000"}, {"fiscalDateEnding": "2020-06-30", "reportedCurrency": "USD", "grossProfit": "13000000", "totalRevenue": "1960000000", "costOfRevenue": "1960000000", "costofGoodsAndServicesSold": "1960000000", "operatingIncome": "-217000000", "sellingGeneralAndAdministrative": "217000000", "researchAndDevelopment": "None", "operatingExpenses": "217000000", "investmentIncomeNet": "None", "netInterestIncome": "-43000000", "interestIncome": "1000000", "interestExpense": "44000000", "nonInterestIncome": "None", "otherNonOperatingIncome": "-6000000", "depreciation": "None", "depreciationAndAmortization": "184000000", "incomeBeforeTax": "-379000000", "incomeTaxExpense": "-14000000", "interestAndDebtExpense": "None", "netIncomeFromContinuingOperations": "-375000000", "comprehensiveIncomeNetOfTax": "None", "ebit": "-317000000", "ebitda": "-133000000", "netIncome": "-366000000"}, {"fiscalDateEnding": "2020-03-31", "reportedCurrency": "USD", "grossProfit": "461000000", "totalRevenue": "3226000000", "costOfRevenue": "2765000000", "costofGoodsAndServicesSold": "2765000000", "operatingIncome": "209000000", "sellingGeneralAndAdministrative": "252000000", "researchAndDevelopment": "None", "operatingExpenses": "252000000", "investmentIncomeNet": "None", "netInterestIncome": "-40000000", "interestIncome": "3000000", "interestExpense": "43000000", "nonInterestIncome": "None", "otherNonOperatingIncome": "-1000000", "depreciation": "None", "depreciationAndAmortization": "180000000", "incomeBeforeTax": "1577000000", "incomeTaxExpense": "10000000", "interestAndDebtExpense": "None", "netIncomeFromContinuingOperations": "1585000000", "comprehensiveIncomeNetOfTax": "None", "ebit": "1618000000", "ebitda": "1798000000", "netIncome": "1572000000"}, {"fiscalDateEnding": "2019-12-31", "reportedCurrency": "USD", "grossProfit": "654000000", "totalRevenue": "3596000000", "costOfRevenue": "2942000000", "costofGoodsAndServicesSold": "2942000000", "operatingIncome": "356000000", "sellingGeneralAndAdministrative": "298000000", "researchAndDevelopment": "1546000000", "operatingExpenses": "298000000", "investmentIncomeNet": "None", "netInterestIncome": "-39000000", "interestIncome": "2000000", "interestExpense": "41000000", "nonInterestIncome": "None", "otherNonOperatingIncome": "None", "depreciation": "None", "depreciationAndAmortization": "178000000", "incomeBeforeTax": "271000000", "incomeTaxExpense": "30000000", "interestAndDebtExpense": "None", "netIncomeFromContinuingOperations": "49000000", "comprehensiveIncomeNetOfTax": "None", "ebit": "309000000", "ebitda": "487000000", "netIncome": "230000000"}, {"fiscalDateEnding": "2019-09-30", "reportedCurrency": "USD", "grossProfit": "645000000", "totalRevenue": "3559000000", "costOfRevenue": "2914000000", "costofGoodsAndServicesSold": "2914000000", "operatingIncome": "383000000", "sellingGeneralAndAdministrative": "262000000", "researchAndDevelopment": "None", "operatingExpenses": "262000000", "investmentIncomeNet": "None", "netInterestIncome": "-39000000", "interestIncome": "3000000", "interestExpense": "42000000", "nonInterestIncome": "None", "otherNonOperatingIncome": "7000000", "depreciation": "None", "depreciationAndAmortization": "178000000", "incomeBeforeTax": "290000000", "incomeTaxExpense": "38000000", "interestAndDebtExpense": "None", "netIncomeFromContinuingOperations": "323000000", "comprehensiveIncomeNetOfTax": "None", "ebit": "327000000", "ebitda": "505000000", "netIncome": "246000000"}, {"fiscalDateEnding": "2019-06-30", "reportedCurrency": "USD", "grossProfit": "624000000", "totalRevenue": "3627000000", "costOfRevenue": "3003000000", "costofGoodsAndServicesSold": "3003000000", "operatingIncome": "364000000", "sellingGeneralAndAdministrative": "260000000", "researchAndDevelopment": "None", "operatingExpenses": "260000000", "investmentIncomeNet": "None", "netInterestIncome": "-38000000", "interestIncome": "5000000", "interestExpense": "43000000", "nonInterestIncome": "None", "otherNonOperatingIncome": "6000000", "depreciation": "None", "depreciationAndAmortization": "188000000", "incomeBeforeTax": "302000000", "incomeTaxExpense": "31000000", "interestAndDebtExpense": "None", "netIncomeFromContinuingOperations": "329000000", "comprehensiveIncomeNetOfTax": "None", "ebit": "341000000", "ebitda": "529000000", "netIncome": "274000000"}, {"fiscalDateEnding": "2019-03-31", "reportedCurrency": "USD", "grossProfit": "582000000", "totalRevenue": "3575000000", "costOfRevenue": "2993000000", "costofGoodsAndServicesSold": "2993000000", "operatingIncome": "326000000", "sellingGeneralAndAdministrative": "256000000", "researchAndDevelopment": "None", "operatingExpenses": "256000000", "investmentIncomeNet": "None", "netInterestIncome": "-35000000", "interestIncome": "35000000", "interestExpense": "38000000", "nonInterestIncome": "None", "otherNonOperatingIncome": "16000000", "depreciation": "None", "depreciationAndAmortization": "173000000", "incomeBeforeTax": "278000000", "incomeTaxExpense": "33000000", "interestAndDebtExpense": "None", "netIncomeFromContinuingOperations": "308000000", "comprehensiveIncomeNetOfTax": "None", "ebit": "313000000", "ebitda": "486000000", "netIncome": "240000000"}, {"fiscalDateEnding": "2018-12-31", "reportedCurrency": "USD", "grossProfit": "611000000", "totalRevenue": "3636000000", "costOfRevenue": "3025000000", "costofGoodsAndServicesSold": "3025000000", "operatingIncome": "369000000", "sellingGeneralAndAdministrative": "242000000", "researchAndDevelopment": "1443000000", "operatingExpenses": "242000000", "investmentIncomeNet": "None", "netInterestIncome": "None", "interestIncome": "None", "interestExpense": "37000000", "nonInterestIncome": "None", "otherNonOperatingIncome": "-19000000", "depreciation": "None", "depreciationAndAmortization": "202000000", "incomeBeforeTax": "299000000", "incomeTaxExpense": "42000000", "interestAndDebtExpense": "None", "netIncomeFromContinuingOperations": "257000000", "comprehensiveIncomeNetOfTax": "None", "ebit": "330000000", "ebitda": "532000000", "netIncome": "247000000"}, {"fiscalDateEnding": "2018-09-30", "reportedCurrency": "USD", "grossProfit": "621000000", "totalRevenue": "3485000000", "costOfRevenue": "2864000000", "costofGoodsAndServicesSold": "2864000000", "operatingIncome": "389000000", "sellingGeneralAndAdministrative": "232000000", "researchAndDevelopment": "0", "operatingExpenses": "232000000", "investmentIncomeNet": "None", "netInterestIncome": "None", "interestIncome": "None", "interestExpense": "34000000", "nonInterestIncome": "None", "otherNonOperatingIncome": "8000000", "depreciation": "None", "depreciationAndAmortization": "163000000", "incomeBeforeTax": "297000000", "incomeTaxExpense": "66000000", "interestAndDebtExpense": "None", "netIncomeFromContinuingOperations": "231000000", "comprehensiveIncomeNetOfTax": "None", "ebit": "327000000", "ebitda": "490000000", "netIncome": "222000000"}, {"fiscalDateEnding": "2018-06-30", "reportedCurrency": "USD", "grossProfit": "694000000", "totalRevenue": "3684000000", "costOfRevenue": "2990000000", "costofGoodsAndServicesSold": "2990000000", "operatingIncome": "434000000", "sellingGeneralAndAdministrative": "260000000", "researchAndDevelopment": "0", "operatingExpenses": "260000000", "investmentIncomeNet": "None", "netInterestIncome": "None", "interestIncome": "None", "interestExpense": "36000000", "nonInterestIncome": "None", "otherNonOperatingIncome": "1000000", "depreciation": "None", "depreciationAndAmortization": "156000000", "incomeBeforeTax": "386000000", "incomeTaxExpense": "83000000", "interestAndDebtExpense": "None", "netIncomeFromContinuingOperations": "303000000", "comprehensiveIncomeNetOfTax": "None", "ebit": "414000000", "ebitda": "570000000", "netIncome": "291000000"}, {"fiscalDateEnding": "2018-03-31", "reportedCurrency": "USD", "grossProfit": "631000000", "totalRevenue": "3630000000", "costOfRevenue": "2999000000", "costofGoodsAndServicesSold": "2999000000", "operatingIncome": "372000000", "sellingGeneralAndAdministrative": "952000000", "researchAndDevelopment": "0", "operatingExpenses": "259000000", "investmentIncomeNet": "None", "netInterestIncome": "None", "interestIncome": "None", "interestExpense": "34000000", "nonInterestIncome": "None", "otherNonOperatingIncome": "35000000", "depreciation": "None", "depreciationAndAmortization": "155000000", "incomeBeforeTax": "375000000", "incomeTaxExpense": "59000000", "interestAndDebtExpense": "None", "netIncomeFromContinuingOperations": "316000000", "comprehensiveIncomeNetOfTax": "None", "ebit": "404000000", "ebitda": "559000000", "netIncome": "307000000"}, {"fiscalDateEnding": "2017-12-31", "reportedCurrency": "USD", "grossProfit": "680000000", "totalRevenue": "3440000000", "costOfRevenue": "2760000000", "costofGoodsAndServicesSold": "2760000000", "operatingIncome": "414000000", "sellingGeneralAndAdministrative": "46000000", "researchAndDevelopment": "1086000000", "operatingExpenses": "266000000", "investmentIncomeNet": "None", "netInterestIncome": "None", "interestIncome": "None", "interestExpense": "35000000", "nonInterestIncome": "None", "otherNonOperatingIncome": "14000000", "depreciation": "None", "depreciationAndAmortization": "546000000", "incomeBeforeTax": "357000000", "incomeTaxExpense": "135000000", "interestAndDebtExpense": "None", "netIncomeFromContinuingOperations": "-88000000", "comprehensiveIncomeNetOfTax": "None", "ebit": "387000000", "ebitda": "933000000", "netIncome": "256000000"}, {"fiscalDateEnding": "2017-09-30", "reportedCurrency": "USD", "grossProfit": "616000000", "totalRevenue": "4333000000", "costOfRevenue": "2532000000", "costofGoodsAndServicesSold": "2532000000", "operatingIncome": "379000000", "sellingGeneralAndAdministrative": "317000000", "researchAndDevelopment": "0", "operatingExpenses": "237000000", "investmentIncomeNet": "None", "netInterestIncome": "None", "interestIncome": "None", "interestExpense": "35000000", "nonInterestIncome": "None", "otherNonOperatingIncome": "-2000000", "depreciation": "None", "depreciationAndAmortization": "136000000", "incomeBeforeTax": "337000000", "incomeTaxExpense": "31000000", "interestAndDebtExpense": "None", "netIncomeFromContinuingOperations": "413000000", "comprehensiveIncomeNetOfTax": "None", "ebit": "366000000", "ebitda": "502000000", "netIncome": "395000000"}, {"fiscalDateEnding": "2017-06-30", "reportedCurrency": "USD", "grossProfit": "628000000", "totalRevenue": "4318000000", "costOfRevenue": "2526000000", "costofGoodsAndServicesSold": "2526000000", "operatingIncome": "392000000", "sellingGeneralAndAdministrative": "301000000", "researchAndDevelopment": "0", "operatingExpenses": "236000000", "investmentIncomeNet": "None", "netInterestIncome": "None", "interestIncome": "None", "interestExpense": "35000000", "nonInterestIncome": "None", "otherNonOperatingIncome": "15000000", "depreciation": "None", "depreciationAndAmortization": "181000000", "incomeBeforeTax": "344000000", "incomeTaxExpense": "38000000", "interestAndDebtExpense": "None", "netIncomeFromContinuingOperations": "386000000", "comprehensiveIncomeNetOfTax": "None", "ebit": "321000000", "ebitda": "502000000", "netIncome": "369000000"}, {"fiscalDateEnding": "2017-03-31", "reportedCurrency": "USD", "grossProfit": "836000000", "totalRevenue": "4292000000", "costOfRevenue": "3456000000", "costofGoodsAndServicesSold": "3456000000", "operatingIncome": "541000000", "sellingGeneralAndAdministrative": "288000000", "researchAndDevelopment": "0", "operatingExpenses": "295000000", "investmentIncomeNet": "None", "netInterestIncome": "None", "interestIncome": "None", "interestExpense": "33000000", "nonInterestIncome": "None", "otherNonOperatingIncome": "-17000000", "depreciation": "None", "depreciationAndAmortization": "175000000", "incomeBeforeTax": "402000000", "incomeTaxExpense": "61000000", "interestAndDebtExpense": "None", "netIncomeFromContinuingOperations": "352000000", "comprehensiveIncomeNetOfTax": "None", "ebit": "221000000", "ebitda": "396000000", "netIncome": "335000000"}, {"fiscalDateEnding": "2016-12-31", "reportedCurrency": "USD", "grossProfit": "1042000000", "totalRevenue": "4313000000", "costOfRevenue": "3271000000", "costofGoodsAndServicesSold": "3271000000", "operatingIncome": "731000000", "sellingGeneralAndAdministrative": "311000000", "researchAndDevelopment": "969000000", "operatingExpenses": "311000000", "investmentIncomeNet": "None", "netInterestIncome": "None", "interestIncome": "None", "interestExpense": "33000000", "nonInterestIncome": "None", "otherNonOperatingIncome": "-290000000", "depreciation": "None", "depreciationAndAmortization": "33000000", "incomeBeforeTax": "320000000", "incomeTaxExpense": "26000000", "interestAndDebtExpense": "None", "netIncomeFromContinuingOperations": "306000000", "comprehensiveIncomeNetOfTax": "None", "ebit": "498000000", "ebitda": "531000000", "netIncome": "281000000"}, {"fiscalDateEnding": "2016-09-30", "reportedCurrency": "USD", "grossProfit": "801000000", "totalRevenue": "4091000000", "costOfRevenue": "3290000000", "costofGoodsAndServicesSold": "3290000000", "operatingIncome": "523000000", "sellingGeneralAndAdministrative": "278000000", "researchAndDevelopment": "0", "operatingExpenses": "278000000", "investmentIncomeNet": "None", "netInterestIncome": "None", "interestIncome": "None", "interestExpense": "41000000", "nonInterestIncome": "None", "otherNonOperatingIncome": "-56000000", "depreciation": "None", "depreciationAndAmortization": "174000000", "incomeBeforeTax": "353000000", "incomeTaxExpense": "57000000", "interestAndDebtExpense": "None", "netIncomeFromContinuingOperations": "306000000", "comprehensiveIncomeNetOfTax": "None", "ebit": "394000000", "ebitda": "568000000", "netIncome": "293000000"}, {"fiscalDateEnding": "2016-06-30", "reportedCurrency": "USD", "grossProfit": "860000000", "totalRevenue": "4206000000", "costOfRevenue": "3346000000", "costofGoodsAndServicesSold": "3346000000", "operatingIncome": "391000000", "sellingGeneralAndAdministrative": "279000000", "researchAndDevelopment": "0", "operatingExpenses": "466000000", "investmentIncomeNet": "None", "netInterestIncome": "None", "interestIncome": "None", "interestExpense": "41000000", "nonInterestIncome": "None", "otherNonOperatingIncome": "5000000", "depreciation": "None", "depreciationAndAmortization": "190000000", "incomeBeforeTax": "348000000", "incomeTaxExpense": "84000000", "interestAndDebtExpense": "None", "netIncomeFromContinuingOperations": "271000000", "comprehensiveIncomeNetOfTax": "None", "ebit": "389000000", "ebitda": "579000000", "netIncome": "258000000"}, {"fiscalDateEnding": "2016-03-31", "reportedCurrency": "USD", "grossProfit": "789000000", "totalRevenue": "4051000000", "costOfRevenue": "3262000000", "costofGoodsAndServicesSold": "3262000000", "operatingIncome": "441000000", "sellingGeneralAndAdministrative": "277000000", "researchAndDevelopment": "0", "operatingExpenses": "345000000", "investmentIncomeNet": "None", "netInterestIncome": "None", "interestIncome": "None", "interestExpense": "41000000", "nonInterestIncome": "None", "otherNonOperatingIncome": "10000000", "depreciation": "None", "depreciationAndAmortization": "162000000", "incomeBeforeTax": "404000000", "incomeTaxExpense": "75000000", "interestAndDebtExpense": "None", "netIncomeFromContinuingOperations": "335000000", "comprehensiveIncomeNetOfTax": "None", "ebit": "445000000", "ebitda": "607000000", "netIncome": "425000000"}, {"fiscalDateEnding": "2015-12-31", "reportedCurrency": "USD", "grossProfit": "718000000", "totalRevenue": "3879000000", "costOfRevenue": "3161000000", "costofGoodsAndServicesSold": "3161000000", "operatingIncome": "335000000", "sellingGeneralAndAdministrative": "252000000", "researchAndDevelopment": "1500000000", "operatingExpenses": "383000000", "investmentIncomeNet": "None", "netInterestIncome": "None", "interestIncome": "None", "interestExpense": "35000000", "nonInterestIncome": "None", "otherNonOperatingIncome": "-15000000", "depreciation": "None", "depreciationAndAmortization": "23000000", "incomeBeforeTax": "279000000", "incomeTaxExpense": "61000000", "interestAndDebtExpense": "None", "netIncomeFromContinuingOperations": "224000000", "comprehensiveIncomeNetOfTax": "None", "ebit": "437000000", "ebitda": "460000000", "netIncome": "192000000"}, {"fiscalDateEnding": "2015-09-30", "reportedCurrency": "USD", "grossProfit": "769000000", "totalRevenue": "3631000000", "costOfRevenue": "2862000000", "costofGoodsAndServicesSold": "2862000000", "operatingIncome": "461000000", "sellingGeneralAndAdministrative": "249000000", "researchAndDevelopment": "0", "operatingExpenses": "308000000", "investmentIncomeNet": "None", "netInterestIncome": "None", "interestIncome": "None", "interestExpense": "30000000", "nonInterestIncome": "None", "otherNonOperatingIncome": "-6000000", "depreciation": "None", "depreciationAndAmortization": "131000000", "incomeBeforeTax": "420000000", "incomeTaxExpense": "61000000", "interestAndDebtExpense": "None", "netIncomeFromContinuingOperations": "364000000", "comprehensiveIncomeNetOfTax": "None", "ebit": "450000000", "ebitda": "581000000", "netIncome": "404000000"}, {"fiscalDateEnding": "2015-06-30", "reportedCurrency": "USD", "grossProfit": "782000000", "totalRevenue": "3858000000", "costOfRevenue": "3076000000", "costofGoodsAndServicesSold": "3076000000", "operatingIncome": "481000000", "sellingGeneralAndAdministrative": "261000000", "researchAndDevelopment": "0", "operatingExpenses": "301000000", "investmentIncomeNet": "None", "netInterestIncome": "None", "interestIncome": "None", "interestExpense": "30000000", "nonInterestIncome": "None", "otherNonOperatingIncome": "-2000000", "depreciation": "None", "depreciationAndAmortization": "23000000", "incomeBeforeTax": "449000000", "incomeTaxExpense": "80000000", "interestAndDebtExpense": "None", "netIncomeFromContinuingOperations": "369000000", "comprehensiveIncomeNetOfTax": "None", "ebit": "591000000", "ebitda": "614000000", "netIncome": "645000000"}, {"fiscalDateEnding": "2015-03-31", "reportedCurrency": "USD", "grossProfit": "741000000", "totalRevenue": "3797000000", "costOfRevenue": "3056000000", "costofGoodsAndServicesSold": "3056000000", "operatingIncome": "446000000", "sellingGeneralAndAdministrative": "255000000", "researchAndDevelopment": "0", "operatingExpenses": "295000000", "investmentIncomeNet": "None", "netInterestIncome": "None", "interestIncome": "None", "interestExpense": "32000000", "nonInterestIncome": "None", "otherNonOperatingIncome": "-49000000", "depreciation": "None", "depreciationAndAmortization": "128000000", "incomeBeforeTax": "360000000", "incomeTaxExpense": "61000000", "interestAndDebtExpense": "None", "netIncomeFromContinuingOperations": "304000000", "comprehensiveIncomeNetOfTax": "None", "ebit": "392000000", "ebitda": "520000000", "netIncome": "209000000"}, {"fiscalDateEnding": "2014-12-31", "reportedCurrency": "USD", "grossProfit": "809000000", "totalRevenue": "4152000000", "costOfRevenue": "3343000000", "costofGoodsAndServicesSold": "3343000000", "operatingIncome": "486000000", "sellingGeneralAndAdministrative": "278000000", "researchAndDevelopment": "1600000000", "operatingExpenses": "323000000", "investmentIncomeNet": "None", "netInterestIncome": "None", "interestIncome": "None", "interestExpense": "34000000", "nonInterestIncome": "None", "otherNonOperatingIncome": "-11000000", "depreciation": "None", "depreciationAndAmortization": "25000000", "incomeBeforeTax": "453000000", "incomeTaxExpense": "82000000", "interestAndDebtExpense": "None", "netIncomeFromContinuingOperations": "371000000", "comprehensiveIncomeNetOfTax": "None", "ebit": "608000000", "ebitda": "633000000", "netIncome": "344000000"}, {"fiscalDateEnding": "2014-09-30", "reportedCurrency": "USD", "grossProfit": "721000000", "totalRevenue": "4144000000", "costOfRevenue": "3041000000", "costofGoodsAndServicesSold": "3041000000", "operatingIncome": "414000000", "sellingGeneralAndAdministrative": "270000000", "researchAndDevelopment": "0", "operatingExpenses": "329000000", "investmentIncomeNet": "None", "netInterestIncome": "None", "interestIncome": "None", "interestExpense": "33000000", "nonInterestIncome": "None", "otherNonOperatingIncome": "7000000", "depreciation": "None", "depreciationAndAmortization": "150000000", "incomeBeforeTax": "364000000", "incomeTaxExpense": "63000000", "interestAndDebtExpense": "None", "netIncomeFromContinuingOperations": "323000000", "comprehensiveIncomeNetOfTax": "None", "ebit": "384000000", "ebitda": "534000000", "netIncome": "305000000"}, {"fiscalDateEnding": "2014-06-30", "reportedCurrency": "USD", "grossProfit": "800000000", "totalRevenue": "4451000000", "costOfRevenue": "3262000000", "costofGoodsAndServicesSold": "3262000000", "operatingIncome": "488000000", "sellingGeneralAndAdministrative": "272000000", "researchAndDevelopment": "0", "operatingExpenses": "338000000", "investmentIncomeNet": "None", "netInterestIncome": "None", "interestIncome": "None", "interestExpense": "33000000", "nonInterestIncome": "None", "otherNonOperatingIncome": "13000000", "depreciation": "None", "depreciationAndAmortization": "146000000", "incomeBeforeTax": "432000000", "incomeTaxExpense": "62000000", "interestAndDebtExpense": "None", "netIncomeFromContinuingOperations": "396000000", "comprehensiveIncomeNetOfTax": "None", "ebit": "454000000", "ebitda": "600000000", "netIncome": "382000000"}, {"fiscalDateEnding": "2014-03-31", "reportedCurrency": "USD", "grossProfit": "733000000", "totalRevenue": "4276000000", "costOfRevenue": "3164000000", "costofGoodsAndServicesSold": "3164000000", "operatingIncome": "459000000", "sellingGeneralAndAdministrative": "261000000", "researchAndDevelopment": "0", "operatingExpenses": "293000000", "investmentIncomeNet": "None", "netInterestIncome": "None", "interestIncome": "None", "interestExpense": "35000000", "nonInterestIncome": "None", "otherNonOperatingIncome": "-16000000", "depreciation": "None", "depreciationAndAmortization": "145000000", "incomeBeforeTax": "388000000", "incomeTaxExpense": "75000000", "interestAndDebtExpense": "None", "netIncomeFromContinuingOperations": "333000000", "comprehensiveIncomeNetOfTax": "None", "ebit": "412000000", "ebitda": "557000000", "netIncome": "320000000"}, {"fiscalDateEnding": "2013-12-31", "reportedCurrency": "USD", "grossProfit": "756000000", "totalRevenue": "4182000000", "costOfRevenue": "3426000000", "costofGoodsAndServicesSold": "3426000000", "operatingIncome": "417000000", "sellingGeneralAndAdministrative": "264000000", "researchAndDevelopment": "1300000000", "operatingExpenses": "339000000", "investmentIncomeNet": "None", "netInterestIncome": "None", "interestIncome": "None", "interestExpense": "37000000", "nonInterestIncome": "None", "otherNonOperatingIncome": "15000000", "depreciation": "None", "depreciationAndAmortization": "25000000", "incomeBeforeTax": "387000000", "incomeTaxExpense": "74000000", "interestAndDebtExpense": "None", "netIncomeFromContinuingOperations": "313000000", "comprehensiveIncomeNetOfTax": "None", "ebit": "538000000", "ebitda": "563000000", "netIncome": "298000000"}, {"fiscalDateEnding": "2013-09-30", "reportedCurrency": "USD", "grossProfit": "679000000", "totalRevenue": "4017000000", "costOfRevenue": "3338000000", "costofGoodsAndServicesSold": "3338000000", "operatingIncome": "387000000", "sellingGeneralAndAdministrative": "228000000", "researchAndDevelopment": "0", "operatingExpenses": "292000000", "investmentIncomeNet": "None", "netInterestIncome": "None", "interestIncome": "None", "interestExpense": "34000000", "nonInterestIncome": "None", "otherNonOperatingIncome": "12000000", "depreciation": "None", "depreciationAndAmortization": "138000000", "incomeBeforeTax": "357000000", "incomeTaxExpense": "72000000", "interestAndDebtExpense": "None", "netIncomeFromContinuingOperations": "285000000", "comprehensiveIncomeNetOfTax": "None", "ebit": "391000000", "ebitda": "529000000", "netIncome": "271000000"}, {"fiscalDateEnding": "2013-06-30", "reportedCurrency": "USD", "grossProfit": "776000000", "totalRevenue": "4240000000", "costOfRevenue": "3464000000", "costofGoodsAndServicesSold": "3464000000", "operatingIncome": "483000000", "sellingGeneralAndAdministrative": "241000000", "researchAndDevelopment": "0", "operatingExpenses": "293000000", "investmentIncomeNet": "None", "netInterestIncome": "None", "interestIncome": "None", "interestExpense": "36000000", "nonInterestIncome": "None", "otherNonOperatingIncome": "15000000", "depreciation": "None", "depreciationAndAmortization": "132000000", "incomeBeforeTax": "452000000", "incomeTaxExpense": "73000000", "interestAndDebtExpense": "None", "netIncomeFromContinuingOperations": "379000000", "comprehensiveIncomeNetOfTax": "None", "ebit": "488000000", "ebitda": "620000000", "netIncome": "367000000"}, {"fiscalDateEnding": "2013-03-31", "reportedCurrency": "USD", "grossProfit": "685000000", "totalRevenue": "4024000000", "costOfRevenue": "3339000000", "costofGoodsAndServicesSold": "3339000000", "operatingIncome": "397000000", "sellingGeneralAndAdministrative": "230000000", "researchAndDevelopment": "0", "operatingExpenses": "288000000", "investmentIncomeNet": "None", "netInterestIncome": "None", "interestIncome": "None", "interestExpense": "36000000", "nonInterestIncome": "None", "otherNonOperatingIncome": "-26000000", "depreciation": "None", "depreciationAndAmortization": "131000000", "incomeBeforeTax": "327000000", "incomeTaxExpense": "37000000", "interestAndDebtExpense": "None", "netIncomeFromContinuingOperations": "290000000", "comprehensiveIncomeNetOfTax": "None", "ebit": "363000000", "ebitda": "494000000", "netIncome": "276000000"}, {"fiscalDateEnding": "2012-12-31", "reportedCurrency": "USD", "grossProfit": "609000000", "totalRevenue": "3767000000", "costOfRevenue": "3158000000", "costofGoodsAndServicesSold": "3158000000", "operatingIncome": "177000000", "sellingGeneralAndAdministrative": "254000000", "researchAndDevelopment": "1200000000", "operatingExpenses": "432000000", "investmentIncomeNet": "None", "netInterestIncome": "None", "interestIncome": "None", "interestExpense": "36000000", "nonInterestIncome": "None", "otherNonOperatingIncome": "None", "depreciation": "None", "depreciationAndAmortization": "24000000", "incomeBeforeTax": "131000000", "incomeTaxExpense": "-15000000", "interestAndDebtExpense": "None", "netIncomeFromContinuingOperations": "0", "comprehensiveIncomeNetOfTax": "None", "ebit": "289000000", "ebitda": "313000000", "netIncome": "136000000"}, {"fiscalDateEnding": "2012-09-30", "reportedCurrency": "USD", "grossProfit": "605000000", "totalRevenue": "3663000000", "costOfRevenue": "3058000000", "costofGoodsAndServicesSold": "3058000000", "operatingIncome": "367000000", "sellingGeneralAndAdministrative": "215000000", "researchAndDevelopment": "0", "operatingExpenses": "238000000", "investmentIncomeNet": "None", "netInterestIncome": "None", "interestIncome": "None", "interestExpense": "32000000", "nonInterestIncome": "None", "otherNonOperatingIncome": "None", "depreciation": "None", "depreciationAndAmortization": "113000000", "incomeBeforeTax": "338000000", "incomeTaxExpense": "52000000", "interestAndDebtExpense": "None", "netIncomeFromContinuingOperations": "0", "comprehensiveIncomeNetOfTax": "None", "ebit": "370000000", "ebitda": "483000000", "netIncome": "269000000"}, {"fiscalDateEnding": "2012-06-30", "reportedCurrency": "USD", "grossProfit": "725000000", "totalRevenue": "3997000000", "costOfRevenue": "3272000000", "costofGoodsAndServicesSold": "3272000000", "operatingIncome": "468000000", "sellingGeneralAndAdministrative": "230000000", "researchAndDevelopment": "0", "operatingExpenses": "257000000", "investmentIncomeNet": "None", "netInterestIncome": "None", "interestIncome": "None", "interestExpense": "33000000", "nonInterestIncome": "None", "otherNonOperatingIncome": "None", "depreciation": "None", "depreciationAndAmortization": "19000000", "incomeBeforeTax": "440000000", "incomeTaxExpense": "98000000", "interestAndDebtExpense": "None", "netIncomeFromContinuingOperations": "0", "comprehensiveIncomeNetOfTax": "None", "ebit": "567000000", "ebitda": "586000000", "netIncome": "330000000"}, {"fiscalDateEnding": "2012-03-31", "reportedCurrency": "USD", "grossProfit": "719000000", "totalRevenue": "4092000000", "costOfRevenue": "3373000000", "costofGoodsAndServicesSold": "3373000000", "operatingIncome": "464000000", "sellingGeneralAndAdministrative": "228000000", "researchAndDevelopment": "0", "operatingExpenses": "255000000", "investmentIncomeNet": "None", "netInterestIncome": "None", "interestIncome": "None", "interestExpense": "35000000", "nonInterestIncome": "None", "otherNonOperatingIncome": "None", "depreciation": "None", "depreciationAndAmortization": "114000000", "incomeBeforeTax": "436000000", "incomeTaxExpense": "77000000", "interestAndDebtExpense": "None", "netIncomeFromContinuingOperations": "0", "comprehensiveIncomeNetOfTax": "None", "ebit": "471000000", "ebitda": "585000000", "netIncome": "342000000"}, {"fiscalDateEnding": "2011-12-31", "reportedCurrency": "USD", "grossProfit": "679000000", "totalRevenue": "3900000000", "costOfRevenue": "3221000000", "costofGoodsAndServicesSold": "3221000000", "operatingIncome": "411000000", "sellingGeneralAndAdministrative": "234000000", "researchAndDevelopment": "1200000000", "operatingExpenses": "268000000", "investmentIncomeNet": "None", "netInterestIncome": "None", "interestIncome": "None", "interestExpense": "39000000", "nonInterestIncome": "None", "otherNonOperatingIncome": "None", "depreciation": "None", "depreciationAndAmortization": "119000000", "incomeBeforeTax": "344000000", "incomeTaxExpense": "29000000", "interestAndDebtExpense": "None", "netIncomeFromContinuingOperations": "0", "comprehensiveIncomeNetOfTax": "None", "ebit": "383000000", "ebitda": "502000000", "netIncome": "290000000"}, {"fiscalDateEnding": "2011-09-30", "reportedCurrency": "USD", "grossProfit": "637000000", "totalRevenue": "3931000000", "costOfRevenue": "3294000000", "costofGoodsAndServicesSold": "3294000000", "operatingIncome": "393000000", "sellingGeneralAndAdministrative": "222000000", "researchAndDevelopment": "0", "operatingExpenses": "244000000", "investmentIncomeNet": "None", "netInterestIncome": "None", "interestIncome": "None", "interestExpense": "37000000", "nonInterestIncome": "None", "otherNonOperatingIncome": "None", "depreciation": "None", "depreciationAndAmortization": "123000000", "incomeBeforeTax": "370000000", "incomeTaxExpense": "87000000", "interestAndDebtExpense": "None", "netIncomeFromContinuingOperations": "0", "comprehensiveIncomeNetOfTax": "None", "ebit": "407000000", "ebitda": "530000000", "netIncome": "266000000"}, {"fiscalDateEnding": "2011-06-30", "reportedCurrency": "USD", "grossProfit": "695000000", "totalRevenue": "4213000000", "costOfRevenue": "3518000000", "costofGoodsAndServicesSold": "3518000000", "operatingIncome": "428000000", "sellingGeneralAndAdministrative": "240000000", "researchAndDevelopment": "0", "operatingExpenses": "267000000", "investmentIncomeNet": "None", "netInterestIncome": "None", "interestIncome": "None", "interestExpense": "41000000", "nonInterestIncome": "None", "otherNonOperatingIncome": "None", "depreciation": "None", "depreciationAndAmortization": "116000000", "incomeBeforeTax": "383000000", "incomeTaxExpense": "73000000", "interestAndDebtExpense": "None", "netIncomeFromContinuingOperations": "0", "comprehensiveIncomeNetOfTax": "None", "ebit": "424000000", "ebitda": "540000000", "netIncome": "298000000"}, {"fiscalDateEnding": "2011-03-31", "reportedCurrency": "USD", "grossProfit": "644000000", "totalRevenue": "3997000000", "costOfRevenue": "3353000000", "costofGoodsAndServicesSold": "3353000000", "operatingIncome": "412000000", "sellingGeneralAndAdministrative": "205000000", "researchAndDevelopment": "0", "operatingExpenses": "232000000", "investmentIncomeNet": "None", "netInterestIncome": "None", "interestIncome": "None", "interestExpense": "6000000", "nonInterestIncome": "None", "otherNonOperatingIncome": "None", "depreciation": "None", "depreciationAndAmortization": "117000000", "incomeBeforeTax": "409000000", "incomeTaxExpense": "116000000", "interestAndDebtExpense": "None", "netIncomeFromContinuingOperations": "0", "comprehensiveIncomeNetOfTax": "None", "ebit": "415000000", "ebitda": "532000000", "netIncome": "291000000"}, {"fiscalDateEnding": "2010-12-31", "reportedCurrency": "USD", "grossProfit": "442000000", "totalRevenue": "3652000000", "costOfRevenue": "3210000000", "costofGoodsAndServicesSold": "3210000000", "operatingIncome": "113000000", "sellingGeneralAndAdministrative": "211000000", "researchAndDevelopment": "1000000000", "operatingExpenses": "329000000", "investmentIncomeNet": "None", "netInterestIncome": "None", "interestIncome": "None", "interestExpense": "8000000", "nonInterestIncome": "None", "otherNonOperatingIncome": "None", "depreciation": "None", "depreciationAndAmortization": "110000000", "incomeBeforeTax": "132000000", "incomeTaxExpense": "49000000", "interestAndDebtExpense": "None", "netIncomeFromContinuingOperations": "0", "comprehensiveIncomeNetOfTax": "None", "ebit": "140000000", "ebitda": "250000000", "netIncome": "75000000"}, {"fiscalDateEnding": "2010-09-30", "reportedCurrency": "USD", "grossProfit": "502000000", "totalRevenue": "3309000000", "costOfRevenue": "2807000000", "costofGoodsAndServicesSold": "2807000000", "operatingIncome": "206000000", "sellingGeneralAndAdministrative": "207000000", "researchAndDevelopment": "0", "operatingExpenses": "296000000", "investmentIncomeNet": "None", "netInterestIncome": "None", "interestIncome": "None", "interestExpense": "6000000", "nonInterestIncome": "None", "otherNonOperatingIncome": "None", "depreciation": "None", "depreciationAndAmortization": "105000000", "incomeBeforeTax": "205000000", "incomeTaxExpense": "62000000", "interestAndDebtExpense": "None", "netIncomeFromContinuingOperations": "0", "comprehensiveIncomeNetOfTax": "None", "ebit": "211000000", "ebitda": "316000000", "netIncome": "127000000"}, {"fiscalDateEnding": "2010-06-30", "reportedCurrency": "USD", "grossProfit": "543000000", "totalRevenue": "3446000000", "costOfRevenue": "2903000000", "costofGoodsAndServicesSold": "2903000000", "operatingIncome": "297000000", "sellingGeneralAndAdministrative": "199000000", "researchAndDevelopment": "0", "operatingExpenses": "246000000", "investmentIncomeNet": "None", "netInterestIncome": "None", "interestIncome": "None", "interestExpense": "8000000", "nonInterestIncome": "None", "otherNonOperatingIncome": "None", "depreciation": "None", "depreciationAndAmortization": "107000000", "incomeBeforeTax": "289000000", "incomeTaxExpense": "62000000", "interestAndDebtExpense": "None", "netIncomeFromContinuingOperations": "0", "comprehensiveIncomeNetOfTax": "None", "ebit": "297000000", "ebitda": "404000000", "netIncome": "214000000"}, {"fiscalDateEnding": "2010-03-31", "reportedCurrency": "USD", "grossProfit": "562000000", "totalRevenue": "3410000000", "costOfRevenue": "2848000000", "costofGoodsAndServicesSold": "2848000000", "operatingIncome": "324000000", "sellingGeneralAndAdministrative": "198000000", "researchAndDevelopment": "0", "operatingExpenses": "238000000", "investmentIncomeNet": "None", "netInterestIncome": "None", "interestIncome": "None", "interestExpense": "8000000", "nonInterestIncome": "None", "otherNonOperatingIncome": "None", "depreciation": "None", "depreciationAndAmortization": "99000000", "incomeBeforeTax": "318000000", "incomeTaxExpense": "85000000", "interestAndDebtExpense": "None", "netIncomeFromContinuingOperations": "0", "comprehensiveIncomeNetOfTax": "None", "ebit": "326000000", "ebitda": "425000000", "netIncome": "215000000"}, {"fiscalDateEnding": "2009-12-31", "reportedCurrency": "USD", "grossProfit": "959000000", "totalRevenue": "3421000000", "costOfRevenue": "6193000000", "costofGoodsAndServicesSold": "6193000000", "operatingIncome": "75000000", "sellingGeneralAndAdministrative": "976000000", "researchAndDevelopment": "1300000000", "operatingExpenses": "0", "investmentIncomeNet": "None", "netInterestIncome": "None", "interestIncome": "None", "interestExpense": "119000000", "nonInterestIncome": "None", "otherNonOperatingIncome": "None", "depreciation": "None", "depreciationAndAmortization": "None", "incomeBeforeTax": "9100000000", "incomeTaxExpense": "0", "interestAndDebtExpense": "None", "netIncomeFromContinuingOperations": "0", "comprehensiveIncomeNetOfTax": "None", "ebit": "0", "ebitda": "None", "netIncome": "-69000000"}, {"fiscalDateEnding": "2009-09-30", "reportedCurrency": "USD", "grossProfit": "0", "totalRevenue": "3150000000", "costOfRevenue": "-2870000000", "costofGoodsAndServicesSold": "-2870000000", "operatingIncome": "0", "sellingGeneralAndAdministrative": "0", "researchAndDevelopment": "0", "operatingExpenses": "0", "investmentIncomeNet": "None", "netInterestIncome": "None", "interestIncome": "None", "interestExpense": "168000000", "nonInterestIncome": "None", "otherNonOperatingIncome": "None", "depreciation": "None", "depreciationAndAmortization": "None", "incomeBeforeTax": "0", "incomeTaxExpense": "-25000000", "interestAndDebtExpense": "None", "netIncomeFromContinuingOperations": "0", "comprehensiveIncomeNetOfTax": "None", "ebit": "0", "ebitda": "None", "netIncome": "9369000000"}, {"fiscalDateEnding": "2009-06-30", "reportedCurrency": "USD", "grossProfit": "0", "totalRevenue": "2775000000", "costOfRevenue": "2870000000", "costofGoodsAndServicesSold": "2870000000", "operatingIncome": "0", "sellingGeneralAndAdministrative": "0", "researchAndDevelopment": "0", "operatingExpenses": "0", "investmentIncomeNet": "None", "netInterestIncome": "None", "interestIncome": "None", "interestExpense": "168000000", "nonInterestIncome": "None", "otherNonOperatingIncome": "None", "depreciation": "None", "depreciationAndAmortization": "None", "incomeBeforeTax": "-489000000", "incomeTaxExpense": "25000000", "interestAndDebtExpense": "None", "netIncomeFromContinuingOperations": "0", "comprehensiveIncomeNetOfTax": "None", "ebit": "0", "ebitda": "None", "netIncome": "-552000000"}, {"fiscalDateEnding": "2009-03-31", "reportedCurrency": "USD", "grossProfit": "0", "totalRevenue": "2409000000", "costOfRevenue": "2709000000", "costofGoodsAndServicesSold": "2709000000", "operatingIncome": "0", "sellingGeneralAndAdministrative": "0", "researchAndDevelopment": "0", "operatingExpenses": "0", "investmentIncomeNet": "None", "netInterestIncome": "None", "interestIncome": "None", "interestExpense": "136000000", "nonInterestIncome": "None", "otherNonOperatingIncome": "None", "depreciation": "None", "depreciationAndAmortization": "None", "incomeBeforeTax": "489000000", "incomeTaxExpense": "0", "interestAndDebtExpense": "None", "netIncomeFromContinuingOperations": "0", "comprehensiveIncomeNetOfTax": "None", "ebit": "0", "ebitda": "None", "netIncome": "552000000"}, {"fiscalDateEnding": "2008-12-31", "reportedCurrency": "USD", "grossProfit": "1440000000", "totalRevenue": "3197000000", "costOfRevenue": "3011000000", "costofGoodsAndServicesSold": "3011000000", "operatingIncome": "0", "sellingGeneralAndAdministrative": "334000000", "researchAndDevelopment": "1900000000", "operatingExpenses": "0", "investmentIncomeNet": "None", "netInterestIncome": "None", "interestIncome": "None", "interestExpense": "125000000", "nonInterestIncome": "None", "otherNonOperatingIncome": "None", "depreciation": "None", "depreciationAndAmortization": "None", "incomeBeforeTax": "-1903000000", "incomeTaxExpense": "88000000", "interestAndDebtExpense": "None", "netIncomeFromContinuingOperations": "0", "comprehensiveIncomeNetOfTax": "None", "ebit": "0", "ebitda": "None", "netIncome": "-2181000000"}, {"fiscalDateEnding": "2008-09-30", "reportedCurrency": "USD", "grossProfit": "0", "totalRevenue": "4377000000", "costOfRevenue": "3994000000", "costofGoodsAndServicesSold": "3994000000", "operatingIncome": "0", "sellingGeneralAndAdministrative": "359000000", "researchAndDevelopment": "0", "operatingExpenses": "0", "investmentIncomeNet": "None", "netInterestIncome": "None", "interestIncome": "None", "interestExpense": "93000000", "nonInterestIncome": "None", "otherNonOperatingIncome": "None", "depreciation": "None", "depreciationAndAmortization": "None", "incomeBeforeTax": "5153000000", "incomeTaxExpense": "5000000", "interestAndDebtExpense": "None", "netIncomeFromContinuingOperations": "0", "comprehensiveIncomeNetOfTax": "None", "ebit": "0", "ebitda": "None", "netIncome": "5218000000"}, {"fiscalDateEnding": "2008-06-30", "reportedCurrency": "USD", "grossProfit": "0", "totalRevenue": "4846000000", "costOfRevenue": "4413000000", "costofGoodsAndServicesSold": "4413000000", "operatingIncome": "0", "sellingGeneralAndAdministrative": "353000000", "researchAndDevelopment": "0", "operatingExpenses": "0", "investmentIncomeNet": "None", "netInterestIncome": "None", "interestIncome": "None", "interestExpense": "109000000", "nonInterestIncome": "None", "otherNonOperatingIncome": "None", "depreciation": "None", "depreciationAndAmortization": "None", "incomeBeforeTax": "0", "incomeTaxExpense": "-66000000", "interestAndDebtExpense": "None", "netIncomeFromContinuingOperations": "0", "comprehensiveIncomeNetOfTax": "None", "ebit": "0", "ebitda": "None", "netIncome": "0"}, {"fiscalDateEnding": "2008-03-31", "reportedCurrency": "USD", "grossProfit": "0", "totalRevenue": "4777000000", "costOfRevenue": "4405000000", "costofGoodsAndServicesSold": "4405000000", "operatingIncome": "0", "sellingGeneralAndAdministrative": "344000000", "researchAndDevelopment": "0", "operatingExpenses": "0", "investmentIncomeNet": "None", "netInterestIncome": "None", "interestIncome": "None", "interestExpense": "109000000", "nonInterestIncome": "None", "otherNonOperatingIncome": "None", "depreciation": "None", "depreciationAndAmortization": "None", "incomeBeforeTax": "0", "incomeTaxExpense": "66000000", "interestAndDebtExpense": "None", "netIncomeFromContinuingOperations": "0", "comprehensiveIncomeNetOfTax": "None", "ebit": "0", "ebitda": "None", "netIncome": "0"}, {"fiscalDateEnding": "2007-12-31", "reportedCurrency": "USD", "grossProfit": "1119000000", "totalRevenue": "5322000000", "costOfRevenue": "5039000000", "costofGoodsAndServicesSold": "5039000000", "operatingIncome": "0", "sellingGeneralAndAdministrative": "453000000", "researchAndDevelopment": "2000000000", "operatingExpenses": "0", "investmentIncomeNet": "None", "netInterestIncome": "None", "interestIncome": "None", "interestExpense": "141000000", "nonInterestIncome": "None", "otherNonOperatingIncome": "None", "depreciation": "None", "depreciationAndAmortization": "None", "incomeBeforeTax": "0", "incomeTaxExpense": "-15000000", "interestAndDebtExpense": "None", "netIncomeFromContinuingOperations": "0", "comprehensiveIncomeNetOfTax": "None", "ebit": "0", "ebitda": "None", "netIncome": "0"}, {"fiscalDateEnding": "2007-09-30", "reportedCurrency": "USD", "grossProfit": "0", "totalRevenue": "5279000000", "costOfRevenue": "5125000000", "costofGoodsAndServicesSold": "5125000000", "operatingIncome": "0", "sellingGeneralAndAdministrative": "384000000", "researchAndDevelopment": "0", "operatingExpenses": "0", "investmentIncomeNet": "None", "netInterestIncome": "None", "interestIncome": "None", "interestExpense": "454000000", "nonInterestIncome": "None", "otherNonOperatingIncome": "None", "depreciation": "None", "depreciationAndAmortization": "None", "incomeBeforeTax": "0", "incomeTaxExpense": "15000000", "interestAndDebtExpense": "None", "netIncomeFromContinuingOperations": "0", "comprehensiveIncomeNetOfTax": "None", "ebit": "0", "ebitda": "None", "netIncome": "0"}, {"fiscalDateEnding": "2007-06-30", "reportedCurrency": "USD", "grossProfit": "0", "totalRevenue": "6000000000", "costOfRevenue": "5688000000", "costofGoodsAndServicesSold": "5688000000", "operatingIncome": "0", "sellingGeneralAndAdministrative": "394000000", "researchAndDevelopment": "0", "operatingExpenses": "0", "investmentIncomeNet": "None", "netInterestIncome": "None", "interestIncome": "None", "interestExpense": "84000000", "nonInterestIncome": "None", "otherNonOperatingIncome": "None", "depreciation": "None", "depreciationAndAmortization": "None", "incomeBeforeTax": "0", "incomeTaxExpense": "55000000", "interestAndDebtExpense": "None", "netIncomeFromContinuingOperations": "0", "comprehensiveIncomeNetOfTax": "None", "ebit": "0", "ebitda": "None", "netIncome": "0"}, {"fiscalDateEnding": "2007-03-31", "reportedCurrency": "USD", "grossProfit": "0", "totalRevenue": "5682000000", "costOfRevenue": "5312000000", "costofGoodsAndServicesSold": "5312000000", "operatingIncome": "0", "sellingGeneralAndAdministrative": "364000000", "researchAndDevelopment": "0", "operatingExpenses": "0", "investmentIncomeNet": "None", "netInterestIncome": "None", "interestIncome": "None", "interestExpense": "90000000", "nonInterestIncome": "None", "otherNonOperatingIncome": "None", "depreciation": "None", "depreciationAndAmortization": "None", "incomeBeforeTax": "0", "incomeTaxExpense": "46000000", "interestAndDebtExpense": "None", "netIncomeFromContinuingOperations": "0", "comprehensiveIncomeNetOfTax": "None", "ebit": "0", "ebitda": "None", "netIncome": "0"}, {"fiscalDateEnding": "2006-12-31", "reportedCurrency": "USD", "grossProfit": "754000000", "totalRevenue": "6416000000", "costOfRevenue": "6441000000", "costofGoodsAndServicesSold": "6441000000", "operatingIncome": "0", "sellingGeneralAndAdministrative": "430000000", "researchAndDevelopment": "2100000000", "operatingExpenses": "0", "investmentIncomeNet": "None", "netInterestIncome": "None", "interestIncome": "None", "interestExpense": "110000000", "nonInterestIncome": "None", "otherNonOperatingIncome": "None", "depreciation": "None", "depreciationAndAmortization": "None", "incomeBeforeTax": "0", "incomeTaxExpense": "90000000", "interestAndDebtExpense": "None", "netIncomeFromContinuingOperations": "0", "comprehensiveIncomeNetOfTax": "None", "ebit": "0", "ebitda": "None", "netIncome": "0"}, {"fiscalDateEnding": "2006-09-30", "reportedCurrency": "USD", "grossProfit": "0", "totalRevenue": "6008000000", "costOfRevenue": "6095000000", "costofGoodsAndServicesSold": "6095000000", "operatingIncome": "0", "sellingGeneralAndAdministrative": "392000000", "researchAndDevelopment": "0", "operatingExpenses": "0", "investmentIncomeNet": "None", "netInterestIncome": "None", "interestIncome": "None", "interestExpense": "116000000", "nonInterestIncome": "None", "otherNonOperatingIncome": "None", "depreciation": "None", "depreciationAndAmortization": "None", "incomeBeforeTax": "0", "incomeTaxExpense": "46000000", "interestAndDebtExpense": "None", "netIncomeFromContinuingOperations": "0", "comprehensiveIncomeNetOfTax": "None", "ebit": "0", "ebitda": "None", "netIncome": "0"}, {"fiscalDateEnding": "2006-06-30", "reportedCurrency": "USD", "grossProfit": "0", "totalRevenue": "6995000000", "costOfRevenue": "6543000000", "costofGoodsAndServicesSold": "6543000000", "operatingIncome": "0", "sellingGeneralAndAdministrative": "387000000", "researchAndDevelopment": "0", "operatingExpenses": "0", "investmentIncomeNet": "None", "netInterestIncome": "None", "interestIncome": "None", "interestExpense": "104000000", "nonInterestIncome": "None", "otherNonOperatingIncome": "None", "depreciation": "None", "depreciationAndAmortization": "None", "incomeBeforeTax": "0", "incomeTaxExpense": "51000000", "interestAndDebtExpense": "None", "netIncomeFromContinuingOperations": "0", "comprehensiveIncomeNetOfTax": "None", "ebit": "0", "ebitda": "None", "netIncome": "0"}, {"fiscalDateEnding": "2006-03-31", "reportedCurrency": "USD", "grossProfit": "0", "totalRevenue": "6973000000", "costOfRevenue": "6559000000", "costofGoodsAndServicesSold": "6559000000", "operatingIncome": "0", "sellingGeneralAndAdministrative": "376000000", "researchAndDevelopment": "0", "operatingExpenses": "0", "investmentIncomeNet": "None", "netInterestIncome": "None", "interestIncome": "None", "interestExpense": "99000000", "nonInterestIncome": "None", "otherNonOperatingIncome": "None", "depreciation": "None", "depreciationAndAmortization": "None", "incomeBeforeTax": "0", "incomeTaxExpense": "40000000", "interestAndDebtExpense": "None", "netIncomeFromContinuingOperations": "0", "comprehensiveIncomeNetOfTax": "None", "ebit": "0", "ebitda": "None", "netIncome": "0"}, {"fiscalDateEnding": "2005-12-31", "reportedCurrency": "USD", "grossProfit": "1592000000", "totalRevenue": "6779000000", "costOfRevenue": "6136000000", "costofGoodsAndServicesSold": "6136000000", "operatingIncome": "0", "sellingGeneralAndAdministrative": "414000000", "researchAndDevelopment": "2200000000", "operatingExpenses": "0", "investmentIncomeNet": "None", "netInterestIncome": "None", "interestIncome": "None", "interestExpense": "94000000", "nonInterestIncome": "None", "otherNonOperatingIncome": "None", "depreciation": "None", "depreciationAndAmortization": "None", "incomeBeforeTax": "0", "incomeTaxExpense": "-8000000", "interestAndDebtExpense": "None", "netIncomeFromContinuingOperations": "0", "comprehensiveIncomeNetOfTax": "None", "ebit": "0", "ebitda": "None", "netIncome": "0"}]}