{"symbol": "STX", "annualReports": [{"fiscalDateEnding": "2025-06-30", "reportedCurrency": "USD", "grossProfit": "3200000000", "totalRevenue": "9097000000", "costOfRevenue": "5897000000", "costofGoodsAndServicesSold": "5897000000", "operatingIncome": "1890000000", "sellingGeneralAndAdministrative": "540000000", "researchAndDevelopment": "724000000", "operatingExpenses": "1310000000", "investmentIncomeNet": "None", "netInterestIncome": "-296000000", "interestIncome": "25000000", "interestExpense": "321000000", "nonInterestIncome": "None", "otherNonOperatingIncome": "None", "depreciation": "None", "depreciationAndAmortization": "251000000", "incomeBeforeTax": "1513000000", "incomeTaxExpense": "44000000", "interestAndDebtExpense": "None", "netIncomeFromContinuingOperations": "1469000000", "comprehensiveIncomeNetOfTax": "None", "ebit": "1834000000", "ebitda": "2085000000", "netIncome": "1469000000"}, {"fiscalDateEnding": "2024-06-30", "reportedCurrency": "USD", "grossProfit": "1536000000", "totalRevenue": "6551000000", "costOfRevenue": "5015000000", "costofGoodsAndServicesSold": "5015000000", "operatingIncome": "452000000", "sellingGeneralAndAdministrative": "442000000", "researchAndDevelopment": "654000000", "operatingExpenses": "1084000000", "investmentIncomeNet": "None", "netInterestIncome": "-317000000", "interestIncome": "15000000", "interestExpense": "332000000", "nonInterestIncome": "None", "otherNonOperatingIncome": "None", "depreciation": "None", "depreciationAndAmortization": "264000000", "incomeBeforeTax": "445000000", "incomeTaxExpense": "110000000", "interestAndDebtExpense": "None", "netIncomeFromContinuingOperations": "335000000", "comprehensiveIncomeNetOfTax": "None", "ebit": "777000000", "ebitda": "1041000000", "netIncome": "335000000"}, {"fiscalDateEnding": "2023-06-30", "reportedCurrency": "USD", "grossProfit": "1418000000", "totalRevenue": "7384000000", "costOfRevenue": "5966000000", "costofGoodsAndServicesSold": "5966000000", "operatingIncome": "-342000000", "sellingGeneralAndAdministrative": "461000000", "researchAndDevelopment": "797000000", "operatingExpenses": "1760000000", "investmentIncomeNet": "None", "netInterestIncome": "-303000000", "interestIncome": "10000000", "interestExpense": "313000000", "nonInterestIncome": "None", "otherNonOperatingIncome": "159000000", "depreciation": "None", "depreciationAndAmortization": "513000000", "incomeBeforeTax": "-496000000", "incomeTaxExpense": "33000000", "interestAndDebtExpense": "None", "netIncomeFromContinuingOperations": "-529000000", "comprehensiveIncomeNetOfTax": "None", "ebit": "-183000000", "ebitda": "330000000", "netIncome": "-529000000"}, {"fiscalDateEnding": "2022-06-30", "reportedCurrency": "USD", "grossProfit": "3469000000", "totalRevenue": "11661000000", "costOfRevenue": "8192000000", "costofGoodsAndServicesSold": "8192000000", "operatingIncome": "1955000000", "sellingGeneralAndAdministrative": "525000000", "researchAndDevelopment": "941000000", "operatingExpenses": "1511000000", "investmentIncomeNet": "None", "netInterestIncome": "-247000000", "interestIncome": "2000000", "interestExpense": "249000000", "nonInterestIncome": "None", "otherNonOperatingIncome": "None", "depreciation": "None", "depreciationAndAmortization": "451000000", "incomeBeforeTax": "1679000000", "incomeTaxExpense": "30000000", "interestAndDebtExpense": "None", "netIncomeFromContinuingOperations": "1649000000", "comprehensiveIncomeNetOfTax": "None", "ebit": "1928000000", "ebitda": "2379000000", "netIncome": "1649000000"}, {"fiscalDateEnding": "2021-06-30", "reportedCurrency": "USD", "grossProfit": "2917000000", "totalRevenue": "10681000000", "costOfRevenue": "7764000000", "costofGoodsAndServicesSold": "7764000000", "operatingIncome": "1492000000", "sellingGeneralAndAdministrative": "502000000", "researchAndDevelopment": "903000000", "operatingExpenses": "1425000000", "investmentIncomeNet": "None", "netInterestIncome": "-218000000", "interestIncome": "2000000", "interestExpense": "220000000", "nonInterestIncome": "None", "otherNonOperatingIncome": "None", "depreciation": "None", "depreciationAndAmortization": "397000000", "incomeBeforeTax": "1348000000", "incomeTaxExpense": "34000000", "interestAndDebtExpense": "None", "netIncomeFromContinuingOperations": "1314000000", "comprehensiveIncomeNetOfTax": "None", "ebit": "1568000000", "ebitda": "1965000000", "netIncome": "1314000000"}, {"fiscalDateEnding": "2020-06-30", "reportedCurrency": "USD", "grossProfit": "2842000000", "totalRevenue": "10509000000", "costOfRevenue": "7667000000", "costofGoodsAndServicesSold": "7667000000", "operatingIncome": "1300000000", "sellingGeneralAndAdministrative": "454000000", "researchAndDevelopment": "973000000", "operatingExpenses": "1542000000", "investmentIncomeNet": "None", "netInterestIncome": "-181000000", "interestIncome": "20000000", "interestExpense": "201000000", "nonInterestIncome": "None", "otherNonOperatingIncome": "-67000000", "depreciation": "None", "depreciationAndAmortization": "379000000", "incomeBeforeTax": "1032000000", "incomeTaxExpense": "28000000", "interestAndDebtExpense": "None", "netIncomeFromContinuingOperations": "1004000000", "comprehensiveIncomeNetOfTax": "None", "ebit": "1233000000", "ebitda": "1612000000", "netIncome": "1004000000"}, {"fiscalDateEnding": "2019-06-30", "reportedCurrency": "USD", "grossProfit": "2932000000", "totalRevenue": "10390000000", "costOfRevenue": "7458000000", "costofGoodsAndServicesSold": "7458000000", "operatingIncome": "1487000000", "sellingGeneralAndAdministrative": "453000000", "researchAndDevelopment": "991000000", "operatingExpenses": "1445000000", "investmentIncomeNet": "None", "netInterestIncome": "-140000000", "interestIncome": "84000000", "interestExpense": "224000000", "nonInterestIncome": "None", "otherNonOperatingIncome": "109000000", "depreciation": "None", "depreciationAndAmortization": "541000000", "incomeBeforeTax": "1372000000", "incomeTaxExpense": "-640000000", "interestAndDebtExpense": "None", "netIncomeFromContinuingOperations": "2012000000", "comprehensiveIncomeNetOfTax": "None", "ebit": "1596000000", "ebitda": "2137000000", "netIncome": "2012000000"}, {"fiscalDateEnding": "2018-06-30", "reportedCurrency": "USD", "grossProfit": "3364000000", "totalRevenue": "11184000000", "costOfRevenue": "7820000000", "costofGoodsAndServicesSold": "7820000000", "operatingIncome": "1634000000", "sellingGeneralAndAdministrative": "562000000", "researchAndDevelopment": "1026000000", "operatingExpenses": "1730000000", "investmentIncomeNet": "None", "netInterestIncome": "-198000000", "interestIncome": "38000000", "interestExpense": "236000000", "nonInterestIncome": "None", "otherNonOperatingIncome": "20000000", "depreciation": "None", "depreciationAndAmortization": "598000000", "incomeBeforeTax": "1418000000", "incomeTaxExpense": "236000000", "interestAndDebtExpense": "None", "netIncomeFromContinuingOperations": "1182000000", "comprehensiveIncomeNetOfTax": "None", "ebit": "1654000000", "ebitda": "2252000000", "netIncome": "1182000000"}, {"fiscalDateEnding": "2017-06-30", "reportedCurrency": "USD", "grossProfit": "3174000000", "totalRevenue": "10771000000", "costOfRevenue": "7597000000", "costofGoodsAndServicesSold": "7597000000", "operatingIncome": "1054000000", "sellingGeneralAndAdministrative": "606000000", "researchAndDevelopment": "1232000000", "operatingExpenses": "2120000000", "investmentIncomeNet": "None", "netInterestIncome": "-210000000", "interestIncome": "12000000", "interestExpense": "222000000", "nonInterestIncome": "None", "otherNonOperatingIncome": "-17000000", "depreciation": "None", "depreciationAndAmortization": "749000000", "incomeBeforeTax": "815000000", "incomeTaxExpense": "43000000", "interestAndDebtExpense": "None", "netIncomeFromContinuingOperations": "772000000", "comprehensiveIncomeNetOfTax": "None", "ebit": "1037000000", "ebitda": "1786000000", "netIncome": "772000000"}, {"fiscalDateEnding": "2016-06-30", "reportedCurrency": "USD", "grossProfit": "2615000000", "totalRevenue": "11160000000", "costOfRevenue": "8545000000", "costofGoodsAndServicesSold": "8545000000", "operatingIncome": "445000000", "sellingGeneralAndAdministrative": "604000000", "researchAndDevelopment": "1237000000", "operatingExpenses": "2170000000", "investmentIncomeNet": "None", "netInterestIncome": "-190000000", "interestIncome": "3000000", "interestExpense": "193000000", "nonInterestIncome": "None", "otherNonOperatingIncome": "22000000", "depreciation": "None", "depreciationAndAmortization": "815000000", "incomeBeforeTax": "274000000", "incomeTaxExpense": "26000000", "interestAndDebtExpense": "None", "netIncomeFromContinuingOperations": "248000000", "comprehensiveIncomeNetOfTax": "None", "ebit": "673000000", "ebitda": "1488000000", "netIncome": "248000000"}, {"fiscalDateEnding": "2015-06-30", "reportedCurrency": "USD", "grossProfit": "3809000000", "totalRevenue": "13739000000", "costOfRevenue": "9930000000", "costofGoodsAndServicesSold": "9930000000", "operatingIncome": "2058000000", "sellingGeneralAndAdministrative": "793000000", "researchAndDevelopment": "1353000000", "operatingExpenses": "1751000000", "investmentIncomeNet": "None", "netInterestIncome": "None", "interestIncome": "205000000", "interestExpense": "207000000", "nonInterestIncome": "None", "otherNonOperatingIncome": "119000000", "depreciation": "None", "depreciationAndAmortization": "841000000", "incomeBeforeTax": "1970000000", "incomeTaxExpense": "228000000", "interestAndDebtExpense": "None", "netIncomeFromContinuingOperations": "1742000000", "comprehensiveIncomeNetOfTax": "None", "ebit": "1471000000", "ebitda": "2312000000", "netIncome": "1742000000"}, {"fiscalDateEnding": "2014-06-30", "reportedCurrency": "USD", "grossProfit": "3846000000", "totalRevenue": "13724000000", "costOfRevenue": "9878000000", "costofGoodsAndServicesSold": "9878000000", "operatingIncome": "1776000000", "sellingGeneralAndAdministrative": "670000000", "researchAndDevelopment": "1226000000", "operatingExpenses": "2070000000", "investmentIncomeNet": "None", "netInterestIncome": "None", "interestIncome": "None", "interestExpense": "195000000", "nonInterestIncome": "None", "otherNonOperatingIncome": "-25000000", "depreciation": "None", "depreciationAndAmortization": "879000000", "incomeBeforeTax": "1556000000", "incomeTaxExpense": "-14000000", "interestAndDebtExpense": "None", "netIncomeFromContinuingOperations": "1570000000", "comprehensiveIncomeNetOfTax": "None", "ebit": "1786000000", "ebitda": "2665000000", "netIncome": "1570000000"}, {"fiscalDateEnding": "2013-06-30", "reportedCurrency": "USD", "grossProfit": "3940000000", "totalRevenue": "14351000000", "costOfRevenue": "10411000000", "costofGoodsAndServicesSold": "10411000000", "operatingIncome": "2091000000", "sellingGeneralAndAdministrative": "635000000", "researchAndDevelopment": "1133000000", "operatingExpenses": "1847000000", "investmentIncomeNet": "None", "netInterestIncome": "None", "interestIncome": "None", "interestExpense": "214000000", "nonInterestIncome": "None", "otherNonOperatingIncome": "-46000000", "depreciation": "None", "depreciationAndAmortization": "873000000", "incomeBeforeTax": "1831000000", "incomeTaxExpense": "-7000000", "interestAndDebtExpense": "None", "netIncomeFromContinuingOperations": "1838000000", "comprehensiveIncomeNetOfTax": "None", "ebit": "2045000000", "ebitda": "2918000000", "netIncome": "1838000000"}, {"fiscalDateEnding": "2012-06-30", "reportedCurrency": "USD", "grossProfit": "4684000000", "totalRevenue": "14939000000", "costOfRevenue": "10255000000", "costofGoodsAndServicesSold": "10255000000", "operatingIncome": "3108000000", "sellingGeneralAndAdministrative": "528000000", "researchAndDevelopment": "1006000000", "operatingExpenses": "1572000000", "investmentIncomeNet": "None", "netInterestIncome": "None", "interestIncome": "None", "interestExpense": "241000000", "nonInterestIncome": "None", "otherNonOperatingIncome": "15000000", "depreciation": "None", "depreciationAndAmortization": "814000000", "incomeBeforeTax": "2882000000", "incomeTaxExpense": "20000000", "interestAndDebtExpense": "None", "netIncomeFromContinuingOperations": "2862000000", "comprehensiveIncomeNetOfTax": "None", "ebit": "3123000000", "ebitda": "3937000000", "netIncome": "2862000000"}, {"fiscalDateEnding": "2011-06-30", "reportedCurrency": "USD", "grossProfit": "2146000000", "totalRevenue": "10971000000", "costOfRevenue": "8825000000", "costofGoodsAndServicesSold": "8825000000", "operatingIncome": "806000000", "sellingGeneralAndAdministrative": "445000000", "researchAndDevelopment": "875000000", "operatingExpenses": "1322000000", "investmentIncomeNet": "None", "netInterestIncome": "None", "interestIncome": "None", "interestExpense": "214000000", "nonInterestIncome": "None", "otherNonOperatingIncome": "-13000000", "depreciation": "None", "depreciationAndAmortization": "754000000", "incomeBeforeTax": "579000000", "incomeTaxExpense": "68000000", "interestAndDebtExpense": "None", "netIncomeFromContinuingOperations": "511000000", "comprehensiveIncomeNetOfTax": "None", "ebit": "793000000", "ebitda": "1547000000", "netIncome": "511000000"}, {"fiscalDateEnding": "2010-06-30", "reportedCurrency": "USD", "grossProfit": "3204000000", "totalRevenue": "11395000000", "costOfRevenue": "8191000000", "costofGoodsAndServicesSold": "8191000000", "operatingIncome": "1740000000", "sellingGeneralAndAdministrative": "1314000000", "researchAndDevelopment": "877000000", "operatingExpenses": "1464000000", "investmentIncomeNet": "None", "netInterestIncome": "None", "interestIncome": "None", "interestExpense": "174000000", "nonInterestIncome": "None", "otherNonOperatingIncome": "None", "depreciation": "None", "depreciationAndAmortization": "780000000", "incomeBeforeTax": "1569000000", "incomeTaxExpense": "-40000000", "interestAndDebtExpense": "None", "netIncomeFromContinuingOperations": "None", "comprehensiveIncomeNetOfTax": "None", "ebit": "1743000000", "ebitda": "2523000000", "netIncome": "1609000000"}, {"fiscalDateEnding": "2009-06-30", "reportedCurrency": "USD", "grossProfit": "1410000000", "totalRevenue": "9805000000", "costOfRevenue": "8395000000", "costofGoodsAndServicesSold": "8395000000", "operatingIncome": "-2665000000", "sellingGeneralAndAdministrative": "1464000000", "researchAndDevelopment": "953000000", "operatingExpenses": "4045000000", "investmentIncomeNet": "None", "netInterestIncome": "None", "interestIncome": "None", "interestExpense": "134000000", "nonInterestIncome": "None", "otherNonOperatingIncome": "None", "depreciation": "None", "depreciationAndAmortization": "931000000", "incomeBeforeTax": "-2814000000", "incomeTaxExpense": "311000000", "interestAndDebtExpense": "None", "netIncomeFromContinuingOperations": "None", "comprehensiveIncomeNetOfTax": "None", "ebit": "-2671000000", "ebitda": "-1740000000", "netIncome": "-3086000000"}, {"fiscalDateEnding": "2008-06-30", "reportedCurrency": "USD", "grossProfit": "3205000000", "totalRevenue": "12708000000", "costOfRevenue": "9503000000", "costofGoodsAndServicesSold": "9503000000", "operatingIncome": "1376000000", "sellingGeneralAndAdministrative": "1683000000", "researchAndDevelopment": "1028000000", "operatingExpenses": "1829000000", "investmentIncomeNet": "None", "netInterestIncome": "None", "interestIncome": "None", "interestExpense": "126000000", "nonInterestIncome": "None", "otherNonOperatingIncome": "None", "depreciation": "None", "depreciationAndAmortization": "844000000", "incomeBeforeTax": "1329000000", "incomeTaxExpense": "67000000", "interestAndDebtExpense": "None", "netIncomeFromContinuingOperations": "None", "comprehensiveIncomeNetOfTax": "None", "ebit": "1455000000", "ebitda": "2299000000", "netIncome": "1262000000"}, {"fiscalDateEnding": "2007-06-30", "reportedCurrency": "USD", "grossProfit": "2185000000", "totalRevenue": "11360000000", "costOfRevenue": "9175000000", "costofGoodsAndServicesSold": "9175000000", "operatingIncome": "614000000", "sellingGeneralAndAdministrative": "1453000000", "researchAndDevelopment": "904000000", "operatingExpenses": "1571000000", "investmentIncomeNet": "None", "netInterestIncome": "None", "interestIncome": "None", "interestExpense": "141000000", "nonInterestIncome": "None", "otherNonOperatingIncome": "None", "depreciation": "None", "depreciationAndAmortization": "851000000", "incomeBeforeTax": "561000000", "incomeTaxExpense": "-352000000", "interestAndDebtExpense": "None", "netIncomeFromContinuingOperations": "None", "comprehensiveIncomeNetOfTax": "None", "ebit": "643000000", "ebitda": "1494000000", "netIncome": "913000000"}, {"fiscalDateEnding": "2006-06-30", "reportedCurrency": "USD", "grossProfit": "2137000000", "totalRevenue": "9206000000", "costOfRevenue": "7069000000", "costofGoodsAndServicesSold": "7069000000", "operatingIncome": "874000000", "sellingGeneralAndAdministrative": "1220000000", "researchAndDevelopment": "805000000", "operatingExpenses": "1259000000", "investmentIncomeNet": "None", "netInterestIncome": "None", "interestIncome": "None", "interestExpense": "41000000", "nonInterestIncome": "None", "otherNonOperatingIncome": "None", "depreciation": "None", "depreciationAndAmortization": "612000000", "incomeBeforeTax": "924000000", "incomeTaxExpense": "84000000", "interestAndDebtExpense": "None", "netIncomeFromContinuingOperations": "None", "comprehensiveIncomeNetOfTax": "None", "ebit": "878000000", "ebitda": "1490000000", "netIncome": "840000000"}], "quarterlyReports": [{"fiscalDateEnding": "2025-12-31", "reportedCurrency": "USD", "grossProfit": "1176000000", "totalRevenue": "2825000000", "costOfRevenue": "1649000000", "costofGoodsAndServicesSold": "1649000000", "operatingIncome": "846000000", "sellingGeneralAndAdministrative": "143000000", "researchAndDevelopment": "187000000", "operatingExpenses": "330000000", "investmentIncomeNet": "None", "netInterestIncome": "-65000000", "interestIncome": "7000000", "interestExpense": "72000000", "nonInterestIncome": "None", "otherNonOperatingIncome": "None", "depreciation": "None", "depreciationAndAmortization": "68000000", "incomeBeforeTax": "707000000", "incomeTaxExpense": "114000000", "interestAndDebtExpense": "None", "netIncomeFromContinuingOperations": "593000000", "comprehensiveIncomeNetOfTax": "None", "ebit": "779000000", "ebitda": "847000000", "netIncome": "593000000"}, {"fiscalDateEnding": "2025-09-30", "reportedCurrency": "USD", "grossProfit": "1037000000", "totalRevenue": "2629000000", "costOfRevenue": "1592000000", "costofGoodsAndServicesSold": "1592000000", "operatingIncome": "707000000", "sellingGeneralAndAdministrative": "144000000", "researchAndDevelopment": "186000000", "operatingExpenses": "330000000", "investmentIncomeNet": "None", "netInterestIncome": "-73000000", "interestIncome": "7000000", "interestExpense": "80000000", "nonInterestIncome": "None", "otherNonOperatingIncome": "None", "depreciation": "None", "depreciationAndAmortization": "72000000", "incomeBeforeTax": "614000000", "incomeTaxExpense": "65000000", "interestAndDebtExpense": "None", "netIncomeFromContinuingOperations": "549000000", "comprehensiveIncomeNetOfTax": "None", "ebit": "694000000", "ebitda": "766000000", "netIncome": "549000000"}, {"fiscalDateEnding": "2025-06-30", "reportedCurrency": "USD", "grossProfit": "914000000", "totalRevenue": "2444000000", "costOfRevenue": "1530000000", "costofGoodsAndServicesSold": "1530000000", "operatingIncome": "568000000", "sellingGeneralAndAdministrative": "133000000", "researchAndDevelopment": "179000000", "operatingExpenses": "346000000", "investmentIncomeNet": "None", "netInterestIncome": "-69000000", "interestIncome": "6000000", "interestExpense": "75000000", "nonInterestIncome": "None", "otherNonOperatingIncome": "None", "depreciation": "None", "depreciationAndAmortization": "61000000", "incomeBeforeTax": "492000000", "incomeTaxExpense": "4000000", "interestAndDebtExpense": "None", "netIncomeFromContinuingOperations": "488000000", "comprehensiveIncomeNetOfTax": "None", "ebit": "567000000", "ebitda": "628000000", "netIncome": "488000000"}, {"fiscalDateEnding": "2025-03-31", "reportedCurrency": "USD", "grossProfit": "760000000", "totalRevenue": "2160000000", "costOfRevenue": "1400000000", "costofGoodsAndServicesSold": "1400000000", "operatingIncome": "431000000", "sellingGeneralAndAdministrative": "139000000", "researchAndDevelopment": "180000000", "operatingExpenses": "329000000", "investmentIncomeNet": "None", "netInterestIncome": "-73000000", "interestIncome": "4000000", "interestExpense": "77000000", "nonInterestIncome": "None", "otherNonOperatingIncome": "None", "depreciation": "None", "depreciationAndAmortization": "63000000", "incomeBeforeTax": "355000000", "incomeTaxExpense": "15000000", "interestAndDebtExpense": "None", "netIncomeFromContinuingOperations": "340000000", "comprehensiveIncomeNetOfTax": "None", "ebit": "432000000", "ebitda": "495000000", "netIncome": "340000000"}, {"fiscalDateEnding": "2024-12-31", "reportedCurrency": "USD", "grossProfit": "812000000", "totalRevenue": "2325000000", "costOfRevenue": "1513000000", "costofGoodsAndServicesSold": "1513000000", "operatingIncome": "488000000", "sellingGeneralAndAdministrative": "139000000", "researchAndDevelopment": "184000000", "operatingExpenses": "324000000", "investmentIncomeNet": "None", "netInterestIncome": "-76000000", "interestIncome": "8000000", "interestExpense": "84000000", "nonInterestIncome": "None", "otherNonOperatingIncome": "None", "depreciation": "None", "depreciationAndAmortization": "63000000", "incomeBeforeTax": "350000000", "incomeTaxExpense": "14000000", "interestAndDebtExpense": "None", "netIncomeFromContinuingOperations": "336000000", "comprehensiveIncomeNetOfTax": "None", "ebit": "434000000", "ebitda": "497000000", "netIncome": "336000000"}, {"fiscalDateEnding": "2024-09-30", "reportedCurrency": "USD", "grossProfit": "714000000", "totalRevenue": "2168000000", "costOfRevenue": "1454000000", "costofGoodsAndServicesSold": "1454000000", "operatingIncome": "403000000", "sellingGeneralAndAdministrative": "129000000", "researchAndDevelopment": "181000000", "operatingExpenses": "311000000", "investmentIncomeNet": "None", "netInterestIncome": "-78000000", "interestIncome": "7000000", "interestExpense": "85000000", "nonInterestIncome": "None", "otherNonOperatingIncome": "None", "depreciation": "None", "depreciationAndAmortization": "64000000", "incomeBeforeTax": "316000000", "incomeTaxExpense": "11000000", "interestAndDebtExpense": "None", "netIncomeFromContinuingOperations": "305000000", "comprehensiveIncomeNetOfTax": "None", "ebit": "401000000", "ebitda": "465000000", "netIncome": "305000000"}, {"fiscalDateEnding": "2024-06-30", "reportedCurrency": "USD", "grossProfit": "600000000", "totalRevenue": "1887000000", "costOfRevenue": "1287000000", "costofGoodsAndServicesSold": "1287000000", "operatingIncome": "314000000", "sellingGeneralAndAdministrative": "113000000", "researchAndDevelopment": "158000000", "operatingExpenses": "286000000", "investmentIncomeNet": "None", "netInterestIncome": "-75000000", "interestIncome": "7000000", "interestExpense": "82000000", "nonInterestIncome": "None", "otherNonOperatingIncome": "None", "depreciation": "None", "depreciationAndAmortization": "63000000", "incomeBeforeTax": "538000000", "incomeTaxExpense": "25000000", "interestAndDebtExpense": "None", "netIncomeFromContinuingOperations": "513000000", "comprehensiveIncomeNetOfTax": "None", "ebit": "620000000", "ebitda": "683000000", "netIncome": "513000000"}, {"fiscalDateEnding": "2024-03-31", "reportedCurrency": "USD", "grossProfit": "425000000", "totalRevenue": "1655000000", "costOfRevenue": "1230000000", "costofGoodsAndServicesSold": "1230000000", "operatingIncome": "143000000", "sellingGeneralAndAdministrative": "116000000", "researchAndDevelopment": "164000000", "operatingExpenses": "282000000", "investmentIncomeNet": "None", "netInterestIncome": "-79000000", "interestIncome": "3000000", "interestExpense": "82000000", "nonInterestIncome": "None", "otherNonOperatingIncome": "None", "depreciation": "None", "depreciationAndAmortization": "63000000", "incomeBeforeTax": "58000000", "incomeTaxExpense": "33000000", "interestAndDebtExpense": "None", "netIncomeFromContinuingOperations": "25000000", "comprehensiveIncomeNetOfTax": "None", "ebit": "140000000", "ebitda": "203000000", "netIncome": "25000000"}, {"fiscalDateEnding": "2023-12-31", "reportedCurrency": "USD", "grossProfit": "362000000", "totalRevenue": "1555000000", "costOfRevenue": "1193000000", "costofGoodsAndServicesSold": "1193000000", "operatingIncome": "124000000", "sellingGeneralAndAdministrative": "108000000", "researchAndDevelopment": "161000000", "operatingExpenses": "238000000", "investmentIncomeNet": "None", "netInterestIncome": "-81000000", "interestIncome": "3000000", "interestExpense": "84000000", "nonInterestIncome": "None", "otherNonOperatingIncome": "None", "depreciation": "None", "depreciationAndAmortization": "62000000", "incomeBeforeTax": "-4000000", "incomeTaxExpense": "15000000", "interestAndDebtExpense": "None", "netIncomeFromContinuingOperations": "-19000000", "comprehensiveIncomeNetOfTax": "None", "ebit": "94000000", "ebitda": "156000000", "netIncome": "-19000000"}, {"fiscalDateEnding": "2023-09-30", "reportedCurrency": "USD", "grossProfit": "149000000", "totalRevenue": "1454000000", "costOfRevenue": "1305000000", "costofGoodsAndServicesSold": "1305000000", "operatingIncome": "-129000000", "sellingGeneralAndAdministrative": "105000000", "researchAndDevelopment": "171000000", "operatingExpenses": "278000000", "investmentIncomeNet": "None", "netInterestIncome": "-82000000", "interestIncome": "2000000", "interestExpense": "84000000", "nonInterestIncome": "None", "otherNonOperatingIncome": "None", "depreciation": "None", "depreciationAndAmortization": "76000000", "incomeBeforeTax": "-147000000", "incomeTaxExpense": "37000000", "interestAndDebtExpense": "None", "netIncomeFromContinuingOperations": "-184000000", "comprehensiveIncomeNetOfTax": "None", "ebit": "-63000000", "ebitda": "13000000", "netIncome": "-184000000"}, {"fiscalDateEnding": "2023-06-30", "reportedCurrency": "USD", "grossProfit": "371000000", "totalRevenue": "1602000000", "costOfRevenue": "1231000000", "costofGoodsAndServicesSold": "1231000000", "operatingIncome": "26000000", "sellingGeneralAndAdministrative": "239000000", "researchAndDevelopment": "172000000", "operatingExpenses": "345000000", "investmentIncomeNet": "None", "netInterestIncome": "-78000000", "interestIncome": "6000000", "interestExpense": "84000000", "nonInterestIncome": "None", "otherNonOperatingIncome": "None", "depreciation": "None", "depreciationAndAmortization": "104000000", "incomeBeforeTax": "-85000000", "incomeTaxExpense": "7000000", "interestAndDebtExpense": "None", "netIncomeFromContinuingOperations": "-92000000", "comprehensiveIncomeNetOfTax": "None", "ebit": "-1000000", "ebitda": "103000000", "netIncome": "-92000000"}, {"fiscalDateEnding": "2023-03-31", "reportedCurrency": "USD", "grossProfit": "319000000", "totalRevenue": "1860000000", "costOfRevenue": "1541000000", "costofGoodsAndServicesSold": "1541000000", "operatingIncome": "-315000000", "sellingGeneralAndAdministrative": "123000000", "researchAndDevelopment": "191000000", "operatingExpenses": "634000000", "investmentIncomeNet": "None", "netInterestIncome": "-79000000", "interestIncome": "2000000", "interestExpense": "81000000", "nonInterestIncome": "None", "otherNonOperatingIncome": "None", "depreciation": "None", "depreciationAndAmortization": "126000000", "incomeBeforeTax": "-400000000", "incomeTaxExpense": "33000000", "interestAndDebtExpense": "None", "netIncomeFromContinuingOperations": "-433000000", "comprehensiveIncomeNetOfTax": "None", "ebit": "-319000000", "ebitda": "-193000000", "netIncome": "-433000000"}, {"fiscalDateEnding": "2022-12-31", "reportedCurrency": "USD", "grossProfit": "246000000", "totalRevenue": "1887000000", "costOfRevenue": "1641000000", "costofGoodsAndServicesSold": "1641000000", "operatingIncome": "-160000000", "sellingGeneralAndAdministrative": "125000000", "researchAndDevelopment": "200000000", "operatingExpenses": "406000000", "investmentIncomeNet": "None", "netInterestIncome": "-76000000", "interestIncome": "1000000", "interestExpense": "77000000", "nonInterestIncome": "None", "otherNonOperatingIncome": "None", "depreciation": "None", "depreciationAndAmortization": "148000000", "incomeBeforeTax": "-38000000", "incomeTaxExpense": "-5000000", "interestAndDebtExpense": "None", "netIncomeFromContinuingOperations": "-33000000", "comprehensiveIncomeNetOfTax": "None", "ebit": "39000000", "ebitda": "187000000", "netIncome": "-33000000"}, {"fiscalDateEnding": "2022-09-30", "reportedCurrency": "USD", "grossProfit": "482000000", "totalRevenue": "2035000000", "costOfRevenue": "1553000000", "costofGoodsAndServicesSold": "1553000000", "operatingIncome": "107000000", "sellingGeneralAndAdministrative": "129000000", "researchAndDevelopment": "234000000", "operatingExpenses": "375000000", "investmentIncomeNet": "None", "netInterestIncome": "-70000000", "interestIncome": "1000000", "interestExpense": "71000000", "nonInterestIncome": "None", "otherNonOperatingIncome": "None", "depreciation": "None", "depreciationAndAmortization": "135000000", "incomeBeforeTax": "27000000", "incomeTaxExpense": "-2000000", "interestAndDebtExpense": "None", "netIncomeFromContinuingOperations": "29000000", "comprehensiveIncomeNetOfTax": "None", "ebit": "98000000", "ebitda": "233000000", "netIncome": "29000000"}, {"fiscalDateEnding": "2022-06-30", "reportedCurrency": "USD", "grossProfit": "759000000", "totalRevenue": "2628000000", "costOfRevenue": "1869000000", "costofGoodsAndServicesSold": "1869000000", "operatingIncome": "360000000", "sellingGeneralAndAdministrative": "129000000", "researchAndDevelopment": "247000000", "operatingExpenses": "398000000", "investmentIncomeNet": "None", "netInterestIncome": "-70000000", "interestIncome": "1000000", "interestExpense": "65000000", "nonInterestIncome": "None", "otherNonOperatingIncome": "None", "depreciation": "None", "depreciationAndAmortization": "127000000", "incomeBeforeTax": "281000000", "incomeTaxExpense": "5000000", "interestAndDebtExpense": "None", "netIncomeFromContinuingOperations": "29000000", "comprehensiveIncomeNetOfTax": "None", "ebit": "344000000", "ebitda": "471000000", "netIncome": "276000000"}, {"fiscalDateEnding": "2022-03-31", "reportedCurrency": "USD", "grossProfit": "806000000", "totalRevenue": "2802000000", "costOfRevenue": "1996000000", "costofGoodsAndServicesSold": "1996000000", "operatingIncome": "429000000", "sellingGeneralAndAdministrative": "141000000", "researchAndDevelopment": "233000000", "operatingExpenses": "377000000", "investmentIncomeNet": "None", "netInterestIncome": "-64000000", "interestIncome": "0", "interestExpense": "63000000", "nonInterestIncome": "None", "otherNonOperatingIncome": "None", "depreciation": "None", "depreciationAndAmortization": "112000000", "incomeBeforeTax": "351000000", "incomeTaxExpense": "5000000", "interestAndDebtExpense": "None", "netIncomeFromContinuingOperations": "346000000", "comprehensiveIncomeNetOfTax": "None", "ebit": "414000000", "ebitda": "526000000", "netIncome": "346000000"}, {"fiscalDateEnding": "2021-12-31", "reportedCurrency": "USD", "grossProfit": "948000000", "totalRevenue": "3116000000", "costOfRevenue": "2168000000", "costofGoodsAndServicesSold": "2168000000", "operatingIncome": "580000000", "sellingGeneralAndAdministrative": "136000000", "researchAndDevelopment": "228000000", "operatingExpenses": "368000000", "investmentIncomeNet": "None", "netInterestIncome": "-61000000", "interestIncome": "1000000", "interestExpense": "62000000", "nonInterestIncome": "None", "otherNonOperatingIncome": "None", "depreciation": "None", "depreciationAndAmortization": "108000000", "incomeBeforeTax": "514000000", "incomeTaxExpense": "13000000", "interestAndDebtExpense": "None", "netIncomeFromContinuingOperations": "501000000", "comprehensiveIncomeNetOfTax": "None", "ebit": "573000000", "ebitda": "681000000", "netIncome": "501000000"}, {"fiscalDateEnding": "2021-09-30", "reportedCurrency": "USD", "grossProfit": "956000000", "totalRevenue": "3115000000", "costOfRevenue": "2159000000", "costofGoodsAndServicesSold": "2159000000", "operatingIncome": "586000000", "sellingGeneralAndAdministrative": "None", "researchAndDevelopment": "233000000", "operatingExpenses": "370000000", "investmentIncomeNet": "None", "netInterestIncome": "None", "interestIncome": "None", "interestExpense": "59000000", "nonInterestIncome": "None", "otherNonOperatingIncome": "None", "depreciation": "None", "depreciationAndAmortization": "104000000", "incomeBeforeTax": "533000000", "incomeTaxExpense": "7000000", "interestAndDebtExpense": "None", "netIncomeFromContinuingOperations": "None", "comprehensiveIncomeNetOfTax": "None", "ebit": "592000000", "ebitda": "696000000", "netIncome": "526000000"}, {"fiscalDateEnding": "2021-06-30", "reportedCurrency": "USD", "grossProfit": "885000000", "totalRevenue": "3013000000", "costOfRevenue": "2128000000", "costofGoodsAndServicesSold": "2128000000", "operatingIncome": "507000000", "sellingGeneralAndAdministrative": "133000000", "researchAndDevelopment": "232000000", "operatingExpenses": "378000000", "investmentIncomeNet": "None", "netInterestIncome": "-59000000", "interestIncome": "0", "interestExpense": "59000000", "nonInterestIncome": "None", "otherNonOperatingIncome": "None", "depreciation": "None", "depreciationAndAmortization": "103000000", "incomeBeforeTax": "497000000", "incomeTaxExpense": "15000000", "interestAndDebtExpense": "None", "netIncomeFromContinuingOperations": "526000000", "comprehensiveIncomeNetOfTax": "None", "ebit": "556000000", "ebitda": "659000000", "netIncome": "482000000"}, {"fiscalDateEnding": "2021-03-31", "reportedCurrency": "USD", "grossProfit": "740000000", "totalRevenue": "2731000000", "costOfRevenue": "1991000000", "costofGoodsAndServicesSold": "1991000000", "operatingIncome": "386000000", "sellingGeneralAndAdministrative": "136000000", "researchAndDevelopment": "227000000", "operatingExpenses": "354000000", "investmentIncomeNet": "None", "netInterestIncome": "-59000000", "interestIncome": "0", "interestExpense": "59000000", "nonInterestIncome": "None", "otherNonOperatingIncome": "-5000000", "depreciation": "None", "depreciationAndAmortization": "99000000", "incomeBeforeTax": "339000000", "incomeTaxExpense": "10000000", "interestAndDebtExpense": "None", "netIncomeFromContinuingOperations": "482000000", "comprehensiveIncomeNetOfTax": "None", "ebit": "397000000", "ebitda": "496000000", "netIncome": "329000000"}, {"fiscalDateEnding": "2020-12-31", "reportedCurrency": "USD", "grossProfit": "696000000", "totalRevenue": "2623000000", "costOfRevenue": "1927000000", "costofGoodsAndServicesSold": "1927000000", "operatingIncome": "348000000", "sellingGeneralAndAdministrative": "122000000", "researchAndDevelopment": "221000000", "operatingExpenses": "348000000", "investmentIncomeNet": "None", "netInterestIncome": "-52000000", "interestIncome": "0", "interestExpense": "52000000", "nonInterestIncome": "None", "otherNonOperatingIncome": "20000000", "depreciation": "None", "depreciationAndAmortization": "96000000", "incomeBeforeTax": "291000000", "incomeTaxExpense": "11000000", "interestAndDebtExpense": "None", "netIncomeFromContinuingOperations": "280000000", "comprehensiveIncomeNetOfTax": "None", "ebit": "343000000", "ebitda": "439000000", "netIncome": "280000000"}, {"fiscalDateEnding": "2020-09-30", "reportedCurrency": "USD", "grossProfit": "596000000", "totalRevenue": "2314000000", "costOfRevenue": "1718000000", "costofGoodsAndServicesSold": "1718000000", "operatingIncome": "251000000", "sellingGeneralAndAdministrative": "None", "researchAndDevelopment": "223000000", "operatingExpenses": "345000000", "investmentIncomeNet": "None", "netInterestIncome": "None", "interestIncome": "None", "interestExpense": "50000000", "nonInterestIncome": "None", "otherNonOperatingIncome": "None", "depreciation": "None", "depreciationAndAmortization": "99000000", "incomeBeforeTax": "221000000", "incomeTaxExpense": "-2000000", "interestAndDebtExpense": "None", "netIncomeFromContinuingOperations": "None", "comprehensiveIncomeNetOfTax": "None", "ebit": "271000000", "ebitda": "370000000", "netIncome": "223000000"}, {"fiscalDateEnding": "2020-06-30", "reportedCurrency": "USD", "grossProfit": "667000000", "totalRevenue": "2517000000", "costOfRevenue": "1850000000", "costofGoodsAndServicesSold": "1850000000", "operatingIncome": "267000000", "sellingGeneralAndAdministrative": "112000000", "researchAndDevelopment": "222000000", "operatingExpenses": "400000000", "investmentIncomeNet": "None", "netInterestIncome": "-48000000", "interestIncome": "1000000", "interestExpense": "49000000", "nonInterestIncome": "None", "otherNonOperatingIncome": "None", "depreciation": "None", "depreciationAndAmortization": "100000000", "incomeBeforeTax": "160000000", "incomeTaxExpense": "-6000000", "interestAndDebtExpense": "None", "netIncomeFromContinuingOperations": "166000000", "comprehensiveIncomeNetOfTax": "None", "ebit": "209000000", "ebitda": "309000000", "netIncome": "166000000"}, {"fiscalDateEnding": "2020-03-31", "reportedCurrency": "USD", "grossProfit": "746000000", "totalRevenue": "2718000000", "costOfRevenue": "1972000000", "costofGoodsAndServicesSold": "1972000000", "operatingIncome": "376000000", "sellingGeneralAndAdministrative": "119000000", "researchAndDevelopment": "246000000", "operatingExpenses": "370000000", "investmentIncomeNet": "None", "netInterestIncome": "-45000000", "interestIncome": "4000000", "interestExpense": "49000000", "nonInterestIncome": "None", "otherNonOperatingIncome": "11000000", "depreciation": "None", "depreciationAndAmortization": "94000000", "incomeBeforeTax": "338000000", "incomeTaxExpense": "18000000", "interestAndDebtExpense": "None", "netIncomeFromContinuingOperations": "320000000", "comprehensiveIncomeNetOfTax": "None", "ebit": "387000000", "ebitda": "481000000", "netIncome": "320000000"}, {"fiscalDateEnding": "2019-12-31", "reportedCurrency": "USD", "grossProfit": "758000000", "totalRevenue": "2696000000", "costOfRevenue": "1938000000", "costofGoodsAndServicesSold": "1938000000", "operatingIncome": "384000000", "sellingGeneralAndAdministrative": "120000000", "researchAndDevelopment": "250000000", "operatingExpenses": "374000000", "investmentIncomeNet": "None", "netInterestIncome": "-44000000", "interestIncome": "4000000", "interestExpense": "48000000", "nonInterestIncome": "None", "otherNonOperatingIncome": "None", "depreciation": "None", "depreciationAndAmortization": "93000000", "incomeBeforeTax": "336000000", "incomeTaxExpense": "18000000", "interestAndDebtExpense": "None", "netIncomeFromContinuingOperations": "318000000", "comprehensiveIncomeNetOfTax": "None", "ebit": "384000000", "ebitda": "477000000", "netIncome": "318000000"}, {"fiscalDateEnding": "2019-09-30", "reportedCurrency": "USD", "grossProfit": "671000000", "totalRevenue": "2578000000", "costOfRevenue": "1907000000", "costofGoodsAndServicesSold": "1907000000", "operatingIncome": "273000000", "sellingGeneralAndAdministrative": "120000000", "researchAndDevelopment": "255000000", "operatingExpenses": "398000000", "investmentIncomeNet": "None", "netInterestIncome": "-44000000", "interestIncome": "4000000", "interestExpense": "55000000", "nonInterestIncome": "None", "otherNonOperatingIncome": "-20000000", "depreciation": "None", "depreciationAndAmortization": "92000000", "incomeBeforeTax": "198000000", "incomeTaxExpense": "-2000000", "interestAndDebtExpense": "None", "netIncomeFromContinuingOperations": "318000000", "comprehensiveIncomeNetOfTax": "None", "ebit": "253000000", "ebitda": "345000000", "netIncome": "200000000"}, {"fiscalDateEnding": "2019-06-30", "reportedCurrency": "USD", "grossProfit": "624000000", "totalRevenue": "2371000000", "costOfRevenue": "1747000000", "costofGoodsAndServicesSold": "1747000000", "operatingIncome": "332000000", "sellingGeneralAndAdministrative": "122000000", "researchAndDevelopment": "241000000", "operatingExpenses": "292000000", "investmentIncomeNet": "None", "netInterestIncome": "-44000000", "interestIncome": "11000000", "interestExpense": "55000000", "nonInterestIncome": "None", "otherNonOperatingIncome": "-20000000", "depreciation": "None", "depreciationAndAmortization": "134000000", "incomeBeforeTax": "291000000", "incomeTaxExpense": "-692000000", "interestAndDebtExpense": "None", "netIncomeFromContinuingOperations": "200000000", "comprehensiveIncomeNetOfTax": "None", "ebit": "346000000", "ebitda": "480000000", "netIncome": "983000000"}, {"fiscalDateEnding": "2019-03-31", "reportedCurrency": "USD", "grossProfit": "601000000", "totalRevenue": "2313000000", "costOfRevenue": "1712000000", "costofGoodsAndServicesSold": "1712000000", "operatingIncome": "236000000", "sellingGeneralAndAdministrative": "108000000", "researchAndDevelopment": "238000000", "operatingExpenses": "365000000", "investmentIncomeNet": "None", "netInterestIncome": "-38000000", "interestIncome": "17000000", "interestExpense": "55000000", "nonInterestIncome": "None", "otherNonOperatingIncome": "14000000", "depreciation": "None", "depreciationAndAmortization": "135000000", "incomeBeforeTax": "215000000", "incomeTaxExpense": "20000000", "interestAndDebtExpense": "None", "netIncomeFromContinuingOperations": "983000000", "comprehensiveIncomeNetOfTax": "None", "ebit": "270000000", "ebitda": "405000000", "netIncome": "195000000"}, {"fiscalDateEnding": "2018-12-31", "reportedCurrency": "USD", "grossProfit": "794000000", "totalRevenue": "2715000000", "costOfRevenue": "1921000000", "costofGoodsAndServicesSold": "1921000000", "operatingIncome": "416000000", "sellingGeneralAndAdministrative": "110000000", "researchAndDevelopment": "246000000", "operatingExpenses": "378000000", "investmentIncomeNet": "None", "netInterestIncome": "-34000000", "interestIncome": "21000000", "interestExpense": "56000000", "nonInterestIncome": "None", "otherNonOperatingIncome": "34000000", "depreciation": "None", "depreciationAndAmortization": "138000000", "incomeBeforeTax": "398000000", "incomeTaxExpense": "14000000", "interestAndDebtExpense": "None", "netIncomeFromContinuingOperations": "195000000", "comprehensiveIncomeNetOfTax": "None", "ebit": "454000000", "ebitda": "592000000", "netIncome": "384000000"}, {"fiscalDateEnding": "2018-09-30", "reportedCurrency": "USD", "grossProfit": "913000000", "totalRevenue": "2991000000", "costOfRevenue": "2078000000", "costofGoodsAndServicesSold": "2078000000", "operatingIncome": "503000000", "sellingGeneralAndAdministrative": "120000000", "researchAndDevelopment": "266000000", "operatingExpenses": "410000000", "investmentIncomeNet": "None", "netInterestIncome": "None", "interestIncome": "None", "interestExpense": "58000000", "nonInterestIncome": "None", "otherNonOperatingIncome": "38000000", "depreciation": "None", "depreciationAndAmortization": "134000000", "incomeBeforeTax": "468000000", "incomeTaxExpense": "18000000", "interestAndDebtExpense": "None", "netIncomeFromContinuingOperations": "384000000", "comprehensiveIncomeNetOfTax": "None", "ebit": "526000000", "ebitda": "660000000", "netIncome": "450000000"}, {"fiscalDateEnding": "2018-06-30", "reportedCurrency": "USD", "grossProfit": "904000000", "totalRevenue": "2835000000", "costOfRevenue": "1931000000", "costofGoodsAndServicesSold": "1931000000", "operatingIncome": "505000000", "sellingGeneralAndAdministrative": "115000000", "researchAndDevelopment": "259000000", "operatingExpenses": "399000000", "investmentIncomeNet": "None", "netInterestIncome": "None", "interestIncome": "None", "interestExpense": "54000000", "nonInterestIncome": "None", "otherNonOperatingIncome": "23000000", "depreciation": "None", "depreciationAndAmortization": "137000000", "incomeBeforeTax": "466000000", "incomeTaxExpense": "5000000", "interestAndDebtExpense": "None", "netIncomeFromContinuingOperations": "450000000", "comprehensiveIncomeNetOfTax": "None", "ebit": "520000000", "ebitda": "657000000", "netIncome": "461000000"}, {"fiscalDateEnding": "2018-03-31", "reportedCurrency": "USD", "grossProfit": "847000000", "totalRevenue": "2803000000", "costOfRevenue": "1956000000", "costofGoodsAndServicesSold": "1956000000", "operatingIncome": "441000000", "sellingGeneralAndAdministrative": "140000000", "researchAndDevelopment": "254000000", "operatingExpenses": "406000000", "investmentIncomeNet": "None", "netInterestIncome": "None", "interestIncome": "None", "interestExpense": "60000000", "nonInterestIncome": "None", "otherNonOperatingIncome": "15000000", "depreciation": "None", "depreciationAndAmortization": "143000000", "incomeBeforeTax": "393000000", "incomeTaxExpense": "12000000", "interestAndDebtExpense": "None", "netIncomeFromContinuingOperations": "461000000", "comprehensiveIncomeNetOfTax": "None", "ebit": "452000000", "ebitda": "595000000", "netIncome": "381000000"}, {"fiscalDateEnding": "2017-12-31", "reportedCurrency": "USD", "grossProfit": "877000000", "totalRevenue": "2914000000", "costOfRevenue": "2037000000", "costofGoodsAndServicesSold": "2037000000", "operatingIncome": "433000000", "sellingGeneralAndAdministrative": "135000000", "researchAndDevelopment": "250000000", "operatingExpenses": "444000000", "investmentIncomeNet": "None", "netInterestIncome": "None", "interestIncome": "None", "interestExpense": "61000000", "nonInterestIncome": "None", "otherNonOperatingIncome": "12000000", "depreciation": "None", "depreciationAndAmortization": "157000000", "incomeBeforeTax": "371000000", "incomeTaxExpense": "212000000", "interestAndDebtExpense": "None", "netIncomeFromContinuingOperations": "381000000", "comprehensiveIncomeNetOfTax": "None", "ebit": "432000000", "ebitda": "589000000", "netIncome": "159000000"}, {"fiscalDateEnding": "2017-09-30", "reportedCurrency": "USD", "grossProfit": "736000000", "totalRevenue": "2632000000", "costOfRevenue": "1896000000", "costofGoodsAndServicesSold": "1896000000", "operatingIncome": "255000000", "sellingGeneralAndAdministrative": "None", "researchAndDevelopment": "263000000", "operatingExpenses": "481000000", "investmentIncomeNet": "None", "netInterestIncome": "None", "interestIncome": "None", "interestExpense": "61000000", "nonInterestIncome": "None", "otherNonOperatingIncome": "None", "depreciation": "None", "depreciationAndAmortization": "161000000", "incomeBeforeTax": "188000000", "incomeTaxExpense": "7000000", "interestAndDebtExpense": "None", "netIncomeFromContinuingOperations": "None", "comprehensiveIncomeNetOfTax": "None", "ebit": "249000000", "ebitda": "410000000", "netIncome": "181000000"}, {"fiscalDateEnding": "2017-06-30", "reportedCurrency": "USD", "grossProfit": "666000000", "totalRevenue": "2406000000", "costOfRevenue": "1740000000", "costofGoodsAndServicesSold": "1740000000", "operatingIncome": "196000000", "sellingGeneralAndAdministrative": "145000000", "researchAndDevelopment": "288000000", "operatingExpenses": "470000000", "investmentIncomeNet": "None", "netInterestIncome": "None", "interestIncome": "None", "interestExpense": "62000000", "nonInterestIncome": "None", "otherNonOperatingIncome": "-6000000", "depreciation": "None", "depreciationAndAmortization": "176000000", "incomeBeforeTax": "120000000", "incomeTaxExpense": "6000000", "interestAndDebtExpense": "None", "netIncomeFromContinuingOperations": "181000000", "comprehensiveIncomeNetOfTax": "None", "ebit": "182000000", "ebitda": "358000000", "netIncome": "114000000"}, {"fiscalDateEnding": "2017-03-31", "reportedCurrency": "USD", "grossProfit": "816000000", "totalRevenue": "2674000000", "costOfRevenue": "1858000000", "costofGoodsAndServicesSold": "1858000000", "operatingIncome": "266000000", "sellingGeneralAndAdministrative": "150000000", "researchAndDevelopment": "324000000", "operatingExpenses": "550000000", "investmentIncomeNet": "None", "netInterestIncome": "None", "interestIncome": "None", "interestExpense": "60000000", "nonInterestIncome": "None", "otherNonOperatingIncome": "-15000000", "depreciation": "None", "depreciationAndAmortization": "182000000", "incomeBeforeTax": "212000000", "incomeTaxExpense": "18000000", "interestAndDebtExpense": "None", "netIncomeFromContinuingOperations": "114000000", "comprehensiveIncomeNetOfTax": "None", "ebit": "272000000", "ebitda": "454000000", "netIncome": "194000000"}, {"fiscalDateEnding": "2016-12-31", "reportedCurrency": "USD", "grossProfit": "891000000", "totalRevenue": "2894000000", "costOfRevenue": "2003000000", "costofGoodsAndServicesSold": "2003000000", "operatingIncome": "370000000", "sellingGeneralAndAdministrative": "2000000", "researchAndDevelopment": "305000000", "operatingExpenses": "521000000", "investmentIncomeNet": "None", "netInterestIncome": "None", "interestIncome": "None", "interestExpense": "50000000", "nonInterestIncome": "None", "otherNonOperatingIncome": "-10000000", "depreciation": "None", "depreciationAndAmortization": "191000000", "incomeBeforeTax": "310000000", "incomeTaxExpense": "13000000", "interestAndDebtExpense": "None", "netIncomeFromContinuingOperations": "297000000", "comprehensiveIncomeNetOfTax": "None", "ebit": "403000000", "ebitda": "594000000", "netIncome": "297000000"}, {"fiscalDateEnding": "2016-09-30", "reportedCurrency": "USD", "grossProfit": "801000000", "totalRevenue": "2797000000", "costOfRevenue": "1996000000", "costofGoodsAndServicesSold": "1996000000", "operatingIncome": "221000000", "sellingGeneralAndAdministrative": "None", "researchAndDevelopment": "315000000", "operatingExpenses": "580000000", "investmentIncomeNet": "None", "netInterestIncome": "None", "interestIncome": "None", "interestExpense": "50000000", "nonInterestIncome": "None", "otherNonOperatingIncome": "None", "depreciation": "None", "depreciationAndAmortization": "200000000", "incomeBeforeTax": "173000000", "incomeTaxExpense": "6000000", "interestAndDebtExpense": "None", "netIncomeFromContinuingOperations": "None", "comprehensiveIncomeNetOfTax": "None", "ebit": "223000000", "ebitda": "423000000", "netIncome": "167000000"}, {"fiscalDateEnding": "2016-06-30", "reportedCurrency": "USD", "grossProfit": "662000000", "totalRevenue": "2654000000", "costOfRevenue": "1992000000", "costofGoodsAndServicesSold": "1992000000", "operatingIncome": "102000000", "sellingGeneralAndAdministrative": "112000000", "researchAndDevelopment": "307000000", "operatingExpenses": "560000000", "investmentIncomeNet": "None", "netInterestIncome": "None", "interestIncome": "None", "interestExpense": "51000000", "nonInterestIncome": "None", "otherNonOperatingIncome": "2000000", "depreciation": "None", "depreciationAndAmortization": "200000000", "incomeBeforeTax": "54000000", "incomeTaxExpense": "-16000000", "interestAndDebtExpense": "None", "netIncomeFromContinuingOperations": "167000000", "comprehensiveIncomeNetOfTax": "None", "ebit": "104000000", "ebitda": "304000000", "netIncome": "70000000"}, {"fiscalDateEnding": "2016-03-31", "reportedCurrency": "USD", "grossProfit": "524000000", "totalRevenue": "2595000000", "costOfRevenue": "2071000000", "costofGoodsAndServicesSold": "2071000000", "operatingIncome": "27000000", "sellingGeneralAndAdministrative": "150000000", "researchAndDevelopment": "298000000", "operatingExpenses": "497000000", "investmentIncomeNet": "None", "netInterestIncome": "None", "interestIncome": "None", "interestExpense": "47000000", "nonInterestIncome": "None", "otherNonOperatingIncome": "29000000", "depreciation": "None", "depreciationAndAmortization": "198000000", "incomeBeforeTax": "9000000", "incomeTaxExpense": "30000000", "interestAndDebtExpense": "None", "netIncomeFromContinuingOperations": "-21000000", "comprehensiveIncomeNetOfTax": "None", "ebit": "56000000", "ebitda": "254000000", "netIncome": "-21000000"}, {"fiscalDateEnding": "2015-12-31", "reportedCurrency": "USD", "grossProfit": "741000000", "totalRevenue": "2986000000", "costOfRevenue": "2245000000", "costofGoodsAndServicesSold": "2245000000", "operatingIncome": "229000000", "sellingGeneralAndAdministrative": "1000000", "researchAndDevelopment": "304000000", "operatingExpenses": "512000000", "investmentIncomeNet": "None", "netInterestIncome": "None", "interestIncome": "None", "interestExpense": "48000000", "nonInterestIncome": "None", "otherNonOperatingIncome": "-8000000", "depreciation": "None", "depreciationAndAmortization": "209000000", "incomeBeforeTax": "180000000", "incomeTaxExpense": "15000000", "interestAndDebtExpense": "None", "netIncomeFromContinuingOperations": "28000000", "comprehensiveIncomeNetOfTax": "None", "ebit": "228000000", "ebitda": "437000000", "netIncome": "165000000"}, {"fiscalDateEnding": "2015-09-30", "reportedCurrency": "USD", "grossProfit": "689000000", "totalRevenue": "2925000000", "costOfRevenue": "2236000000", "costofGoodsAndServicesSold": "2236000000", "operatingIncome": "86000000", "sellingGeneralAndAdministrative": "None", "researchAndDevelopment": "328000000", "operatingExpenses": "603000000", "investmentIncomeNet": "None", "netInterestIncome": "None", "interestIncome": "None", "interestExpense": "47000000", "nonInterestIncome": "None", "otherNonOperatingIncome": "None", "depreciation": "None", "depreciationAndAmortization": "208000000", "incomeBeforeTax": "31000000", "incomeTaxExpense": "-3000000", "interestAndDebtExpense": "None", "netIncomeFromContinuingOperations": "None", "comprehensiveIncomeNetOfTax": "None", "ebit": "78000000", "ebitda": "286000000", "netIncome": "34000000"}, {"fiscalDateEnding": "2015-06-30", "reportedCurrency": "USD", "grossProfit": "776000000", "totalRevenue": "2928000000", "costOfRevenue": "2152000000", "costofGoodsAndServicesSold": "2152000000", "operatingIncome": "207000000", "sellingGeneralAndAdministrative": "139000000", "researchAndDevelopment": "324000000", "operatingExpenses": "569000000", "investmentIncomeNet": "None", "netInterestIncome": "None", "interestIncome": "None", "interestExpense": "55000000", "nonInterestIncome": "None", "otherNonOperatingIncome": "-3000000", "depreciation": "None", "depreciationAndAmortization": "212000000", "incomeBeforeTax": "149000000", "incomeTaxExpense": "11000000", "interestAndDebtExpense": "None", "netIncomeFromContinuingOperations": "137000000", "comprehensiveIncomeNetOfTax": "None", "ebit": "204000000", "ebitda": "416000000", "netIncome": "137000000"}, {"fiscalDateEnding": "2015-03-31", "reportedCurrency": "USD", "grossProfit": "955000000", "totalRevenue": "3330000000", "costOfRevenue": "2375000000", "costofGoodsAndServicesSold": "2375000000", "operatingIncome": "343000000", "sellingGeneralAndAdministrative": "1000000", "researchAndDevelopment": "346000000", "operatingExpenses": "612000000", "investmentIncomeNet": "None", "netInterestIncome": "None", "interestIncome": "None", "interestExpense": "48000000", "nonInterestIncome": "None", "otherNonOperatingIncome": "9000000", "depreciation": "None", "depreciationAndAmortization": "203000000", "incomeBeforeTax": "304000000", "incomeTaxExpense": "13000000", "interestAndDebtExpense": "None", "netIncomeFromContinuingOperations": "291000000", "comprehensiveIncomeNetOfTax": "None", "ebit": "357000000", "ebitda": "560000000", "netIncome": "291000000"}, {"fiscalDateEnding": "2014-12-31", "reportedCurrency": "USD", "grossProfit": "1027000000", "totalRevenue": "3696000000", "costOfRevenue": "2669000000", "costofGoodsAndServicesSold": "2669000000", "operatingIncome": "1053000000", "sellingGeneralAndAdministrative": "None", "researchAndDevelopment": "341000000", "operatingExpenses": "-26000000", "investmentIncomeNet": "None", "netInterestIncome": "None", "interestIncome": "None", "interestExpense": "50000000", "nonInterestIncome": "None", "otherNonOperatingIncome": "None", "depreciation": "None", "depreciationAndAmortization": "208000000", "incomeBeforeTax": "1126000000", "incomeTaxExpense": "193000000", "interestAndDebtExpense": "None", "netIncomeFromContinuingOperations": "None", "comprehensiveIncomeNetOfTax": "None", "ebit": "436000000", "ebitda": "644000000", "netIncome": "933000000"}, {"fiscalDateEnding": "2014-09-30", "reportedCurrency": "USD", "grossProfit": "1051000000", "totalRevenue": "3785000000", "costOfRevenue": "2734000000", "costofGoodsAndServicesSold": "2734000000", "operatingIncome": "456000000", "sellingGeneralAndAdministrative": "216000000", "researchAndDevelopment": "342000000", "operatingExpenses": "595000000", "investmentIncomeNet": "None", "netInterestIncome": "None", "interestIncome": "None", "interestExpense": "54000000", "nonInterestIncome": "None", "otherNonOperatingIncome": "-10000000", "depreciation": "None", "depreciationAndAmortization": "218000000", "incomeBeforeTax": "392000000", "incomeTaxExpense": "11000000", "interestAndDebtExpense": "None", "netIncomeFromContinuingOperations": "381000000", "comprehensiveIncomeNetOfTax": "None", "ebit": "463000000", "ebitda": "681000000", "netIncome": "381000000"}, {"fiscalDateEnding": "2014-06-30", "reportedCurrency": "USD", "grossProfit": "925000000", "totalRevenue": "3301000000", "costOfRevenue": "2376000000", "costofGoodsAndServicesSold": "2376000000", "operatingIncome": "410000000", "sellingGeneralAndAdministrative": "None", "researchAndDevelopment": "323000000", "operatingExpenses": "515000000", "investmentIncomeNet": "None", "netInterestIncome": "None", "interestIncome": "None", "interestExpense": "50000000", "nonInterestIncome": "None", "otherNonOperatingIncome": "None", "depreciation": "None", "depreciationAndAmortization": "211000000", "incomeBeforeTax": "284000000", "incomeTaxExpense": "-36000000", "interestAndDebtExpense": "None", "netIncomeFromContinuingOperations": "None", "comprehensiveIncomeNetOfTax": "None", "ebit": "334000000", "ebitda": "545000000", "netIncome": "320000000"}, {"fiscalDateEnding": "2014-03-31", "reportedCurrency": "USD", "grossProfit": "959000000", "totalRevenue": "3406000000", "costOfRevenue": "2447000000", "costofGoodsAndServicesSold": "2447000000", "operatingIncome": "444000000", "sellingGeneralAndAdministrative": "161000000", "researchAndDevelopment": "297000000", "operatingExpenses": "515000000", "investmentIncomeNet": "None", "netInterestIncome": "None", "interestIncome": "None", "interestExpense": "52000000", "nonInterestIncome": "None", "otherNonOperatingIncome": "-76000000", "depreciation": "None", "depreciationAndAmortization": "211000000", "incomeBeforeTax": "390000000", "incomeTaxExpense": "-5000000", "interestAndDebtExpense": "None", "netIncomeFromContinuingOperations": "320000000", "comprehensiveIncomeNetOfTax": "None", "ebit": "442000000", "ebitda": "653000000", "netIncome": "395000000"}, {"fiscalDateEnding": "2013-12-31", "reportedCurrency": "USD", "grossProfit": "987000000", "totalRevenue": "3528000000", "costOfRevenue": "2541000000", "costofGoodsAndServicesSold": "2541000000", "operatingIncome": "444000000", "sellingGeneralAndAdministrative": "190000000", "researchAndDevelopment": "312000000", "operatingExpenses": "543000000", "investmentIncomeNet": "None", "netInterestIncome": "None", "interestIncome": "None", "interestExpense": "49000000", "nonInterestIncome": "None", "otherNonOperatingIncome": "47000000", "depreciation": "None", "depreciationAndAmortization": "229000000", "incomeBeforeTax": "442000000", "incomeTaxExpense": "14000000", "interestAndDebtExpense": "None", "netIncomeFromContinuingOperations": "428000000", "comprehensiveIncomeNetOfTax": "None", "ebit": "491000000", "ebitda": "720000000", "netIncome": "428000000"}, {"fiscalDateEnding": "2013-09-30", "reportedCurrency": "USD", "grossProfit": "975000000", "totalRevenue": "3489000000", "costOfRevenue": "2514000000", "costofGoodsAndServicesSold": "2514000000", "operatingIncome": "478000000", "sellingGeneralAndAdministrative": "None", "researchAndDevelopment": "294000000", "operatingExpenses": "497000000", "investmentIncomeNet": "None", "netInterestIncome": "None", "interestIncome": "None", "interestExpense": "44000000", "nonInterestIncome": "None", "otherNonOperatingIncome": "None", "depreciation": "None", "depreciationAndAmortization": "228000000", "incomeBeforeTax": "440000000", "incomeTaxExpense": "13000000", "interestAndDebtExpense": "None", "netIncomeFromContinuingOperations": "None", "comprehensiveIncomeNetOfTax": "None", "ebit": "484000000", "ebitda": "712000000", "netIncome": "427000000"}, {"fiscalDateEnding": "2013-06-30", "reportedCurrency": "USD", "grossProfit": "939000000", "totalRevenue": "3425000000", "costOfRevenue": "2486000000", "costofGoodsAndServicesSold": "2486000000", "operatingIncome": "447000000", "sellingGeneralAndAdministrative": "181000000", "researchAndDevelopment": "294000000", "operatingExpenses": "490000000", "investmentIncomeNet": "None", "netInterestIncome": "None", "interestIncome": "None", "interestExpense": "51000000", "nonInterestIncome": "None", "otherNonOperatingIncome": "6000000", "depreciation": "None", "depreciationAndAmortization": "222000000", "incomeBeforeTax": "303000000", "incomeTaxExpense": "-45000000", "interestAndDebtExpense": "None", "netIncomeFromContinuingOperations": "427000000", "comprehensiveIncomeNetOfTax": "None", "ebit": "354000000", "ebitda": "576000000", "netIncome": "348000000"}, {"fiscalDateEnding": "2013-03-31", "reportedCurrency": "USD", "grossProfit": "948000000", "totalRevenue": "3526000000", "costOfRevenue": "2578000000", "costofGoodsAndServicesSold": "2578000000", "operatingIncome": "465000000", "sellingGeneralAndAdministrative": "472000000", "researchAndDevelopment": "294000000", "operatingExpenses": "483000000", "investmentIncomeNet": "None", "netInterestIncome": "None", "interestIncome": "None", "interestExpense": "53000000", "nonInterestIncome": "None", "otherNonOperatingIncome": "None", "depreciation": "None", "depreciationAndAmortization": "221000000", "incomeBeforeTax": "430000000", "incomeTaxExpense": "14000000", "interestAndDebtExpense": "None", "netIncomeFromContinuingOperations": "0", "comprehensiveIncomeNetOfTax": "None", "ebit": "483000000", "ebitda": "704000000", "netIncome": "416000000"}, {"fiscalDateEnding": "2012-12-31", "reportedCurrency": "USD", "grossProfit": "992000000", "totalRevenue": "3668000000", "costOfRevenue": "2676000000", "costofGoodsAndServicesSold": "2676000000", "operatingIncome": "555000000", "sellingGeneralAndAdministrative": "168000000", "researchAndDevelopment": "277000000", "operatingExpenses": "436000000", "investmentIncomeNet": "None", "netInterestIncome": "None", "interestIncome": "None", "interestExpense": "55000000", "nonInterestIncome": "None", "otherNonOperatingIncome": "18000000", "depreciation": "None", "depreciationAndAmortization": "218000000", "incomeBeforeTax": "499000000", "incomeTaxExpense": "7000000", "interestAndDebtExpense": "None", "netIncomeFromContinuingOperations": "416000000", "comprehensiveIncomeNetOfTax": "None", "ebit": "554000000", "ebitda": "772000000", "netIncome": "492000000"}, {"fiscalDateEnding": "2012-09-30", "reportedCurrency": "USD", "grossProfit": "1061000000", "totalRevenue": "3732000000", "costOfRevenue": "2671000000", "costofGoodsAndServicesSold": "2671000000", "operatingIncome": "624000000", "sellingGeneralAndAdministrative": "417000000", "researchAndDevelopment": "268000000", "operatingExpenses": "437000000", "investmentIncomeNet": "None", "netInterestIncome": "None", "interestIncome": "None", "interestExpense": "55000000", "nonInterestIncome": "None", "otherNonOperatingIncome": "None", "depreciation": "None", "depreciationAndAmortization": "212000000", "incomeBeforeTax": "600000000", "incomeTaxExpense": "18000000", "interestAndDebtExpense": "None", "netIncomeFromContinuingOperations": "0", "comprehensiveIncomeNetOfTax": "None", "ebit": "655000000", "ebitda": "867000000", "netIncome": "582000000"}, {"fiscalDateEnding": "2012-06-30", "reportedCurrency": "USD", "grossProfit": "1484000000", "totalRevenue": "4482000000", "costOfRevenue": "2998000000", "costofGoodsAndServicesSold": "2998000000", "operatingIncome": "1057000000", "sellingGeneralAndAdministrative": "None", "researchAndDevelopment": "269000000", "operatingExpenses": "427000000", "investmentIncomeNet": "None", "netInterestIncome": "None", "interestIncome": "None", "interestExpense": "55000000", "nonInterestIncome": "None", "otherNonOperatingIncome": "None", "depreciation": "None", "depreciationAndAmortization": "217000000", "incomeBeforeTax": "1013000000", "incomeTaxExpense": "64000000", "interestAndDebtExpense": "None", "netIncomeFromContinuingOperations": "None", "comprehensiveIncomeNetOfTax": "None", "ebit": "1069000000", "ebitda": "1286000000", "netIncome": "1013000000"}, {"fiscalDateEnding": "2012-03-31", "reportedCurrency": "USD", "grossProfit": "1641000000", "totalRevenue": "4450000000", "costOfRevenue": "2809000000", "costofGoodsAndServicesSold": "2809000000", "operatingIncome": "1210000000", "sellingGeneralAndAdministrative": "1000000", "researchAndDevelopment": "270000000", "operatingExpenses": "430000000", "investmentIncomeNet": "None", "netInterestIncome": "None", "interestIncome": "None", "interestExpense": "59000000", "nonInterestIncome": "None", "otherNonOperatingIncome": "11000000", "depreciation": "None", "depreciationAndAmortization": "224000000", "incomeBeforeTax": "1159000000", "incomeTaxExpense": "13000000", "interestAndDebtExpense": "None", "netIncomeFromContinuingOperations": "1013000000", "comprehensiveIncomeNetOfTax": "None", "ebit": "1218000000", "ebitda": "1442000000", "netIncome": "1146000000"}, {"fiscalDateEnding": "2011-12-31", "reportedCurrency": "USD", "grossProfit": "1010000000", "totalRevenue": "3195000000", "costOfRevenue": "2185000000", "costofGoodsAndServicesSold": "2185000000", "operatingIncome": "605000000", "sellingGeneralAndAdministrative": "1000000", "researchAndDevelopment": "259000000", "operatingExpenses": "402000000", "investmentIncomeNet": "None", "netInterestIncome": "None", "interestIncome": "None", "interestExpense": "58000000", "nonInterestIncome": "None", "otherNonOperatingIncome": "8000000", "depreciation": "None", "depreciationAndAmortization": "191000000", "incomeBeforeTax": "558000000", "incomeTaxExpense": "-5000000", "interestAndDebtExpense": "None", "netIncomeFromContinuingOperations": "1146000000", "comprehensiveIncomeNetOfTax": "None", "ebit": "616000000", "ebitda": "807000000", "netIncome": "563000000"}, {"fiscalDateEnding": "2011-09-30", "reportedCurrency": "USD", "grossProfit": "549000000", "totalRevenue": "2811000000", "costOfRevenue": "2262000000", "costofGoodsAndServicesSold": "2262000000", "operatingIncome": "236000000", "sellingGeneralAndAdministrative": "141000000", "researchAndDevelopment": "208000000", "operatingExpenses": "313000000", "investmentIncomeNet": "None", "netInterestIncome": "None", "interestIncome": "None", "interestExpense": "69000000", "nonInterestIncome": "None", "otherNonOperatingIncome": "11000000", "depreciation": "None", "depreciationAndAmortization": "182000000", "incomeBeforeTax": "152000000", "incomeTaxExpense": "12000000", "interestAndDebtExpense": "None", "netIncomeFromContinuingOperations": "563000000", "comprehensiveIncomeNetOfTax": "None", "ebit": "221000000", "ebitda": "403000000", "netIncome": "140000000"}, {"fiscalDateEnding": "2011-06-30", "reportedCurrency": "USD", "grossProfit": "551000000", "totalRevenue": "2859000000", "costOfRevenue": "2308000000", "costofGoodsAndServicesSold": "2308000000", "operatingIncome": "190000000", "sellingGeneralAndAdministrative": "105000000", "researchAndDevelopment": "229000000", "operatingExpenses": "361000000", "investmentIncomeNet": "None", "netInterestIncome": "None", "interestIncome": "None", "interestExpense": "63000000", "nonInterestIncome": "None", "otherNonOperatingIncome": "-15000000", "depreciation": "None", "depreciationAndAmortization": "187000000", "incomeBeforeTax": "129000000", "incomeTaxExpense": "10000000", "interestAndDebtExpense": "None", "netIncomeFromContinuingOperations": "140000000", "comprehensiveIncomeNetOfTax": "None", "ebit": "192000000", "ebitda": "379000000", "netIncome": "119000000"}, {"fiscalDateEnding": "2011-03-31", "reportedCurrency": "USD", "grossProfit": "516000000", "totalRevenue": "2695000000", "costOfRevenue": "2179000000", "costofGoodsAndServicesSold": "2179000000", "operatingIncome": "179000000", "sellingGeneralAndAdministrative": "1000000", "researchAndDevelopment": "224000000", "operatingExpenses": "337000000", "investmentIncomeNet": "None", "netInterestIncome": "None", "interestIncome": "None", "interestExpense": "59000000", "nonInterestIncome": "None", "otherNonOperatingIncome": "2000000", "depreciation": "None", "depreciationAndAmortization": "188000000", "incomeBeforeTax": "122000000", "incomeTaxExpense": "29000000", "interestAndDebtExpense": "None", "netIncomeFromContinuingOperations": "93000000", "comprehensiveIncomeNetOfTax": "None", "ebit": "181000000", "ebitda": "369000000", "netIncome": "93000000"}, {"fiscalDateEnding": "2010-12-31", "reportedCurrency": "USD", "grossProfit": "529000000", "totalRevenue": "2719000000", "costOfRevenue": "2190000000", "costofGoodsAndServicesSold": "2190000000", "operatingIncome": "206000000", "sellingGeneralAndAdministrative": "110000000", "researchAndDevelopment": "213000000", "operatingExpenses": "323000000", "investmentIncomeNet": "None", "netInterestIncome": "None", "interestIncome": "None", "interestExpense": "46000000", "nonInterestIncome": "None", "otherNonOperatingIncome": "2000000", "depreciation": "None", "depreciationAndAmortization": "190000000", "incomeBeforeTax": "175000000", "incomeTaxExpense": "25000000", "interestAndDebtExpense": "None", "netIncomeFromContinuingOperations": "93000000", "comprehensiveIncomeNetOfTax": "None", "ebit": "221000000", "ebitda": "411000000", "netIncome": "150000000"}, {"fiscalDateEnding": "2010-09-30", "reportedCurrency": "USD", "grossProfit": "550000000", "totalRevenue": "2697000000", "costOfRevenue": "2147000000", "costofGoodsAndServicesSold": "2147000000", "operatingIncome": "231000000", "sellingGeneralAndAdministrative": "1000000", "researchAndDevelopment": "209000000", "operatingExpenses": "319000000", "investmentIncomeNet": "None", "netInterestIncome": "None", "interestIncome": "None", "interestExpense": "46000000", "nonInterestIncome": "None", "otherNonOperatingIncome": "15000000", "depreciation": "None", "depreciationAndAmortization": "189000000", "incomeBeforeTax": "153000000", "incomeTaxExpense": "4000000", "interestAndDebtExpense": "None", "netIncomeFromContinuingOperations": "150000000", "comprehensiveIncomeNetOfTax": "None", "ebit": "199000000", "ebitda": "388000000", "netIncome": "149000000"}, {"fiscalDateEnding": "2010-06-30", "reportedCurrency": "USD", "grossProfit": "727000000", "totalRevenue": "2657000000", "costOfRevenue": "1930000000", "costofGoodsAndServicesSold": "1930000000", "operatingIncome": "381000000", "sellingGeneralAndAdministrative": "1000000", "researchAndDevelopment": "219000000", "operatingExpenses": "346000000", "investmentIncomeNet": "None", "netInterestIncome": "None", "interestIncome": "None", "interestExpense": "47000000", "nonInterestIncome": "None", "otherNonOperatingIncome": "-32000000", "depreciation": "None", "depreciationAndAmortization": "196000000", "incomeBeforeTax": "340000000", "incomeTaxExpense": "-39000000", "interestAndDebtExpense": "None", "netIncomeFromContinuingOperations": "149000000", "comprehensiveIncomeNetOfTax": "None", "ebit": "387000000", "ebitda": "583000000", "netIncome": "379000000"}, {"fiscalDateEnding": "2010-03-31", "reportedCurrency": "USD", "grossProfit": "901000000", "totalRevenue": "3049000000", "costOfRevenue": "2148000000", "costofGoodsAndServicesSold": "2148000000", "operatingIncome": "560000000", "sellingGeneralAndAdministrative": "1000000", "researchAndDevelopment": "224000000", "operatingExpenses": "337000000", "investmentIncomeNet": "None", "netInterestIncome": "None", "interestIncome": "None", "interestExpense": "41000000", "nonInterestIncome": "None", "otherNonOperatingIncome": "None", "depreciation": "None", "depreciationAndAmortization": "188000000", "incomeBeforeTax": "522000000", "incomeTaxExpense": "4000000", "interestAndDebtExpense": "None", "netIncomeFromContinuingOperations": "0", "comprehensiveIncomeNetOfTax": "None", "ebit": "563000000", "ebitda": "751000000", "netIncome": "518000000"}, {"fiscalDateEnding": "2009-12-31", "reportedCurrency": "USD", "grossProfit": "923000000", "totalRevenue": "3027000000", "costOfRevenue": "2104000000", "costofGoodsAndServicesSold": "2104000000", "operatingIncome": "578000000", "sellingGeneralAndAdministrative": "337000000", "researchAndDevelopment": "227000000", "operatingExpenses": "345000000", "investmentIncomeNet": "None", "netInterestIncome": "None", "interestIncome": "None", "interestExpense": "41000000", "nonInterestIncome": "None", "otherNonOperatingIncome": "None", "depreciation": "None", "depreciationAndAmortization": "192000000", "incomeBeforeTax": "527000000", "incomeTaxExpense": "-6000000", "interestAndDebtExpense": "None", "netIncomeFromContinuingOperations": "0", "comprehensiveIncomeNetOfTax": "None", "ebit": "568000000", "ebitda": "760000000", "netIncome": "533000000"}, {"fiscalDateEnding": "2009-09-30", "reportedCurrency": "USD", "grossProfit": "653000000", "totalRevenue": "2663000000", "costOfRevenue": "2010000000", "costofGoodsAndServicesSold": "2010000000", "operatingIncome": "221000000", "sellingGeneralAndAdministrative": "314000000", "researchAndDevelopment": "208000000", "operatingExpenses": "432000000", "investmentIncomeNet": "None", "netInterestIncome": "None", "interestIncome": "None", "interestExpense": "45000000", "nonInterestIncome": "None", "otherNonOperatingIncome": "None", "depreciation": "None", "depreciationAndAmortization": "204000000", "incomeBeforeTax": "180000000", "incomeTaxExpense": "1000000", "interestAndDebtExpense": "None", "netIncomeFromContinuingOperations": "0", "comprehensiveIncomeNetOfTax": "None", "ebit": "225000000", "ebitda": "429000000", "netIncome": "179000000"}, {"fiscalDateEnding": "2009-06-30", "reportedCurrency": "USD", "grossProfit": "406000000", "totalRevenue": "2353000000", "costOfRevenue": "1947000000", "costofGoodsAndServicesSold": "1947000000", "operatingIncome": "-20000000", "sellingGeneralAndAdministrative": "327000000", "researchAndDevelopment": "215000000", "operatingExpenses": "426000000", "investmentIncomeNet": "None", "netInterestIncome": "None", "interestIncome": "None", "interestExpense": "39000000", "nonInterestIncome": "None", "otherNonOperatingIncome": "None", "depreciation": "None", "depreciationAndAmortization": "224000000", "incomeBeforeTax": "-54000000", "incomeTaxExpense": "27000000", "interestAndDebtExpense": "None", "netIncomeFromContinuingOperations": "0", "comprehensiveIncomeNetOfTax": "None", "ebit": "-15000000", "ebitda": "209000000", "netIncome": "-81000000"}, {"fiscalDateEnding": "2009-03-31", "reportedCurrency": "USD", "grossProfit": "157000000", "totalRevenue": "2150000000", "costOfRevenue": "1993000000", "costofGoodsAndServicesSold": "1993000000", "operatingIncome": "-262000000", "sellingGeneralAndAdministrative": "366000000", "researchAndDevelopment": "243000000", "operatingExpenses": "415000000", "investmentIncomeNet": "None", "netInterestIncome": "None", "interestIncome": "None", "interestExpense": "35000000", "nonInterestIncome": "None", "otherNonOperatingIncome": "None", "depreciation": "None", "depreciationAndAmortization": "226000000", "incomeBeforeTax": "-291000000", "incomeTaxExpense": "-16000000", "interestAndDebtExpense": "None", "netIncomeFromContinuingOperations": "0", "comprehensiveIncomeNetOfTax": "None", "ebit": "-254000000", "ebitda": "-28000000", "netIncome": "-275000000"}, {"fiscalDateEnding": "2008-12-31", "reportedCurrency": "USD", "grossProfit": "322000000", "totalRevenue": "2270000000", "costOfRevenue": "1948000000", "costofGoodsAndServicesSold": "1948000000", "operatingIncome": "-2473000000", "sellingGeneralAndAdministrative": "363000000", "researchAndDevelopment": "235000000", "operatingExpenses": "2759000000", "investmentIncomeNet": "None", "netInterestIncome": "None", "interestIncome": "None", "interestExpense": "32000000", "nonInterestIncome": "None", "otherNonOperatingIncome": "None", "depreciation": "None", "depreciationAndAmortization": "228000000", "incomeBeforeTax": "-2508000000", "incomeTaxExpense": "316000000", "interestAndDebtExpense": "None", "netIncomeFromContinuingOperations": "0", "comprehensiveIncomeNetOfTax": "None", "ebit": "-2476000000", "ebitda": "-2248000000", "netIncome": "-2824000000"}, {"fiscalDateEnding": "2008-09-30", "reportedCurrency": "USD", "grossProfit": "525000000", "totalRevenue": "3033000000", "costOfRevenue": "2508000000", "costofGoodsAndServicesSold": "2508000000", "operatingIncome": "81000000", "sellingGeneralAndAdministrative": "408000000", "researchAndDevelopment": "260000000", "operatingExpenses": "445000000", "investmentIncomeNet": "None", "netInterestIncome": "None", "interestIncome": "None", "interestExpense": "33000000", "nonInterestIncome": "None", "otherNonOperatingIncome": "None", "depreciation": "None", "depreciationAndAmortization": "253000000", "incomeBeforeTax": "41000000", "incomeTaxExpense": "-16000000", "interestAndDebtExpense": "None", "netIncomeFromContinuingOperations": "0", "comprehensiveIncomeNetOfTax": "None", "ebit": "74000000", "ebitda": "327000000", "netIncome": "57000000"}, {"fiscalDateEnding": "2008-06-30", "reportedCurrency": "USD", "grossProfit": "691000000", "totalRevenue": "2899000000", "costOfRevenue": "2208000000", "costofGoodsAndServicesSold": "2208000000", "operatingIncome": "197000000", "sellingGeneralAndAdministrative": "445000000", "researchAndDevelopment": "270000000", "operatingExpenses": "458000000", "investmentIncomeNet": "None", "netInterestIncome": "None", "interestIncome": "None", "interestExpense": "141000000", "nonInterestIncome": "None", "otherNonOperatingIncome": "None", "depreciation": "None", "depreciationAndAmortization": "213000000", "incomeBeforeTax": "182000000", "incomeTaxExpense": "22000000", "interestAndDebtExpense": "None", "netIncomeFromContinuingOperations": "0", "comprehensiveIncomeNetOfTax": "None", "ebit": "233000000", "ebitda": "446000000", "netIncome": "160000000"}, {"fiscalDateEnding": "2008-03-31", "reportedCurrency": "USD", "grossProfit": "816000000", "totalRevenue": "3104000000", "costOfRevenue": "2288000000", "costofGoodsAndServicesSold": "2288000000", "operatingIncome": "363000000", "sellingGeneralAndAdministrative": "1000000", "researchAndDevelopment": "254000000", "operatingExpenses": "453000000", "investmentIncomeNet": "None", "netInterestIncome": "None", "interestIncome": "None", "interestExpense": "30000000", "nonInterestIncome": "None", "otherNonOperatingIncome": "None", "depreciation": "None", "depreciationAndAmortization": "211000000", "incomeBeforeTax": "349000000", "incomeTaxExpense": "5000000", "interestAndDebtExpense": "None", "netIncomeFromContinuingOperations": "0", "comprehensiveIncomeNetOfTax": "None", "ebit": "379000000", "ebitda": "590000000", "netIncome": "344000000"}, {"fiscalDateEnding": "2007-12-31", "reportedCurrency": "USD", "grossProfit": "889000000", "totalRevenue": "3420000000", "costOfRevenue": "2531000000", "costofGoodsAndServicesSold": "2531000000", "operatingIncome": "420000000", "sellingGeneralAndAdministrative": "1000000", "researchAndDevelopment": "262000000", "operatingExpenses": "469000000", "investmentIncomeNet": "None", "netInterestIncome": "None", "interestIncome": "None", "interestExpense": "34000000", "nonInterestIncome": "None", "otherNonOperatingIncome": "None", "depreciation": "None", "depreciationAndAmortization": "215000000", "incomeBeforeTax": "423000000", "incomeTaxExpense": "20000000", "interestAndDebtExpense": "None", "netIncomeFromContinuingOperations": "0", "comprehensiveIncomeNetOfTax": "None", "ebit": "447000000", "ebitda": "662000000", "netIncome": "403000000"}, {"fiscalDateEnding": "2007-09-30", "reportedCurrency": "USD", "grossProfit": "809000000", "totalRevenue": "3285000000", "costOfRevenue": "2476000000", "costofGoodsAndServicesSold": "2476000000", "operatingIncome": "396000000", "sellingGeneralAndAdministrative": "395000000", "researchAndDevelopment": "242000000", "operatingExpenses": "413000000", "investmentIncomeNet": "None", "netInterestIncome": "None", "interestIncome": "None", "interestExpense": "32000000", "nonInterestIncome": "None", "otherNonOperatingIncome": "None", "depreciation": "None", "depreciationAndAmortization": "205000000", "incomeBeforeTax": "375000000", "incomeTaxExpense": "20000000", "interestAndDebtExpense": "None", "netIncomeFromContinuingOperations": "0", "comprehensiveIncomeNetOfTax": "None", "ebit": "401000000", "ebitda": "606000000", "netIncome": "355000000"}, {"fiscalDateEnding": "2007-06-30", "reportedCurrency": "USD", "grossProfit": "594000000", "totalRevenue": "2744000000", "costOfRevenue": "2150000000", "costofGoodsAndServicesSold": "2150000000", "operatingIncome": "188000000", "sellingGeneralAndAdministrative": "1000000", "researchAndDevelopment": "221000000", "operatingExpenses": "406000000", "investmentIncomeNet": "None", "netInterestIncome": "None", "interestIncome": "None", "interestExpense": "141000000", "nonInterestIncome": "None", "otherNonOperatingIncome": "None", "depreciation": "None", "depreciationAndAmortization": "201000000", "incomeBeforeTax": "172000000", "incomeTaxExpense": "-370000000", "interestAndDebtExpense": "None", "netIncomeFromContinuingOperations": "0", "comprehensiveIncomeNetOfTax": "None", "ebit": "217000000", "ebitda": "418000000", "netIncome": "542000000"}, {"fiscalDateEnding": "2007-03-31", "reportedCurrency": "USD", "grossProfit": "603000000", "totalRevenue": "2828000000", "costOfRevenue": "2225000000", "costofGoodsAndServicesSold": "2225000000", "operatingIncome": "247000000", "sellingGeneralAndAdministrative": "1000000", "researchAndDevelopment": "214000000", "operatingExpenses": "353000000", "investmentIncomeNet": "None", "netInterestIncome": "None", "interestIncome": "None", "interestExpense": "33000000", "nonInterestIncome": "None", "otherNonOperatingIncome": "None", "depreciation": "None", "depreciationAndAmortization": "236000000", "incomeBeforeTax": "230000000", "incomeTaxExpense": "18000000", "interestAndDebtExpense": "None", "netIncomeFromContinuingOperations": "0", "comprehensiveIncomeNetOfTax": "None", "ebit": "250000000", "ebitda": "486000000", "netIncome": "212000000"}, {"fiscalDateEnding": "2006-12-31", "reportedCurrency": "USD", "grossProfit": "546000000", "totalRevenue": "2996000000", "costOfRevenue": "2450000000", "costofGoodsAndServicesSold": "2450000000", "operatingIncome": "166000000", "sellingGeneralAndAdministrative": "1000000", "researchAndDevelopment": "226000000", "operatingExpenses": "379000000", "investmentIncomeNet": "None", "netInterestIncome": "None", "interestIncome": "None", "interestExpense": "55000000", "nonInterestIncome": "None", "otherNonOperatingIncome": "None", "depreciation": "None", "depreciationAndAmortization": "215000000", "incomeBeforeTax": "145000000", "incomeTaxExpense": "5000000", "interestAndDebtExpense": "None", "netIncomeFromContinuingOperations": "0", "comprehensiveIncomeNetOfTax": "None", "ebit": "167000000", "ebitda": "382000000", "netIncome": "140000000"}, {"fiscalDateEnding": "2006-09-30", "reportedCurrency": "USD", "grossProfit": "442000000", "totalRevenue": "2793000000", "costOfRevenue": "2351000000", "costofGoodsAndServicesSold": "2351000000", "operatingIncome": "12000000", "sellingGeneralAndAdministrative": "1000000", "researchAndDevelopment": "243000000", "operatingExpenses": "430000000", "investmentIncomeNet": "None", "netInterestIncome": "None", "interestIncome": "None", "interestExpense": "20000000", "nonInterestIncome": "None", "otherNonOperatingIncome": "None", "depreciation": "None", "depreciationAndAmortization": "199000000", "incomeBeforeTax": "14000000", "incomeTaxExpense": "-5000000", "interestAndDebtExpense": "None", "netIncomeFromContinuingOperations": "0", "comprehensiveIncomeNetOfTax": "None", "ebit": "8000000", "ebitda": "207000000", "netIncome": "19000000"}, {"fiscalDateEnding": "2006-06-30", "reportedCurrency": "USD", "grossProfit": "455000000", "totalRevenue": "2529000000", "costOfRevenue": "2074000000", "costofGoodsAndServicesSold": "2074000000", "operatingIncome": "72000000", "sellingGeneralAndAdministrative": "344000000", "researchAndDevelopment": "232000000", "operatingExpenses": "383000000", "investmentIncomeNet": "None", "netInterestIncome": "None", "interestIncome": "None", "interestExpense": "41000000", "nonInterestIncome": "None", "otherNonOperatingIncome": "None", "depreciation": "None", "depreciationAndAmortization": "176000000", "incomeBeforeTax": "83000000", "incomeTaxExpense": "77000000", "interestAndDebtExpense": "None", "netIncomeFromContinuingOperations": "0", "comprehensiveIncomeNetOfTax": "None", "ebit": "72000000", "ebitda": "248000000", "netIncome": "7000000"}, {"fiscalDateEnding": "2006-03-31", "reportedCurrency": "USD", "grossProfit": "556000000", "totalRevenue": "2289000000", "costOfRevenue": "1733000000", "costofGoodsAndServicesSold": "1733000000", "operatingIncome": "253000000", "sellingGeneralAndAdministrative": "303000000", "researchAndDevelopment": "195000000", "operatingExpenses": "303000000", "investmentIncomeNet": "None", "netInterestIncome": "None", "interestIncome": "None", "interestExpense": "7000000", "nonInterestIncome": "None", "otherNonOperatingIncome": "None", "depreciation": "None", "depreciationAndAmortization": "150000000", "incomeBeforeTax": "277000000", "incomeTaxExpense": "3000000", "interestAndDebtExpense": "None", "netIncomeFromContinuingOperations": "0", "comprehensiveIncomeNetOfTax": "None", "ebit": "253000000", "ebitda": "403000000", "netIncome": "274000000"}, {"fiscalDateEnding": "2005-12-31", "reportedCurrency": "USD", "grossProfit": "591000000", "totalRevenue": "2300000000", "costOfRevenue": "1709000000", "costofGoodsAndServicesSold": "1709000000", "operatingIncome": "284000000", "sellingGeneralAndAdministrative": "1000000", "researchAndDevelopment": "199000000", "operatingExpenses": "307000000", "investmentIncomeNet": "None", "netInterestIncome": "None", "interestIncome": "None", "interestExpense": "11000000", "nonInterestIncome": "None", "otherNonOperatingIncome": "None", "depreciation": "None", "depreciationAndAmortization": "149000000", "incomeBeforeTax": "291000000", "incomeTaxExpense": "4000000", "interestAndDebtExpense": "None", "netIncomeFromContinuingOperations": "0", "comprehensiveIncomeNetOfTax": "None", "ebit": "284000000", "ebitda": "433000000", "netIncome": "287000000"}]}