{"symbol": "HP", "annualReports": [{"fiscalDateEnding": "2025-09-30", "reportedCurrency": "USD", "grossProfit": "553501000", "totalRevenue": "3746013000", "costOfRevenue": "3192512000", "costofGoodsAndServicesSold": "3192512000", "operatingIncome": "232324000", "sellingGeneralAndAdministrative": "287052000", "researchAndDevelopment": "34125000", "operatingExpenses": "321177000", "investmentIncomeNet": "None", "netInterestIncome": "-72601000", "interestIncome": "35207000", "interestExpense": "107808000", "nonInterestIncome": "None", "otherNonOperatingIncome": "None", "depreciation": "None", "depreciationAndAmortization": "625085000", "incomeBeforeTax": "-74113000", "incomeTaxExpense": "85835000", "interestAndDebtExpense": "None", "netIncomeFromContinuingOperations": "-159948000", "comprehensiveIncomeNetOfTax": "None", "ebit": "33695000", "ebitda": "658780000", "netIncome": "-165094000"}, {"fiscalDateEnding": "2024-09-30", "reportedCurrency": "USD", "grossProfit": "729038000", "totalRevenue": "2756607000", "costOfRevenue": "2027569000", "costofGoodsAndServicesSold": "2027569000", "operatingIncome": "451899000", "sellingGeneralAndAdministrative": "244877000", "researchAndDevelopment": "40967000", "operatingExpenses": "277139000", "investmentIncomeNet": "None", "netInterestIncome": "12075000", "interestIncome": "41168000", "interestExpense": "29093000", "nonInterestIncome": "None", "otherNonOperatingIncome": "None", "depreciation": "None", "depreciationAndAmortization": "397344000", "incomeBeforeTax": "481020000", "incomeTaxExpense": "136855000", "interestAndDebtExpense": "None", "netIncomeFromContinuingOperations": "344165000", "comprehensiveIncomeNetOfTax": "None", "ebit": "510113000", "ebitda": "907457000", "netIncome": "344165000"}, {"fiscalDateEnding": "2023-09-30", "reportedCurrency": "USD", "grossProfit": "775009000", "totalRevenue": "2872421000", "costOfRevenue": "2097412000", "costofGoodsAndServicesSold": "2097412000", "operatingIncome": "561889000", "sellingGeneralAndAdministrative": "206657000", "researchAndDevelopment": "30046000", "operatingExpenses": "213120000", "investmentIncomeNet": "None", "netInterestIncome": "11110000", "interestIncome": "28393000", "interestExpense": "17283000", "nonInterestIncome": "None", "otherNonOperatingIncome": "None", "depreciation": "None", "depreciationAndAmortization": "382314000", "incomeBeforeTax": "593379000", "incomeTaxExpense": "159279000", "interestAndDebtExpense": "None", "netIncomeFromContinuingOperations": "434100000", "comprehensiveIncomeNetOfTax": "None", "ebit": "610662000", "ebitda": "992976000", "netIncome": "434100000"}, {"fiscalDateEnding": "2022-09-30", "reportedCurrency": "USD", "grossProfit": "229185000", "totalRevenue": "2058944000", "costOfRevenue": "1829759000", "costofGoodsAndServicesSold": "1829759000", "operatingIncome": "45292000", "sellingGeneralAndAdministrative": "182366000", "researchAndDevelopment": "26563000", "operatingExpenses": "183893000", "investmentIncomeNet": "None", "netInterestIncome": "-1113000", "interestIncome": "56824000", "interestExpense": "19203000", "nonInterestIncome": "None", "otherNonOperatingIncome": "4829000", "depreciation": "None", "depreciationAndAmortization": "403170000", "incomeBeforeTax": "31319000", "incomeTaxExpense": "24366000", "interestAndDebtExpense": "None", "netIncomeFromContinuingOperations": "6552000", "comprehensiveIncomeNetOfTax": "None", "ebit": "50522000", "ebitda": "453692000", "netIncome": "6953000"}, {"fiscalDateEnding": "2021-09-30", "reportedCurrency": "USD", "grossProfit": "-153758000", "totalRevenue": "1218568000", "costOfRevenue": "1372326000", "costofGoodsAndServicesSold": "1372326000", "operatingIncome": "-428549000", "sellingGeneralAndAdministrative": "172195000", "researchAndDevelopment": "21724000", "operatingExpenses": "274791000", "investmentIncomeNet": "None", "netInterestIncome": "-13701000", "interestIncome": "10254000", "interestExpense": "23955000", "nonInterestIncome": "None", "otherNonOperatingIncome": "11324000", "depreciation": "None", "depreciationAndAmortization": "419726000", "incomeBeforeTax": "-429871000", "incomeTaxExpense": "-103721000", "interestAndDebtExpense": "None", "netIncomeFromContinuingOperations": "-337459000", "comprehensiveIncomeNetOfTax": "None", "ebit": "-405916000", "ebitda": "13810000", "netIncome": "-326150000"}, {"fiscalDateEnding": "2020-09-30", "reportedCurrency": "USD", "grossProfit": "107254000", "totalRevenue": "1773927000", "costOfRevenue": "1666673000", "costofGoodsAndServicesSold": "1666673000", "operatingIncome": "-620187000", "sellingGeneralAndAdministrative": "167513000", "researchAndDevelopment": "21645000", "operatingExpenses": "727441000", "investmentIncomeNet": "None", "netInterestIncome": "-17170000", "interestIncome": "25890000", "interestExpense": "24474000", "nonInterestIncome": "None", "otherNonOperatingIncome": "8163000", "depreciation": "None", "depreciationAndAmortization": "481885000", "incomeBeforeTax": "-636498000", "incomeTaxExpense": "-140106000", "interestAndDebtExpense": "None", "netIncomeFromContinuingOperations": "-496392000", "comprehensiveIncomeNetOfTax": "None", "ebit": "-612024000", "ebitda": "-130139000", "netIncome": "-494497000"}, {"fiscalDateEnding": "2019-09-30", "reportedCurrency": "USD", "grossProfit": "427101000", "totalRevenue": "2798490000", "costOfRevenue": "2371389000", "costofGoodsAndServicesSold": "2371389000", "operatingIncome": "213090000", "sellingGeneralAndAdministrative": "194416000", "researchAndDevelopment": "27467000", "operatingExpenses": "221883000", "investmentIncomeNet": "None", "netInterestIncome": "-15720000", "interestIncome": "9468000", "interestExpense": "25188000", "nonInterestIncome": "None", "otherNonOperatingIncome": "-46616000", "depreciation": "None", "depreciationAndAmortization": "558103000", "incomeBeforeTax": "-51222000", "incomeTaxExpense": "-18712000", "interestAndDebtExpense": "None", "netIncomeFromContinuingOperations": "-32510000", "comprehensiveIncomeNetOfTax": "None", "ebit": "-26034000", "ebitda": "532069000", "netIncome": "-32510000"}, {"fiscalDateEnding": "2018-09-30", "reportedCurrency": "USD", "grossProfit": "250856000", "totalRevenue": "2487268000", "costOfRevenue": "2236412000", "costofGoodsAndServicesSold": "2236412000", "operatingIncome": "31602000", "sellingGeneralAndAdministrative": "200619000", "researchAndDevelopment": "18167000", "operatingExpenses": "218786000", "investmentIncomeNet": "None", "netInterestIncome": "-16248000", "interestIncome": "8017000", "interestExpense": "24265000", "nonInterestIncome": "None", "otherNonOperatingIncome": "8504000", "depreciation": "None", "depreciationAndAmortization": "583802000", "incomeBeforeTax": "15841000", "incomeTaxExpense": "-477169000", "interestAndDebtExpense": "None", "netIncomeFromContinuingOperations": "493010000", "comprehensiveIncomeNetOfTax": "None", "ebit": "40106000", "ebitda": "623908000", "netIncome": "482672000"}, {"fiscalDateEnding": "2017-09-30", "reportedCurrency": "USD", "grossProfit": "-30119000", "totalRevenue": "1804741000", "costOfRevenue": "1834860000", "costofGoodsAndServicesSold": "1834860000", "operatingIncome": "-172541000", "sellingGeneralAndAdministrative": "151002000", "researchAndDevelopment": "12047000", "operatingExpenses": "163049000", "investmentIncomeNet": "None", "netInterestIncome": "-13832000", "interestIncome": "5915000", "interestExpense": "19747000", "nonInterestIncome": "None", "otherNonOperatingIncome": "7690000", "depreciation": "None", "depreciationAndAmortization": "585543000", "incomeBeforeTax": "-184598000", "incomeTaxExpense": "-56735000", "interestAndDebtExpense": "None", "netIncomeFromContinuingOperations": "-127863000", "comprehensiveIncomeNetOfTax": "None", "ebit": "-164851000", "ebitda": "420692000", "netIncome": "-128212000"}, {"fiscalDateEnding": "2016-09-30", "reportedCurrency": "USD", "grossProfit": "126840000", "totalRevenue": "1624232000", "costOfRevenue": "1497392000", "costofGoodsAndServicesSold": "1497392000", "operatingIncome": "-25966000", "sellingGeneralAndAdministrative": "146183000", "researchAndDevelopment": "10269000", "operatingExpenses": "156452000", "investmentIncomeNet": "None", "netInterestIncome": "-19747000", "interestIncome": "3166000", "interestExpense": "22913000", "nonInterestIncome": "None", "otherNonOperatingIncome": "-23788000", "depreciation": "None", "depreciationAndAmortization": "598587000", "incomeBeforeTax": "-72667000", "incomeTaxExpense": "-19677000", "interestAndDebtExpense": "None", "netIncomeFromContinuingOperations": "-52990000", "comprehensiveIncomeNetOfTax": "None", "ebit": "-49754000", "ebitda": "548833000", "netIncome": "-56828000"}, {"fiscalDateEnding": "2015-09-30", "reportedCurrency": "USD", "grossProfit": "854286000", "totalRevenue": "3165441000", "costOfRevenue": "2311155000", "costofGoodsAndServicesSold": "2311155000", "operatingIncome": "675750000", "sellingGeneralAndAdministrative": "134906000", "researchAndDevelopment": "16104000", "operatingExpenses": "151010000", "investmentIncomeNet": "None", "netInterestIncome": "None", "interestIncome": "9183000", "interestExpense": "15036000", "nonInterestIncome": "None", "otherNonOperatingIncome": "4933000", "depreciation": "None", "depreciationAndAmortization": "606992000", "incomeBeforeTax": "665647000", "incomeTaxExpense": "243375000", "interestAndDebtExpense": "None", "netIncomeFromContinuingOperations": "422272000", "comprehensiveIncomeNetOfTax": "None", "ebit": "677949000", "ebitda": "1284941000", "netIncome": "422225000"}, {"fiscalDateEnding": "2014-09-30", "reportedCurrency": "USD", "grossProfit": "1186246000", "totalRevenue": "3719707000", "costOfRevenue": "2533461000", "costofGoodsAndServicesSold": "2533461000", "operatingIncome": "1054787000", "sellingGeneralAndAdministrative": "135139000", "researchAndDevelopment": "15905000", "operatingExpenses": "151044000", "investmentIncomeNet": "None", "netInterestIncome": "None", "interestIncome": "None", "interestExpense": "4657000", "nonInterestIncome": "None", "otherNonOperatingIncome": "46181000", "depreciation": "None", "depreciationAndAmortization": "523549000", "incomeBeforeTax": "1096314000", "incomeTaxExpense": "387548000", "interestAndDebtExpense": "None", "netIncomeFromContinuingOperations": "706610000", "comprehensiveIncomeNetOfTax": "None", "ebit": "1100968000", "ebitda": "1624517000", "netIncome": "708719000"}, {"fiscalDateEnding": "2013-09-30", "reportedCurrency": "USD", "grossProfit": "1079223000", "totalRevenue": "3387614000", "costOfRevenue": "2308391000", "costofGoodsAndServicesSold": "2308391000", "operatingIncome": "956661000", "sellingGeneralAndAdministrative": "126250000", "researchAndDevelopment": "15235000", "operatingExpenses": "141485000", "investmentIncomeNet": "None", "netInterestIncome": "None", "interestIncome": "None", "interestExpense": "6129000", "nonInterestIncome": "None", "otherNonOperatingIncome": "163765000", "depreciation": "None", "depreciationAndAmortization": "455623000", "incomeBeforeTax": "1114297000", "incomeTaxExpense": "392844000", "interestAndDebtExpense": "None", "netIncomeFromContinuingOperations": "721453000", "comprehensiveIncomeNetOfTax": "None", "ebit": "1120426000", "ebitda": "1576049000", "netIncome": "736639000"}, {"fiscalDateEnding": "2012-09-30", "reportedCurrency": "USD", "grossProfit": "1401292000", "totalRevenue": "3151802000", "costOfRevenue": "1750510000", "costofGoodsAndServicesSold": "1750510000", "operatingIncome": "890376000", "sellingGeneralAndAdministrative": "107307000", "researchAndDevelopment": "16060000", "operatingExpenses": "510916000", "investmentIncomeNet": "None", "netInterestIncome": "None", "interestIncome": "None", "interestExpense": "8653000", "nonInterestIncome": "None", "otherNonOperatingIncome": "1634000", "depreciation": "None", "depreciationAndAmortization": "387549000", "incomeBeforeTax": "902580000", "incomeTaxExpense": "328971000", "interestAndDebtExpense": "None", "netIncomeFromContinuingOperations": "573609000", "comprehensiveIncomeNetOfTax": "None", "ebit": "911233000", "ebitda": "1298782000", "netIncome": "581045000"}, {"fiscalDateEnding": "2011-09-30", "reportedCurrency": "USD", "grossProfit": "1111292000", "totalRevenue": "2543894000", "costOfRevenue": "1432602000", "costofGoodsAndServicesSold": "1432602000", "operatingIncome": "702511000", "sellingGeneralAndAdministrative": "91452000", "researchAndDevelopment": "15764000", "operatingExpenses": "408781000", "investmentIncomeNet": "None", "netInterestIncome": "None", "interestIncome": "None", "interestExpense": "17355000", "nonInterestIncome": "None", "otherNonOperatingIncome": "1911000", "depreciation": "None", "depreciationAndAmortization": "315468000", "incomeBeforeTax": "687067000", "incomeTaxExpense": "252399000", "interestAndDebtExpense": "None", "netIncomeFromContinuingOperations": "434668000", "comprehensiveIncomeNetOfTax": "None", "ebit": "704422000", "ebitda": "1019890000", "netIncome": "434186000"}, {"fiscalDateEnding": "2010-09-30", "reportedCurrency": "USD", "grossProfit": "803203000", "totalRevenue": "1875162000", "costOfRevenue": "1071959000", "costofGoodsAndServicesSold": "1071959000", "operatingIncome": "451796000", "sellingGeneralAndAdministrative": "81479000", "researchAndDevelopment": "12262000", "operatingExpenses": "351407000", "investmentIncomeNet": "None", "netInterestIncome": "None", "interestIncome": "None", "interestExpense": "17158000", "nonInterestIncome": "None", "otherNonOperatingIncome": "3598000", "depreciation": "None", "depreciationAndAmortization": "262658000", "incomeBeforeTax": "438236000", "incomeTaxExpense": "152155000", "interestAndDebtExpense": "None", "netIncomeFromContinuingOperations": "286081000", "comprehensiveIncomeNetOfTax": "None", "ebit": "455394000", "ebitda": "718052000", "netIncome": "156312000"}, {"fiscalDateEnding": "2009-09-30", "reportedCurrency": "USD", "grossProfit": "883288000", "totalRevenue": "1894846000", "costOfRevenue": "1011558000", "costofGoodsAndServicesSold": "1011558000", "operatingIncome": "583532000", "sellingGeneralAndAdministrative": "59413000", "researchAndDevelopment": "9671000", "operatingExpenses": "298948000", "investmentIncomeNet": "None", "netInterestIncome": "None", "interestIncome": "None", "interestExpense": "13490000", "nonInterestIncome": "None", "otherNonOperatingIncome": "15884000", "depreciation": "None", "depreciationAndAmortization": "236437000", "incomeBeforeTax": "575815000", "incomeTaxExpense": "232381000", "interestAndDebtExpense": "None", "netIncomeFromContinuingOperations": "343434000", "comprehensiveIncomeNetOfTax": "None", "ebit": "589305000", "ebitda": "825742000", "netIncome": "353545000"}, {"fiscalDateEnding": "2008-09-30", "reportedCurrency": "USD", "grossProfit": "949877000", "totalRevenue": "2036543000", "costOfRevenue": "1086666000", "costofGoodsAndServicesSold": "1086666000", "operatingIncome": "703945000", "sellingGeneralAndAdministrative": "57059000", "researchAndDevelopment": "1833000", "operatingExpenses": "245932000", "investmentIncomeNet": "None", "netInterestIncome": "None", "interestIncome": "None", "interestExpense": "0", "nonInterestIncome": "None", "otherNonOperatingIncome": "None", "depreciation": "None", "depreciationAndAmortization": "210766000", "incomeBeforeTax": "699929000", "incomeTaxExpense": "255557000", "interestAndDebtExpense": "None", "netIncomeFromContinuingOperations": "None", "comprehensiveIncomeNetOfTax": "None", "ebit": "703945000", "ebitda": "914711000", "netIncome": "461738000"}, {"fiscalDateEnding": "2007-09-30", "reportedCurrency": "USD", "grossProfit": "767404000", "totalRevenue": "1629658000", "costOfRevenue": "862254000", "costofGoodsAndServicesSold": "862254000", "operatingIncome": "632319000", "sellingGeneralAndAdministrative": "47401000", "researchAndDevelopment": "None", "operatingExpenses": "135085000", "investmentIncomeNet": "None", "netInterestIncome": "None", "interestIncome": "None", "interestExpense": "0", "nonInterestIncome": "None", "otherNonOperatingIncome": "None", "depreciation": "None", "depreciationAndAmortization": "146042000", "incomeBeforeTax": "690353000", "incomeTaxExpense": "250984000", "interestAndDebtExpense": "None", "netIncomeFromContinuingOperations": "None", "comprehensiveIncomeNetOfTax": "None", "ebit": "632319000", "ebitda": "778361000", "netIncome": "449261000"}, {"fiscalDateEnding": "2006-09-30", "reportedCurrency": "USD", "grossProfit": "563250000", "totalRevenue": "1224813000", "costOfRevenue": "661563000", "costofGoodsAndServicesSold": "661563000", "operatingIncome": "417286000", "sellingGeneralAndAdministrative": "51873000", "researchAndDevelopment": "None", "operatingExpenses": "145964000", "investmentIncomeNet": "None", "netInterestIncome": "None", "interestIncome": "None", "interestExpense": "0", "nonInterestIncome": "None", "otherNonOperatingIncome": "None", "depreciation": "None", "depreciationAndAmortization": "101583000", "incomeBeforeTax": "440981000", "incomeTaxExpense": "154391000", "interestAndDebtExpense": "None", "netIncomeFromContinuingOperations": "None", "comprehensiveIncomeNetOfTax": "None", "ebit": "417286000", "ebitda": "518869000", "netIncome": "293858000"}], "quarterlyReports": [{"fiscalDateEnding": "2025-12-31", "reportedCurrency": "USD", "grossProfit": "121067000", "totalRevenue": "1017026000", "costOfRevenue": "895959000", "costofGoodsAndServicesSold": "895959000", "operatingIncome": "43977000", "sellingGeneralAndAdministrative": "70444000", "researchAndDevelopment": "6646000", "operatingExpenses": "77090000", "investmentIncomeNet": "None", "netInterestIncome": "-22849000", "interestIncome": "2758000", "interestExpense": "25607000", "nonInterestIncome": "None", "otherNonOperatingIncome": "None", "depreciation": "None", "depreciationAndAmortization": "181919000", "incomeBeforeTax": "-83730000", "incomeTaxExpense": "11201000", "interestAndDebtExpense": "None", "netIncomeFromContinuingOperations": "-94931000", "comprehensiveIncomeNetOfTax": "None", "ebit": "-58123000", "ebitda": "123796000", "netIncome": "-97160000"}, {"fiscalDateEnding": "2025-09-30", "reportedCurrency": "USD", "grossProfit": "107961000", "totalRevenue": "1011748000", "costOfRevenue": "903787000", "costofGoodsAndServicesSold": "903787000", "operatingIncome": "22749000", "sellingGeneralAndAdministrative": "77645000", "researchAndDevelopment": "7567000", "operatingExpenses": "85212000", "investmentIncomeNet": "None", "netInterestIncome": "-24619000", "interestIncome": "3353000", "interestExpense": "27972000", "nonInterestIncome": "None", "otherNonOperatingIncome": "None", "depreciation": "None", "depreciationAndAmortization": "188857000", "incomeBeforeTax": "-62072000", "incomeTaxExpense": "-6265000", "interestAndDebtExpense": "None", "netIncomeFromContinuingOperations": "-55807000", "comprehensiveIncomeNetOfTax": "None", "ebit": "-34100000", "ebitda": "154757000", "netIncome": "-57363000"}, {"fiscalDateEnding": "2025-06-30", "reportedCurrency": "USD", "grossProfit": "157209000", "totalRevenue": "1040924000", "costOfRevenue": "883715000", "costofGoodsAndServicesSold": "883715000", "operatingIncome": "-128269000", "sellingGeneralAndAdministrative": "65506000", "researchAndDevelopment": "7777000", "operatingExpenses": "285478000", "investmentIncomeNet": "None", "netInterestIncome": "-26344000", "interestIncome": "2856000", "interestExpense": "29200000", "nonInterestIncome": "None", "otherNonOperatingIncome": "None", "depreciation": "None", "depreciationAndAmortization": "179491000", "incomeBeforeTax": "-132908000", "incomeTaxExpense": "28991000", "interestAndDebtExpense": "None", "netIncomeFromContinuingOperations": "-161899000", "comprehensiveIncomeNetOfTax": "None", "ebit": "-103708000", "ebitda": "75783000", "netIncome": "-162758000"}, {"fiscalDateEnding": "2025-03-31", "reportedCurrency": "USD", "grossProfit": "156725000", "totalRevenue": "1016039000", "costOfRevenue": "859314000", "costofGoodsAndServicesSold": "859314000", "operatingIncome": "42163000", "sellingGeneralAndAdministrative": "80802000", "researchAndDevelopment": "9421000", "operatingExpenses": "114562000", "investmentIncomeNet": "None", "netInterestIncome": "-21081000", "interestIncome": "7257000", "interestExpense": "28338000", "nonInterestIncome": "None", "otherNonOperatingIncome": "None", "depreciation": "None", "depreciationAndAmortization": "157657000", "incomeBeforeTax": "44448000", "incomeTaxExpense": "41462000", "interestAndDebtExpense": "None", "netIncomeFromContinuingOperations": "2986000", "comprehensiveIncomeNetOfTax": "None", "ebit": "72786000", "ebitda": "230443000", "netIncome": "1654000"}, {"fiscalDateEnding": "2024-12-31", "reportedCurrency": "USD", "grossProfit": "166365000", "totalRevenue": "677302000", "costOfRevenue": "510937000", "costofGoodsAndServicesSold": "510937000", "operatingIncome": "89983000", "sellingGeneralAndAdministrative": "63062000", "researchAndDevelopment": "9359000", "operatingExpenses": "76382000", "investmentIncomeNet": "None", "netInterestIncome": "-557000", "interestIncome": "21741000", "interestExpense": "22298000", "nonInterestIncome": "None", "otherNonOperatingIncome": "None", "depreciation": "None", "depreciationAndAmortization": "99080000", "incomeBeforeTax": "76419000", "incomeTaxExpense": "21647000", "interestAndDebtExpense": "None", "netIncomeFromContinuingOperations": "54772000", "comprehensiveIncomeNetOfTax": "None", "ebit": "98717000", "ebitda": "197797000", "netIncome": "54772000"}, {"fiscalDateEnding": "2024-09-30", "reportedCurrency": "USD", "grossProfit": "184758000", "totalRevenue": "693793000", "costOfRevenue": "509035000", "costofGoodsAndServicesSold": "509035000", "operatingIncome": "106546000", "sellingGeneralAndAdministrative": "59393000", "researchAndDevelopment": "8862000", "operatingExpenses": "78212000", "investmentIncomeNet": "None", "netInterestIncome": "-4145000", "interestIncome": "11979000", "interestExpense": "16124000", "nonInterestIncome": "None", "otherNonOperatingIncome": "None", "depreciation": "None", "depreciationAndAmortization": "100992000", "incomeBeforeTax": "116354000", "incomeTaxExpense": "40878000", "interestAndDebtExpense": "None", "netIncomeFromContinuingOperations": "75476000", "comprehensiveIncomeNetOfTax": "None", "ebit": "132478000", "ebitda": "233470000", "netIncome": "75476000"}, {"fiscalDateEnding": "2024-06-30", "reportedCurrency": "USD", "grossProfit": "183836000", "totalRevenue": "697724000", "costOfRevenue": "513888000", "costofGoodsAndServicesSold": "513888000", "operatingIncome": "106411000", "sellingGeneralAndAdministrative": "66870000", "researchAndDevelopment": "10555000", "operatingExpenses": "77425000", "investmentIncomeNet": "None", "netInterestIncome": "7552000", "interestIncome": "11888000", "interestExpense": "4336000", "nonInterestIncome": "None", "otherNonOperatingIncome": "None", "depreciation": "None", "depreciationAndAmortization": "97816000", "incomeBeforeTax": "122388000", "incomeTaxExpense": "33703000", "interestAndDebtExpense": "None", "netIncomeFromContinuingOperations": "88685000", "comprehensiveIncomeNetOfTax": "None", "ebit": "126724000", "ebitda": "224540000", "netIncome": "88685000"}, {"fiscalDateEnding": "2024-03-31", "reportedCurrency": "USD", "grossProfit": "182098000", "totalRevenue": "687943000", "costOfRevenue": "505845000", "costofGoodsAndServicesSold": "505845000", "operatingIncome": "111167000", "sellingGeneralAndAdministrative": "62037000", "researchAndDevelopment": "12908000", "operatingExpenses": "70931000", "investmentIncomeNet": "None", "netInterestIncome": "2306000", "interestIncome": "6567000", "interestExpense": "4261000", "nonInterestIncome": "None", "otherNonOperatingIncome": "None", "depreciation": "None", "depreciationAndAmortization": "104545000", "incomeBeforeTax": "117025000", "incomeTaxExpense": "32194000", "interestAndDebtExpense": "None", "netIncomeFromContinuingOperations": "84831000", "comprehensiveIncomeNetOfTax": "None", "ebit": "121286000", "ebitda": "225831000", "netIncome": "84831000"}, {"fiscalDateEnding": "2023-12-31", "reportedCurrency": "USD", "grossProfit": "179853000", "totalRevenue": "677147000", "costOfRevenue": "497294000", "costofGoodsAndServicesSold": "497294000", "operatingIncome": "123468000", "sellingGeneralAndAdministrative": "56577000", "researchAndDevelopment": "8608000", "operatingExpenses": "56385000", "investmentIncomeNet": "None", "netInterestIncome": "6362000", "interestIncome": "10734000", "interestExpense": "4372000", "nonInterestIncome": "None", "otherNonOperatingIncome": "None", "depreciation": "None", "depreciationAndAmortization": "93991000", "incomeBeforeTax": "125253000", "incomeTaxExpense": "30080000", "interestAndDebtExpense": "None", "netIncomeFromContinuingOperations": "95173000", "comprehensiveIncomeNetOfTax": "None", "ebit": "129625000", "ebitda": "223616000", "netIncome": "95173000"}, {"fiscalDateEnding": "2023-09-30", "reportedCurrency": "USD", "grossProfit": "156458000", "totalRevenue": "659606000", "costOfRevenue": "503148000", "costofGoodsAndServicesSold": "503148000", "operatingIncome": "93719000", "sellingGeneralAndAdministrative": "56076000", "researchAndDevelopment": "7326000", "operatingExpenses": "62739000", "investmentIncomeNet": "None", "netInterestIncome": "3520000", "interestIncome": "8696000", "interestExpense": "4365000", "nonInterestIncome": "None", "otherNonOperatingIncome": "None", "depreciation": "None", "depreciationAndAmortization": "94593000", "incomeBeforeTax": "113584000", "incomeTaxExpense": "35092000", "interestAndDebtExpense": "None", "netIncomeFromContinuingOperations": "78492000", "comprehensiveIncomeNetOfTax": "None", "ebit": "117949000", "ebitda": "212542000", "netIncome": "77622000"}, {"fiscalDateEnding": "2023-06-30", "reportedCurrency": "USD", "grossProfit": "199963000", "totalRevenue": "723956000", "costOfRevenue": "523993000", "costofGoodsAndServicesSold": "523993000", "operatingIncome": "148742000", "sellingGeneralAndAdministrative": "49271000", "researchAndDevelopment": "7085000", "operatingExpenses": "51221000", "investmentIncomeNet": "None", "netInterestIncome": "6424000", "interestIncome": "10748000", "interestExpense": "4324000", "nonInterestIncome": "None", "otherNonOperatingIncome": "-8475000", "depreciation": "None", "depreciationAndAmortization": "94821000", "incomeBeforeTax": "135956000", "incomeTaxExpense": "40663000", "interestAndDebtExpense": "None", "netIncomeFromContinuingOperations": "95280000", "comprehensiveIncomeNetOfTax": "None", "ebit": "140280000", "ebitda": "235101000", "netIncome": "95293000"}, {"fiscalDateEnding": "2023-03-31", "reportedCurrency": "USD", "grossProfit": "223857000", "totalRevenue": "769222000", "costOfRevenue": "545365000", "costofGoodsAndServicesSold": "545365000", "operatingIncome": "175205000", "sellingGeneralAndAdministrative": "52855000", "researchAndDevelopment": "8702000", "operatingExpenses": "48652000", "investmentIncomeNet": "None", "netInterestIncome": "816000", "interestIncome": "5055000", "interestExpense": "4239000", "nonInterestIncome": "None", "otherNonOperatingIncome": "44064000", "depreciation": "None", "depreciationAndAmortization": "96245000", "incomeBeforeTax": "215030000", "incomeTaxExpense": "51129000", "interestAndDebtExpense": "None", "netIncomeFromContinuingOperations": "163901000", "comprehensiveIncomeNetOfTax": "None", "ebit": "219408000", "ebitda": "315653000", "netIncome": "164040000"}, {"fiscalDateEnding": "2022-12-31", "reportedCurrency": "USD", "grossProfit": "193805000", "totalRevenue": "719637000", "costOfRevenue": "525832000", "costofGoodsAndServicesSold": "525832000", "operatingIncome": "138417000", "sellingGeneralAndAdministrative": "48455000", "researchAndDevelopment": "6933000", "operatingExpenses": "55388000", "investmentIncomeNet": "None", "netInterestIncome": "350000", "interestIncome": "14741000", "interestExpense": "4355000", "nonInterestIncome": "None", "otherNonOperatingIncome": "-11046000", "depreciation": "None", "depreciationAndAmortization": "96655000", "incomeBeforeTax": "129539999", "incomeTaxExpense": "32395000", "interestAndDebtExpense": "None", "netIncomeFromContinuingOperations": "96427000", "comprehensiveIncomeNetOfTax": "None", "ebit": "133895000", "ebitda": "230550000", "netIncome": "96153000"}, {"fiscalDateEnding": "2022-09-30", "reportedCurrency": "USD", "grossProfit": "121487000", "totalRevenue": "631332000", "costOfRevenue": "509845000", "costofGoodsAndServicesSold": "509845000", "operatingIncome": "67682000", "sellingGeneralAndAdministrative": "46667000", "researchAndDevelopment": "7138000", "operatingExpenses": "53805000", "investmentIncomeNet": "None", "netInterestIncome": "2462000", "interestIncome": "4715000", "interestExpense": "4327000", "nonInterestIncome": "None", "otherNonOperatingIncome": "None", "depreciation": "None", "depreciationAndAmortization": "99055000", "incomeBeforeTax": "72564000", "incomeTaxExpense": "27532000", "interestAndDebtExpense": "None", "netIncomeFromContinuingOperations": "45032000", "comprehensiveIncomeNetOfTax": "None", "ebit": "76891000", "ebitda": "175946000", "netIncome": "45169000"}, {"fiscalDateEnding": "2022-06-30", "reportedCurrency": "USD", "grossProfit": "73429000", "totalRevenue": "550233000", "costOfRevenue": "476804000", "costofGoodsAndServicesSold": "476804000", "operatingIncome": "21985000", "sellingGeneralAndAdministrative": "44933000", "researchAndDevelopment": "6511000", "operatingExpenses": "51444000", "investmentIncomeNet": "None", "netInterestIncome": "941000", "interestIncome": "5313000", "interestExpense": "4372000", "nonInterestIncome": "None", "otherNonOperatingIncome": "-10145000", "depreciation": "None", "depreciationAndAmortization": "100741000", "incomeBeforeTax": "19205000", "incomeTaxExpense": "1730000", "interestAndDebtExpense": "None", "netIncomeFromContinuingOperations": "17475000", "comprehensiveIncomeNetOfTax": "None", "ebit": "23577000", "ebitda": "124318000", "netIncome": "17384000"}, {"fiscalDateEnding": "2022-03-31", "reportedCurrency": "USD", "grossProfit": "21320000", "totalRevenue": "467597000", "costOfRevenue": "446277000", "costofGoodsAndServicesSold": "446277000", "operatingIncome": "-32118000", "sellingGeneralAndAdministrative": "47051000", "researchAndDevelopment": "6387000", "operatingExpenses": "53438000", "investmentIncomeNet": "None", "netInterestIncome": "-991000", "interestIncome": "3399000", "interestExpense": "4390000", "nonInterestIncome": "None", "otherNonOperatingIncome": "25055000", "depreciation": "None", "depreciationAndAmortization": "102937000", "incomeBeforeTax": "-1952000", "incomeTaxExpense": "2672000", "interestAndDebtExpense": "None", "netIncomeFromContinuingOperations": "-4624000", "comprehensiveIncomeNetOfTax": "None", "ebit": "2438000", "ebitda": "105375000", "netIncome": "-5372000"}, {"fiscalDateEnding": "2021-12-31", "reportedCurrency": "USD", "grossProfit": "7510999", "totalRevenue": "409782000", "costOfRevenue": "402271000", "costofGoodsAndServicesSold": "402271000", "operatingIncome": "-42731000", "sellingGeneralAndAdministrative": "43715000", "researchAndDevelopment": "6527000", "operatingExpenses": "50242000", "investmentIncomeNet": "None", "netInterestIncome": "-3525000", "interestIncome": "2589000", "interestExpense": "6114000", "nonInterestIncome": "None", "otherNonOperatingIncome": "None", "depreciation": "None", "depreciationAndAmortization": "100437000", "incomeBeforeTax": "-58899000", "incomeTaxExpense": "-7568000", "interestAndDebtExpense": "None", "netIncomeFromContinuingOperations": "-51331000", "comprehensiveIncomeNetOfTax": "None", "ebit": "-52785000", "ebitda": "47652000", "netIncome": "-51736000"}, {"fiscalDateEnding": "2021-09-30", "reportedCurrency": "USD", "grossProfit": "-17096000", "totalRevenue": "343807000", "costOfRevenue": "360903000", "costofGoodsAndServicesSold": "360903000", "operatingIncome": "-74117000", "sellingGeneralAndAdministrative": "39303000", "researchAndDevelopment": "5197000", "operatingExpenses": "57021000", "investmentIncomeNet": "None", "netInterestIncome": "-4065000", "interestIncome": "2029000", "interestExpense": "6094000", "nonInterestIncome": "None", "otherNonOperatingIncome": "-1727000", "depreciation": "None", "depreciationAndAmortization": "101955000", "incomeBeforeTax": "-104857000", "incomeTaxExpense": "-25323000", "interestAndDebtExpense": "None", "netIncomeFromContinuingOperations": "-79534000", "comprehensiveIncomeNetOfTax": "None", "ebit": "-98763000", "ebitda": "3192000", "netIncome": "-79509000"}, {"fiscalDateEnding": "2021-06-30", "reportedCurrency": "USD", "grossProfit": "-29932000", "totalRevenue": "332213000", "costOfRevenue": "362145000", "costofGoodsAndServicesSold": "362145000", "operatingIncome": "-77261000", "sellingGeneralAndAdministrative": "41719000", "researchAndDevelopment": "5610000", "operatingExpenses": "47329000", "investmentIncomeNet": "None", "netInterestIncome": "-4436000", "interestIncome": "2027000", "interestExpense": "5963000", "nonInterestIncome": "None", "otherNonOperatingIncome": "2966000", "depreciation": "None", "depreciationAndAmortization": "104493000", "incomeBeforeTax": "-80364000", "incomeTaxExpense": "-23659000", "interestAndDebtExpense": "None", "netIncomeFromContinuingOperations": "-56705000", "comprehensiveIncomeNetOfTax": "None", "ebit": "-74401000", "ebitda": "30092000", "netIncome": "-55903000"}, {"fiscalDateEnding": "2021-03-31", "reportedCurrency": "USD", "grossProfit": "-44233000", "totalRevenue": "296171000", "costOfRevenue": "340404000", "costofGoodsAndServicesSold": "340404000", "operatingIncome": "-88916000", "sellingGeneralAndAdministrative": "39349000", "researchAndDevelopment": "5334000", "operatingExpenses": "44683000", "investmentIncomeNet": "None", "netInterestIncome": "-940000", "interestIncome": "4819000", "interestExpense": "5759000", "nonInterestIncome": "None", "otherNonOperatingIncome": "6762000", "depreciation": "None", "depreciationAndAmortization": "106417000", "incomeBeforeTax": "-159920000", "incomeTaxExpense": "-36624000", "interestAndDebtExpense": "None", "netIncomeFromContinuingOperations": "-123296000", "comprehensiveIncomeNetOfTax": "None", "ebit": "-154161000", "ebitda": "-47744000", "netIncome": "-121357000"}, {"fiscalDateEnding": "2020-12-31", "reportedCurrency": "USD", "grossProfit": "-62335000", "totalRevenue": "246377000", "costOfRevenue": "308712000", "costofGoodsAndServicesSold": "308712000", "operatingIncome": "-107221000", "sellingGeneralAndAdministrative": "39303000", "researchAndDevelopment": "5583000", "operatingExpenses": "44886000", "investmentIncomeNet": "None", "netInterestIncome": "-4260000", "interestIncome": "1879000", "interestExpense": "6139000", "nonInterestIncome": "None", "otherNonOperatingIncome": "3323000", "depreciation": "None", "depreciationAndAmortization": "106861000", "incomeBeforeTax": "-96039000", "incomeTaxExpense": "-18115000", "interestAndDebtExpense": "None", "netIncomeFromContinuingOperations": "-77924000", "comprehensiveIncomeNetOfTax": "None", "ebit": "-89900000", "ebitda": "16961000", "netIncome": "-70792000"}, {"fiscalDateEnding": "2020-09-30", "reportedCurrency": "USD", "grossProfit": "-63838000", "totalRevenue": "208267000", "costOfRevenue": "272105000", "costofGoodsAndServicesSold": "272105000", "operatingIncome": "-102863000", "sellingGeneralAndAdministrative": "134894000", "researchAndDevelopment": "4915000", "operatingExpenses": "39025000", "investmentIncomeNet": "None", "netInterestIncome": "-5401000", "interestIncome": "6796000", "interestExpense": "6154000", "nonInterestIncome": "None", "otherNonOperatingIncome": "-2315000", "depreciation": "None", "depreciationAndAmortization": "109587000", "incomeBeforeTax": "-83899000", "incomeTaxExpense": "-23253000", "interestAndDebtExpense": "None", "netIncomeFromContinuingOperations": "-60646000", "comprehensiveIncomeNetOfTax": "None", "ebit": "-77745000", "ebitda": "31842000", "netIncome": "-58963000"}, {"fiscalDateEnding": "2020-06-30", "reportedCurrency": "USD", "grossProfit": "4055999", "totalRevenue": "317364000", "costOfRevenue": "313308000", "costofGoodsAndServicesSold": "313308000", "operatingIncome": "-42690000", "sellingGeneralAndAdministrative": "43108000", "researchAndDevelopment": "3638000", "operatingExpenses": "46746000", "investmentIncomeNet": "None", "netInterestIncome": "-5354000", "interestIncome": "771000", "interestExpense": "6125000", "nonInterestIncome": "None", "otherNonOperatingIncome": "124000", "depreciation": "None", "depreciationAndAmortization": "109761000", "incomeBeforeTax": "-63585000", "incomeTaxExpense": "-17578000", "interestAndDebtExpense": "None", "netIncomeFromContinuingOperations": "-46007000", "comprehensiveIncomeNetOfTax": "None", "ebit": "-57460000", "ebitda": "52301000", "netIncome": "-45930000"}, {"fiscalDateEnding": "2020-03-31", "reportedCurrency": "USD", "grossProfit": "86475000", "totalRevenue": "633639000", "costOfRevenue": "547164000", "costofGoodsAndServicesSold": "547164000", "operatingIncome": "38283000", "sellingGeneralAndAdministrative": "41978000", "researchAndDevelopment": "6214000", "operatingExpenses": "48192000", "investmentIncomeNet": "None", "netInterestIncome": "-2529000", "interestIncome": "3566000", "interestExpense": "6095000", "nonInterestIncome": "None", "otherNonOperatingIncome": "-9245000", "depreciation": "None", "depreciationAndAmortization": "131506000", "incomeBeforeTax": "-533881000", "incomeTaxExpense": "-113413000", "interestAndDebtExpense": "None", "netIncomeFromContinuingOperations": "-420468000", "comprehensiveIncomeNetOfTax": "None", "ebit": "-527786000", "ebitda": "-396280000", "netIncome": "-421543000"}, {"fiscalDateEnding": "2019-12-31", "reportedCurrency": "USD", "grossProfit": "85275000", "totalRevenue": "614657000", "costOfRevenue": "529381999", "costofGoodsAndServicesSold": "529381999", "operatingIncome": "28589000", "sellingGeneralAndAdministrative": "49808000", "researchAndDevelopment": "6878000", "operatingExpenses": "56686000", "investmentIncomeNet": "None", "netInterestIncome": "-3886000", "interestIncome": "2214000", "interestExpense": "6100000", "nonInterestIncome": "None", "otherNonOperatingIncome": "19599000", "depreciation": "None", "depreciationAndAmortization": "129631000", "incomeBeforeTax": "44867000", "incomeTaxExpense": "14138000", "interestAndDebtExpense": "None", "netIncomeFromContinuingOperations": "30729000", "comprehensiveIncomeNetOfTax": "None", "ebit": "50967000", "ebitda": "180598000", "netIncome": "29614000"}, {"fiscalDateEnding": "2019-09-30", "reportedCurrency": "USD", "grossProfit": "82313000", "totalRevenue": "649050000", "costOfRevenue": "566737000", "costofGoodsAndServicesSold": "566737000", "operatingIncome": "39021000", "sellingGeneralAndAdministrative": "49812000", "researchAndDevelopment": "6121000", "operatingExpenses": "55933000", "investmentIncomeNet": "None", "netInterestIncome": "-5436000", "interestIncome": "2607000", "interestExpense": "8043000", "nonInterestIncome": "None", "otherNonOperatingIncome": "-2198000", "depreciation": "None", "depreciationAndAmortization": "134886000", "incomeBeforeTax": "28779000", "incomeTaxExpense": "-13110000", "interestAndDebtExpense": "None", "netIncomeFromContinuingOperations": "41890000", "comprehensiveIncomeNetOfTax": "None", "ebit": "36823000", "ebitda": "171709000", "netIncome": "41176000"}, {"fiscalDateEnding": "2019-06-30", "reportedCurrency": "USD", "grossProfit": "100149000", "totalRevenue": "687974000", "costOfRevenue": "587825000", "costofGoodsAndServicesSold": "587825000", "operatingIncome": "-167874000", "sellingGeneralAndAdministrative": "46590000", "researchAndDevelopment": "7066000", "operatingExpenses": "53656000", "investmentIncomeNet": "None", "netInterestIncome": "-3908000", "interestIncome": "2349000", "interestExpense": "6257000", "nonInterestIncome": "None", "otherNonOperatingIncome": "-12521000", "depreciation": "None", "depreciationAndAmortization": "143297000", "incomeBeforeTax": "-186652000", "incomeTaxExpense": "-32031000", "interestAndDebtExpense": "None", "netIncomeFromContinuingOperations": "-154621000", "comprehensiveIncomeNetOfTax": "None", "ebit": "-180395000", "ebitda": "-37098000", "netIncome": "-154683000"}, {"fiscalDateEnding": "2019-03-31", "reportedCurrency": "USD", "grossProfit": "134368000", "totalRevenue": "720868000", "costOfRevenue": "586500000", "costofGoodsAndServicesSold": "586500000", "operatingIncome": "95146000", "sellingGeneralAndAdministrative": "43506000", "researchAndDevelopment": "7262000", "operatingExpenses": "50768000", "investmentIncomeNet": "None", "netInterestIncome": "-4106000", "interestIncome": "1772000", "interestExpense": "6167000", "nonInterestIncome": "None", "otherNonOperatingIncome": "7956000", "depreciation": "None", "depreciationAndAmortization": "143160000", "incomeBeforeTax": "96935000", "incomeTaxExpense": "25078000", "interestAndDebtExpense": "None", "netIncomeFromContinuingOperations": "71857000", "comprehensiveIncomeNetOfTax": "None", "ebit": "102003000", "ebitda": "245163000", "netIncome": "60891000"}, {"fiscalDateEnding": "2018-12-31", "reportedCurrency": "USD", "grossProfit": "110271000", "totalRevenue": "740598000", "costOfRevenue": "630327000", "costofGoodsAndServicesSold": "630327000", "operatingIncome": "54289000", "sellingGeneralAndAdministrative": "54508000", "researchAndDevelopment": "7019000", "operatingExpenses": "61527000", "investmentIncomeNet": "None", "netInterestIncome": "None", "interestIncome": "None", "interestExpense": "4720000", "nonInterestIncome": "None", "otherNonOperatingIncome": "-39853000", "depreciation": "None", "depreciationAndAmortization": "141460000", "incomeBeforeTax": "9716000", "incomeTaxExpense": "1352000", "interestAndDebtExpense": "None", "netIncomeFromContinuingOperations": "8364000", "comprehensiveIncomeNetOfTax": "None", "ebit": "14436000", "ebitda": "155896000", "netIncome": "18959000"}, {"fiscalDateEnding": "2018-09-30", "reportedCurrency": "USD", "grossProfit": "97084000", "totalRevenue": "696825000", "costOfRevenue": "599741000", "costofGoodsAndServicesSold": "599741000", "operatingIncome": "23118000", "sellingGeneralAndAdministrative": "53347000", "researchAndDevelopment": "5018000", "operatingExpenses": "58365000", "investmentIncomeNet": "None", "netInterestIncome": "None", "interestIncome": "None", "interestExpense": "6471000", "nonInterestIncome": "None", "otherNonOperatingIncome": "2387000", "depreciation": "None", "depreciationAndAmortization": "150281000", "incomeBeforeTax": "19034000", "incomeTaxExpense": "16859000", "interestAndDebtExpense": "None", "netIncomeFromContinuingOperations": "2175000", "comprehensiveIncomeNetOfTax": "None", "ebit": "25505000", "ebitda": "175786000", "netIncome": "2453000"}, {"fiscalDateEnding": "2018-06-30", "reportedCurrency": "USD", "grossProfit": "59782000", "totalRevenue": "648872000", "costOfRevenue": "589090000", "costofGoodsAndServicesSold": "589090000", "operatingIncome": "6217000", "sellingGeneralAndAdministrative": "52399000", "researchAndDevelopment": "5479000", "operatingExpenses": "57878000", "investmentIncomeNet": "None", "netInterestIncome": "None", "interestIncome": "None", "interestExpense": "5993000", "nonInterestIncome": "None", "otherNonOperatingIncome": "2137000", "depreciation": "None", "depreciationAndAmortization": "144579000", "incomeBeforeTax": "2361000", "incomeTaxExpense": "10535000", "interestAndDebtExpense": "None", "netIncomeFromContinuingOperations": "-8174000", "comprehensiveIncomeNetOfTax": "None", "ebit": "8354000", "ebitda": "152933000", "netIncome": "-8008000"}, {"fiscalDateEnding": "2018-03-31", "reportedCurrency": "USD", "grossProfit": "46253000", "totalRevenue": "577484000", "costOfRevenue": "531231000", "costofGoodsAndServicesSold": "531231000", "operatingIncome": "-1253000", "sellingGeneralAndAdministrative": "48325000", "researchAndDevelopment": "4436000", "operatingExpenses": "52761000", "investmentIncomeNet": "None", "netInterestIncome": "None", "interestIncome": "None", "interestExpense": "6028000", "nonInterestIncome": "None", "otherNonOperatingIncome": "1726000", "depreciation": "None", "depreciationAndAmortization": "145675000", "incomeBeforeTax": "-5555000", "incomeTaxExpense": "-3922000", "interestAndDebtExpense": "None", "netIncomeFromContinuingOperations": "-1633000", "comprehensiveIncomeNetOfTax": "None", "ebit": "473000", "ebitda": "146148000", "netIncome": "-11879000"}, {"fiscalDateEnding": "2017-12-31", "reportedCurrency": "USD", "grossProfit": "47737000", "totalRevenue": "564087000", "costOfRevenue": "516350000", "costofGoodsAndServicesSold": "516350000", "operatingIncome": "3520000", "sellingGeneralAndAdministrative": "46548000", "researchAndDevelopment": "3234000", "operatingExpenses": "49782000", "investmentIncomeNet": "None", "netInterestIncome": "None", "interestIncome": "None", "interestExpense": "5773000", "nonInterestIncome": "None", "otherNonOperatingIncome": "2254000", "depreciation": "None", "depreciationAndAmortization": "143267000", "incomeBeforeTax": "1000", "incomeTaxExpense": "-500641000", "interestAndDebtExpense": "None", "netIncomeFromContinuingOperations": "500642000", "comprehensiveIncomeNetOfTax": "None", "ebit": "5774000", "ebitda": "149041000", "netIncome": "500106000"}, {"fiscalDateEnding": "2017-09-30", "reportedCurrency": "USD", "grossProfit": "11082000", "totalRevenue": "532304000", "costOfRevenue": "521222000", "costofGoodsAndServicesSold": "521222000", "operatingIncome": "-29677000", "sellingGeneralAndAdministrative": "40331000", "researchAndDevelopment": "3462000", "operatingExpenses": "43793000", "investmentIncomeNet": "None", "netInterestIncome": "None", "interestIncome": "None", "interestExpense": "2244000", "nonInterestIncome": "None", "otherNonOperatingIncome": "4012000", "depreciation": "None", "depreciationAndAmortization": "153876000", "incomeBeforeTax": "-27909000", "incomeTaxExpense": "-6198000", "interestAndDebtExpense": "None", "netIncomeFromContinuingOperations": "-21711000", "comprehensiveIncomeNetOfTax": "None", "ebit": "-25665000", "ebitda": "128211000", "netIncome": "-22532000"}, {"fiscalDateEnding": "2017-06-30", "reportedCurrency": "USD", "grossProfit": "16058000", "totalRevenue": "498564000", "costOfRevenue": "482506000", "costofGoodsAndServicesSold": "482506000", "operatingIncome": "-28028000", "sellingGeneralAndAdministrative": "42890000", "researchAndDevelopment": "3058000", "operatingExpenses": "45948000", "investmentIncomeNet": "None", "netInterestIncome": "None", "interestIncome": "None", "interestExpense": "6364000", "nonInterestIncome": "None", "otherNonOperatingIncome": "789000", "depreciation": "None", "depreciationAndAmortization": "145043000", "incomeBeforeTax": "-33603000", "incomeTaxExpense": "-10478000", "interestAndDebtExpense": "None", "netIncomeFromContinuingOperations": "-23125000", "comprehensiveIncomeNetOfTax": "None", "ebit": "-27239000", "ebitda": "117804000", "netIncome": "-21799000"}, {"fiscalDateEnding": "2017-03-31", "reportedCurrency": "USD", "grossProfit": "-44323000", "totalRevenue": "405283000", "costOfRevenue": "449606000", "costofGoodsAndServicesSold": "449606000", "operatingIncome": "-65672000", "sellingGeneralAndAdministrative": "33519000", "researchAndDevelopment": "2719000", "operatingExpenses": "36238000", "investmentIncomeNet": "None", "netInterestIncome": "None", "interestIncome": "None", "interestExpense": "6084000", "nonInterestIncome": "None", "otherNonOperatingIncome": "1512000", "depreciation": "None", "depreciationAndAmortization": "152777000", "incomeBeforeTax": "-70244000", "incomeTaxExpense": "-21771000", "interestAndDebtExpense": "None", "netIncomeFromContinuingOperations": "-48473000", "comprehensiveIncomeNetOfTax": "None", "ebit": "-64160000", "ebitda": "88617000", "netIncome": "-48818000"}, {"fiscalDateEnding": "2016-12-31", "reportedCurrency": "USD", "grossProfit": "-12936000", "totalRevenue": "368590000", "costOfRevenue": "381526000", "costofGoodsAndServicesSold": "381526000", "operatingIncome": "-49164000", "sellingGeneralAndAdministrative": "34262000", "researchAndDevelopment": "2808000", "operatingExpenses": "37070000", "investmentIncomeNet": "None", "netInterestIncome": "None", "interestIncome": "None", "interestExpense": "5055000", "nonInterestIncome": "None", "otherNonOperatingIncome": "1377000", "depreciation": "None", "depreciationAndAmortization": "133847000", "incomeBeforeTax": "-52842000", "incomeTaxExpense": "-18288000", "interestAndDebtExpense": "None", "netIncomeFromContinuingOperations": "-34554000", "comprehensiveIncomeNetOfTax": "None", "ebit": "-47787000", "ebitda": "86060000", "netIncome": "-35063000"}, {"fiscalDateEnding": "2016-09-30", "reportedCurrency": "USD", "grossProfit": "-58947000", "totalRevenue": "331708000", "costOfRevenue": "390655000", "costofGoodsAndServicesSold": "390655000", "operatingIncome": "-93001000", "sellingGeneralAndAdministrative": "33802000", "researchAndDevelopment": "2328000", "operatingExpenses": "36130000", "investmentIncomeNet": "None", "netInterestIncome": "None", "interestIncome": "None", "interestExpense": "6261000", "nonInterestIncome": "None", "otherNonOperatingIncome": "-27024000", "depreciation": "None", "depreciationAndAmortization": "176251000", "incomeBeforeTax": "-126286000", "incomeTaxExpense": "-53417000", "interestAndDebtExpense": "None", "netIncomeFromContinuingOperations": "-72869000", "comprehensiveIncomeNetOfTax": "None", "ebit": "-120025000", "ebitda": "56226000", "netIncome": "-72835000"}, {"fiscalDateEnding": "2016-06-30", "reportedCurrency": "USD", "grossProfit": "41650000", "totalRevenue": "366486000", "costOfRevenue": "324836000", "costofGoodsAndServicesSold": "324836000", "operatingIncome": "-13256000", "sellingGeneralAndAdministrative": "46496000", "researchAndDevelopment": "2707000", "operatingExpenses": "49203000", "investmentIncomeNet": "None", "netInterestIncome": "None", "interestIncome": "None", "interestExpense": "6407000", "nonInterestIncome": "None", "otherNonOperatingIncome": "1312000", "depreciation": "None", "depreciationAndAmortization": "138690000", "incomeBeforeTax": "-18351000", "incomeTaxExpense": "2842000", "interestAndDebtExpense": "None", "netIncomeFromContinuingOperations": "-21193000", "comprehensiveIncomeNetOfTax": "None", "ebit": "-11944000", "ebitda": "126746000", "netIncome": "-21200000"}, {"fiscalDateEnding": "2016-03-31", "reportedCurrency": "USD", "grossProfit": "75063000", "totalRevenue": "438191000", "costOfRevenue": "363128000", "costofGoodsAndServicesSold": "363128000", "operatingIncome": "41621000", "sellingGeneralAndAdministrative": "33811000", "researchAndDevelopment": "2315000", "operatingExpenses": "36126000", "investmentIncomeNet": "None", "netInterestIncome": "None", "interestIncome": "None", "interestExpense": "5721000", "nonInterestIncome": "None", "otherNonOperatingIncome": "1452000", "depreciation": "None", "depreciationAndAmortization": "141517000", "incomeBeforeTax": "37352000", "incomeTaxExpense": "12178000", "interestAndDebtExpense": "None", "netIncomeFromContinuingOperations": "25174000", "comprehensiveIncomeNetOfTax": "None", "ebit": "43073000", "ebitda": "184590000", "netIncome": "21205000"}, {"fiscalDateEnding": "2015-12-31", "reportedCurrency": "USD", "grossProfit": "69074000", "totalRevenue": "487847000", "costOfRevenue": "418773000", "costofGoodsAndServicesSold": "418773000", "operatingIncome": "38670000", "sellingGeneralAndAdministrative": "32074000", "researchAndDevelopment": "2919000", "operatingExpenses": "34993000", "investmentIncomeNet": "None", "netInterestIncome": "None", "interestIncome": "None", "interestExpense": "4524000", "nonInterestIncome": "None", "otherNonOperatingIncome": "472000", "depreciation": "None", "depreciationAndAmortization": "142129000", "incomeBeforeTax": "34618000", "incomeTaxExpense": "18720000", "interestAndDebtExpense": "None", "netIncomeFromContinuingOperations": "15898000", "comprehensiveIncomeNetOfTax": "None", "ebit": "39142000", "ebitda": "181271000", "netIncome": "16002000"}, {"fiscalDateEnding": "2015-09-30", "reportedCurrency": "USD", "grossProfit": "61812000", "totalRevenue": "566110000", "costOfRevenue": "504298000", "costofGoodsAndServicesSold": "504298000", "operatingIncome": "-16021000", "sellingGeneralAndAdministrative": "37693000", "researchAndDevelopment": "3760000", "operatingExpenses": "41453000", "investmentIncomeNet": "None", "netInterestIncome": "None", "interestIncome": "None", "interestExpense": "5746000", "nonInterestIncome": "None", "otherNonOperatingIncome": "409000", "depreciation": "None", "depreciationAndAmortization": "175376000", "incomeBeforeTax": "-21358000", "incomeTaxExpense": "-150000", "interestAndDebtExpense": "None", "netIncomeFromContinuingOperations": "-21208000", "comprehensiveIncomeNetOfTax": "None", "ebit": "-15612000", "ebitda": "159764000", "netIncome": "-21214000"}, {"fiscalDateEnding": "2015-06-30", "reportedCurrency": "USD", "grossProfit": "163729000", "totalRevenue": "659694000", "costOfRevenue": "495965000", "costofGoodsAndServicesSold": "495965000", "operatingIncome": "132780000", "sellingGeneralAndAdministrative": "29404000", "researchAndDevelopment": "3329000", "operatingExpenses": "32733000", "investmentIncomeNet": "None", "netInterestIncome": "None", "interestIncome": "None", "interestExpense": "6258000", "nonInterestIncome": "None", "otherNonOperatingIncome": "1321000", "depreciation": "None", "depreciationAndAmortization": "144295000", "incomeBeforeTax": "127843000", "incomeTaxExpense": "36956000", "interestAndDebtExpense": "None", "netIncomeFromContinuingOperations": "90887000", "comprehensiveIncomeNetOfTax": "None", "ebit": "137026000", "ebitda": "281321000", "netIncome": "90860000"}, {"fiscalDateEnding": "2015-03-31", "reportedCurrency": "USD", "grossProfit": "264016000", "totalRevenue": "883052000", "costOfRevenue": "619036000", "costofGoodsAndServicesSold": "619036000", "operatingIncome": "227172000", "sellingGeneralAndAdministrative": "34902000", "researchAndDevelopment": "4857000", "operatingExpenses": "39759000", "investmentIncomeNet": "None", "netInterestIncome": "None", "interestIncome": "None", "interestExpense": "2471000", "nonInterestIncome": "None", "otherNonOperatingIncome": "2604000", "depreciation": "None", "depreciationAndAmortization": "149708000", "incomeBeforeTax": "227305000", "incomeTaxExpense": "77769000", "interestAndDebtExpense": "None", "netIncomeFromContinuingOperations": "149536000", "comprehensiveIncomeNetOfTax": "None", "ebit": "234485000", "ebitda": "384193000", "netIncome": "149537000"}, {"fiscalDateEnding": "2014-12-31", "reportedCurrency": "USD", "grossProfit": "364729000", "totalRevenue": "1056585000", "costOfRevenue": "691856000", "costofGoodsAndServicesSold": "691856000", "operatingIncome": "331819000", "sellingGeneralAndAdministrative": "32907000", "researchAndDevelopment": "4158000", "operatingExpenses": "37065000", "investmentIncomeNet": "None", "netInterestIncome": "None", "interestIncome": "None", "interestExpense": "561000", "nonInterestIncome": "None", "otherNonOperatingIncome": "599000", "depreciation": "None", "depreciationAndAmortization": "137613000", "incomeBeforeTax": "331857000", "incomeTaxExpense": "128800000", "interestAndDebtExpense": "None", "netIncomeFromContinuingOperations": "203057000", "comprehensiveIncomeNetOfTax": "None", "ebit": "329017000", "ebitda": "466630000", "netIncome": "203042000"}, {"fiscalDateEnding": "2014-09-30", "reportedCurrency": "USD", "grossProfit": "294209000", "totalRevenue": "985038000", "costOfRevenue": "690829000", "costofGoodsAndServicesSold": "690829000", "operatingIncome": "263502000", "sellingGeneralAndAdministrative": "34243000", "researchAndDevelopment": "4159000", "operatingExpenses": "38402000", "investmentIncomeNet": "None", "netInterestIncome": "None", "interestIncome": "None", "interestExpense": "300000", "nonInterestIncome": "None", "otherNonOperatingIncome": "-338000", "depreciation": "None", "depreciationAndAmortization": "150371000", "incomeBeforeTax": "262864000", "incomeTaxExpense": "94159000", "interestAndDebtExpense": "None", "netIncomeFromContinuingOperations": "168705000", "comprehensiveIncomeNetOfTax": "None", "ebit": "263164000", "ebitda": "413535000", "netIncome": "168688000"}, {"fiscalDateEnding": "2014-06-30", "reportedCurrency": "USD", "grossProfit": "307870000", "totalRevenue": "952087000", "costOfRevenue": "644217000", "costofGoodsAndServicesSold": "644217000", "operatingIncome": "271912000", "sellingGeneralAndAdministrative": "34222000", "researchAndDevelopment": "3864000", "operatingExpenses": "38086000", "investmentIncomeNet": "None", "netInterestIncome": "None", "interestIncome": "None", "interestExpense": "1435000", "nonInterestIncome": "None", "otherNonOperatingIncome": "24601000", "depreciation": "None", "depreciationAndAmortization": "128978000", "incomeBeforeTax": "295078000", "incomeTaxExpense": "102788000", "interestAndDebtExpense": "None", "netIncomeFromContinuingOperations": "192290000", "comprehensiveIncomeNetOfTax": "None", "ebit": "296513000", "ebitda": "425491000", "netIncome": "192279000"}, {"fiscalDateEnding": "2014-03-31", "reportedCurrency": "USD", "grossProfit": "289300000", "totalRevenue": "893430000", "costOfRevenue": "604130000", "costofGoodsAndServicesSold": "604130000", "operatingIncome": "255342000", "sellingGeneralAndAdministrative": "34431000", "researchAndDevelopment": "3625000", "operatingExpenses": "38056000", "investmentIncomeNet": "None", "netInterestIncome": "None", "interestIncome": "None", "interestExpense": "1725000", "nonInterestIncome": "None", "otherNonOperatingIncome": "21810000", "depreciation": "None", "depreciationAndAmortization": "123963000", "incomeBeforeTax": "275427000", "incomeTaxExpense": "100838000", "interestAndDebtExpense": "None", "netIncomeFromContinuingOperations": "174589000", "comprehensiveIncomeNetOfTax": "None", "ebit": "277152000", "ebitda": "401115000", "netIncome": "174570000"}, {"fiscalDateEnding": "2013-12-31", "reportedCurrency": "USD", "grossProfit": "294867000", "totalRevenue": "889152000", "costOfRevenue": "594285000", "costofGoodsAndServicesSold": "594285000", "operatingIncome": "264031000", "sellingGeneralAndAdministrative": "32243000", "researchAndDevelopment": "4257000", "operatingExpenses": "36500000", "investmentIncomeNet": "None", "netInterestIncome": "None", "interestIncome": "None", "interestExpense": "1194000", "nonInterestIncome": "None", "otherNonOperatingIncome": "108000", "depreciation": "None", "depreciationAndAmortization": "120237000", "incomeBeforeTax": "262945000", "incomeTaxExpense": "89763000", "interestAndDebtExpense": "None", "netIncomeFromContinuingOperations": "173182000", "comprehensiveIncomeNetOfTax": "None", "ebit": "258367000", "ebitda": "378604000", "netIncome": "173182000"}, {"fiscalDateEnding": "2013-09-30", "reportedCurrency": "USD", "grossProfit": "272565000", "totalRevenue": "864536000", "costOfRevenue": "591971000", "costofGoodsAndServicesSold": "591971000", "operatingIncome": "243234000", "sellingGeneralAndAdministrative": "29903000", "researchAndDevelopment": "3813000", "operatingExpenses": "33716000", "investmentIncomeNet": "None", "netInterestIncome": "None", "interestIncome": "None", "interestExpense": "1544000", "nonInterestIncome": "None", "otherNonOperatingIncome": "3757000", "depreciation": "None", "depreciationAndAmortization": "118801000", "incomeBeforeTax": "245447000", "incomeTaxExpense": "85650000", "interestAndDebtExpense": "None", "netIncomeFromContinuingOperations": "159797000", "comprehensiveIncomeNetOfTax": "None", "ebit": "246991000", "ebitda": "365792000", "netIncome": "159797000"}, {"fiscalDateEnding": "2013-06-30", "reportedCurrency": "USD", "grossProfit": "271417000", "totalRevenue": "840197000", "costOfRevenue": "568780000", "costofGoodsAndServicesSold": "568780000", "operatingIncome": "239960000", "sellingGeneralAndAdministrative": "31090000", "researchAndDevelopment": "4373000", "operatingExpenses": "35463000", "investmentIncomeNet": "None", "netInterestIncome": "None", "interestIncome": "None", "interestExpense": "2091000", "nonInterestIncome": "None", "otherNonOperatingIncome": "152496000", "depreciation": "None", "depreciationAndAmortization": "117790000", "incomeBeforeTax": "390365000", "incomeTaxExpense": "139387000", "interestAndDebtExpense": "None", "netIncomeFromContinuingOperations": "250978000", "comprehensiveIncomeNetOfTax": "None", "ebit": "392456000", "ebitda": "510246000", "netIncome": "266159000"}, {"fiscalDateEnding": "2013-03-31", "reportedCurrency": "USD", "grossProfit": "264139000", "totalRevenue": "838309000", "costOfRevenue": "574170000", "costofGoodsAndServicesSold": "574170000", "operatingIncome": "232920000", "sellingGeneralAndAdministrative": "32836000", "researchAndDevelopment": "3696000", "operatingExpenses": "36532000", "investmentIncomeNet": "None", "netInterestIncome": "None", "interestIncome": "None", "interestExpense": "1186000", "nonInterestIncome": "None", "otherNonOperatingIncome": "418000", "depreciation": "None", "depreciationAndAmortization": "112433000", "incomeBeforeTax": "232152000", "incomeTaxExpense": "81085000", "interestAndDebtExpense": "None", "netIncomeFromContinuingOperations": "151067000", "comprehensiveIncomeNetOfTax": "None", "ebit": "233338000", "ebitda": "345771000", "netIncome": "151080000"}, {"fiscalDateEnding": "2012-12-31", "reportedCurrency": "USD", "grossProfit": "271102000", "totalRevenue": "844572000", "costOfRevenue": "573470000", "costofGoodsAndServicesSold": "573470000", "operatingIncome": "240547000", "sellingGeneralAndAdministrative": "32421000", "researchAndDevelopment": "3353000", "operatingExpenses": "35774000", "investmentIncomeNet": "None", "netInterestIncome": "None", "interestIncome": "None", "interestExpense": "1308000", "nonInterestIncome": "None", "otherNonOperatingIncome": "7094000", "depreciation": "None", "depreciationAndAmortization": "106599000", "incomeBeforeTax": "246333000", "incomeTaxExpense": "86722000", "interestAndDebtExpense": "None", "netIncomeFromContinuingOperations": "159611000", "comprehensiveIncomeNetOfTax": "None", "ebit": "233670000", "ebitda": "340269000", "netIncome": "159603000"}, {"fiscalDateEnding": "2012-09-30", "reportedCurrency": "USD", "grossProfit": "382112000", "totalRevenue": "829447000", "costOfRevenue": "447335000", "costofGoodsAndServicesSold": "447335000", "operatingIncome": "234522000", "sellingGeneralAndAdministrative": "27763000", "researchAndDevelopment": "4682000", "operatingExpenses": "147590000", "investmentIncomeNet": "None", "netInterestIncome": "None", "interestIncome": "None", "interestExpense": "1360000", "nonInterestIncome": "None", "otherNonOperatingIncome": "325000", "depreciation": "None", "depreciationAndAmortization": "115145000", "incomeBeforeTax": "238345000", "incomeTaxExpense": "88739000", "interestAndDebtExpense": "None", "netIncomeFromContinuingOperations": "149606000", "comprehensiveIncomeNetOfTax": "None", "ebit": "239705000", "ebitda": "354850000", "netIncome": "157115000"}, {"fiscalDateEnding": "2012-06-30", "reportedCurrency": "USD", "grossProfit": "355850000", "totalRevenue": "819785000", "costOfRevenue": "463935000", "costofGoodsAndServicesSold": "463935000", "operatingIncome": "228711000", "sellingGeneralAndAdministrative": "25576000", "researchAndDevelopment": "4299000", "operatingExpenses": "125057000", "investmentIncomeNet": "None", "netInterestIncome": "None", "interestIncome": "None", "interestExpense": "2411000", "nonInterestIncome": "None", "otherNonOperatingIncome": "638000", "depreciation": "None", "depreciationAndAmortization": "95182000", "incomeBeforeTax": "230882000", "incomeTaxExpense": "80939000", "interestAndDebtExpense": "None", "netIncomeFromContinuingOperations": "149943000", "comprehensiveIncomeNetOfTax": "None", "ebit": "233293000", "ebitda": "328475000", "netIncome": "149925000"}, {"fiscalDateEnding": "2012-03-31", "reportedCurrency": "USD", "grossProfit": "321774000", "totalRevenue": "769982000", "costOfRevenue": "448208000", "costofGoodsAndServicesSold": "448208000", "operatingIncome": "199205000", "sellingGeneralAndAdministrative": "27805000", "researchAndDevelopment": "3830000", "operatingExpenses": "122569000", "investmentIncomeNet": "None", "netInterestIncome": "None", "interestIncome": "None", "interestExpense": "2421000", "nonInterestIncome": "None", "otherNonOperatingIncome": "314000", "depreciation": "None", "depreciationAndAmortization": "90934000", "incomeBeforeTax": "204918000", "incomeTaxExpense": "75155000", "interestAndDebtExpense": "None", "netIncomeFromContinuingOperations": "129763000", "comprehensiveIncomeNetOfTax": "None", "ebit": "207339000", "ebitda": "298273000", "netIncome": "129719000"}, {"fiscalDateEnding": "2011-12-31", "reportedCurrency": "USD", "grossProfit": "341556000", "totalRevenue": "732588000", "costOfRevenue": "391032000", "costofGoodsAndServicesSold": "391032000", "operatingIncome": "225856000", "sellingGeneralAndAdministrative": "26163000", "researchAndDevelopment": "3249000", "operatingExpenses": "115700000", "investmentIncomeNet": "None", "netInterestIncome": "None", "interestIncome": "None", "interestExpense": "2461000", "nonInterestIncome": "None", "otherNonOperatingIncome": "357000", "depreciation": "None", "depreciationAndAmortization": "86288000", "incomeBeforeTax": "228435000", "incomeTaxExpense": "84138000", "interestAndDebtExpense": "None", "netIncomeFromContinuingOperations": "144297000", "comprehensiveIncomeNetOfTax": "None", "ebit": "230896000", "ebitda": "317184000", "netIncome": "144286000"}, {"fiscalDateEnding": "2011-09-30", "reportedCurrency": "USD", "grossProfit": "303820000", "totalRevenue": "700751000", "costOfRevenue": "396931000", "costofGoodsAndServicesSold": "396931000", "operatingIncome": "193102000", "sellingGeneralAndAdministrative": "23086000", "researchAndDevelopment": "4255000", "operatingExpenses": "110718000", "investmentIncomeNet": "None", "netInterestIncome": "None", "interestIncome": "None", "interestExpense": "4170000", "nonInterestIncome": "None", "otherNonOperatingIncome": "-783000", "depreciation": "None", "depreciationAndAmortization": "87018000", "incomeBeforeTax": "188149000", "incomeTaxExpense": "66635000", "interestAndDebtExpense": "None", "netIncomeFromContinuingOperations": "121514000", "comprehensiveIncomeNetOfTax": "None", "ebit": "192319000", "ebitda": "279337000", "netIncome": "121420000"}, {"fiscalDateEnding": "2011-06-30", "reportedCurrency": "USD", "grossProfit": "278509000", "totalRevenue": "644095000", "costOfRevenue": "365586000", "costofGoodsAndServicesSold": "365586000", "operatingIncome": "172100000", "sellingGeneralAndAdministrative": "24071000", "researchAndDevelopment": "4399000", "operatingExpenses": "104091000", "investmentIncomeNet": "None", "netInterestIncome": "None", "interestIncome": "None", "interestExpense": "3221000", "nonInterestIncome": "None", "otherNonOperatingIncome": "1626000", "depreciation": "None", "depreciationAndAmortization": "79109000", "incomeBeforeTax": "172823000", "incomeTaxExpense": "62995000", "interestAndDebtExpense": "None", "netIncomeFromContinuingOperations": "109828000", "comprehensiveIncomeNetOfTax": "None", "ebit": "176044000", "ebitda": "255153000", "netIncome": "109826000"}, {"fiscalDateEnding": "2011-03-31", "reportedCurrency": "USD", "grossProfit": "264367000", "totalRevenue": "604406000", "costOfRevenue": "340039000", "costofGoodsAndServicesSold": "340039000", "operatingIncome": "164265000", "sellingGeneralAndAdministrative": "24406000", "researchAndDevelopment": "3640000", "operatingExpenses": "100102000", "investmentIncomeNet": "None", "netInterestIncome": "None", "interestIncome": "None", "interestExpense": "5513000", "nonInterestIncome": "None", "otherNonOperatingIncome": "588000", "depreciation": "None", "depreciationAndAmortization": "76161000", "incomeBeforeTax": "159340000", "incomeTaxExpense": "60379000", "interestAndDebtExpense": "None", "netIncomeFromContinuingOperations": "98961000", "comprehensiveIncomeNetOfTax": "None", "ebit": "164853000", "ebitda": "241014000", "netIncome": "98790000"}, {"fiscalDateEnding": "2010-12-31", "reportedCurrency": "USD", "grossProfit": "264596000", "totalRevenue": "594642000", "costOfRevenue": "330046000", "costofGoodsAndServicesSold": "330046000", "operatingIncome": "170726000", "sellingGeneralAndAdministrative": "19889000", "researchAndDevelopment": "3470000", "operatingExpenses": "93870000", "investmentIncomeNet": "None", "netInterestIncome": "None", "interestIncome": "None", "interestExpense": "4451000", "nonInterestIncome": "None", "otherNonOperatingIncome": "480000", "depreciation": "None", "depreciationAndAmortization": "73180000", "incomeBeforeTax": "166755000", "incomeTaxExpense": "62390000", "interestAndDebtExpense": "None", "netIncomeFromContinuingOperations": "104365000", "comprehensiveIncomeNetOfTax": "None", "ebit": "171206000", "ebitda": "244386000", "netIncome": "104150000"}, {"fiscalDateEnding": "2010-09-30", "reportedCurrency": "USD", "grossProfit": "229759000", "totalRevenue": "558957000", "costOfRevenue": "329198000", "costofGoodsAndServicesSold": "329198000", "operatingIncome": "133232000", "sellingGeneralAndAdministrative": "20183000", "researchAndDevelopment": "3851000", "operatingExpenses": "96527000", "investmentIncomeNet": "None", "netInterestIncome": "None", "interestIncome": "None", "interestExpense": "4465000", "nonInterestIncome": "None", "otherNonOperatingIncome": "2092000", "depreciation": "None", "depreciationAndAmortization": "73240000", "incomeBeforeTax": "130576000", "incomeTaxExpense": "47285000", "interestAndDebtExpense": "None", "netIncomeFromContinuingOperations": "111216000", "comprehensiveIncomeNetOfTax": "None", "ebit": "135041000", "ebitda": "208281000", "netIncome": "83045000"}, {"fiscalDateEnding": "2010-06-30", "reportedCurrency": "USD", "grossProfit": "197801000", "totalRevenue": "483384000", "costOfRevenue": "285583000", "costofGoodsAndServicesSold": "285583000", "operatingIncome": "111474000", "sellingGeneralAndAdministrative": "20114000", "researchAndDevelopment": "3254000", "operatingExpenses": "86327000", "investmentIncomeNet": "None", "netInterestIncome": "None", "interestIncome": "None", "interestExpense": "3961000", "nonInterestIncome": "None", "otherNonOperatingIncome": "1155000", "depreciation": "None", "depreciationAndAmortization": "60820000", "incomeBeforeTax": "108668000", "incomeTaxExpense": "43785000", "interestAndDebtExpense": "None", "netIncomeFromContinuingOperations": "64883000", "comprehensiveIncomeNetOfTax": "None", "ebit": "117017000", "ebitda": "177837000", "netIncome": "-36715000"}, {"fiscalDateEnding": "2010-03-31", "reportedCurrency": "USD", "grossProfit": "168216000", "totalRevenue": "439725000", "costOfRevenue": "271509000", "costofGoodsAndServicesSold": "271509000", "operatingIncome": "79544000", "sellingGeneralAndAdministrative": "20844000", "researchAndDevelopment": "3342000", "operatingExpenses": "88672000", "investmentIncomeNet": "None", "netInterestIncome": "None", "interestIncome": "None", "interestExpense": "4207000", "nonInterestIncome": "None", "otherNonOperatingIncome": "-103000", "depreciation": "None", "depreciationAndAmortization": "65795000", "incomeBeforeTax": "75234000", "incomeTaxExpense": "28487000", "interestAndDebtExpense": "None", "netIncomeFromContinuingOperations": "46747000", "comprehensiveIncomeNetOfTax": "None", "ebit": "79873000", "ebitda": "145668000", "netIncome": "46747000"}, {"fiscalDateEnding": "2009-12-31", "reportedCurrency": "USD", "grossProfit": "187150000", "totalRevenue": "399843000", "costOfRevenue": "212693000", "costofGoodsAndServicesSold": "212693000", "operatingIncome": "102386000", "sellingGeneralAndAdministrative": "20844000", "researchAndDevelopment": "1815000", "operatingExpenses": "84764000", "investmentIncomeNet": "None", "netInterestIncome": "None", "interestIncome": "None", "interestExpense": "4694000", "nonInterestIncome": "None", "otherNonOperatingIncome": "454000", "depreciation": "None", "depreciationAndAmortization": "62803000", "incomeBeforeTax": "98146000", "incomeTaxExpense": "34911000", "interestAndDebtExpense": "None", "netIncomeFromContinuingOperations": "63235000", "comprehensiveIncomeNetOfTax": "None", "ebit": "103622000", "ebitda": "166425000", "netIncome": "63235000"}, {"fiscalDateEnding": "2009-09-30", "reportedCurrency": "USD", "grossProfit": "164606000", "totalRevenue": "361603000", "costOfRevenue": "196997000", "costofGoodsAndServicesSold": "196997000", "operatingIncome": "85728000", "sellingGeneralAndAdministrative": "13606000", "researchAndDevelopment": "3041000", "operatingExpenses": "78878000", "investmentIncomeNet": "None", "netInterestIncome": "None", "interestIncome": "None", "interestExpense": "4443000", "nonInterestIncome": "None", "otherNonOperatingIncome": "None", "depreciation": "None", "depreciationAndAmortization": "63509000", "incomeBeforeTax": "82580000", "incomeTaxExpense": "31092000", "interestAndDebtExpense": "None", "netIncomeFromContinuingOperations": "0", "comprehensiveIncomeNetOfTax": "None", "ebit": "87023000", "ebitda": "150532000", "netIncome": "51488000"}, {"fiscalDateEnding": "2009-06-30", "reportedCurrency": "USD", "grossProfit": "167428000", "totalRevenue": "387767000", "costOfRevenue": "220339000", "costofGoodsAndServicesSold": "220339000", "operatingIncome": "91946000", "sellingGeneralAndAdministrative": "14225000", "researchAndDevelopment": "2777000", "operatingExpenses": "75996000", "investmentIncomeNet": "None", "netInterestIncome": "None", "interestIncome": "None", "interestExpense": "2793000", "nonInterestIncome": "None", "otherNonOperatingIncome": "1056000", "depreciation": "None", "depreciationAndAmortization": "61043000", "incomeBeforeTax": "89695000", "incomeTaxExpense": "36651000", "interestAndDebtExpense": "None", "netIncomeFromContinuingOperations": "53044000", "comprehensiveIncomeNetOfTax": "None", "ebit": "91974000", "ebitda": "153017000", "netIncome": "53044000"}, {"fiscalDateEnding": "2009-03-31", "reportedCurrency": "USD", "grossProfit": "257006000", "totalRevenue": "520300000", "costOfRevenue": "263294000", "costofGoodsAndServicesSold": "263294000", "operatingIncome": "183338000", "sellingGeneralAndAdministrative": "16434000", "researchAndDevelopment": "2176000", "operatingExpenses": "73668000", "investmentIncomeNet": "None", "netInterestIncome": "None", "interestIncome": "None", "interestExpense": "2554000", "nonInterestIncome": "None", "otherNonOperatingIncome": "None", "depreciation": "None", "depreciationAndAmortization": "57113000", "incomeBeforeTax": "182906000", "incomeTaxExpense": "83390000", "interestAndDebtExpense": "None", "netIncomeFromContinuingOperations": "0", "comprehensiveIncomeNetOfTax": "None", "ebit": "185460000", "ebitda": "242573000", "netIncome": "103738000"}, {"fiscalDateEnding": "2008-12-31", "reportedCurrency": "USD", "grossProfit": "292826000", "totalRevenue": "623754000", "costOfRevenue": "330928000", "costofGoodsAndServicesSold": "330928000", "operatingIncome": "222420000", "sellingGeneralAndAdministrative": "15148000", "researchAndDevelopment": "1677000", "operatingExpenses": "70406000", "investmentIncomeNet": "None", "netInterestIncome": "None", "interestIncome": "None", "interestExpense": "3700000", "nonInterestIncome": "None", "otherNonOperatingIncome": "None", "depreciation": "None", "depreciationAndAmortization": "54772000", "incomeBeforeTax": "220634000", "incomeTaxExpense": "81248000", "interestAndDebtExpense": "None", "netIncomeFromContinuingOperations": "0", "comprehensiveIncomeNetOfTax": "None", "ebit": "224334000", "ebitda": "279106000", "netIncome": "145275000"}, {"fiscalDateEnding": "2008-09-30", "reportedCurrency": "USD", "grossProfit": "260974000", "totalRevenue": "583719000", "costOfRevenue": "322745000", "costofGoodsAndServicesSold": "322745000", "operatingIncome": "190706000", "sellingGeneralAndAdministrative": "14343000", "researchAndDevelopment": "1311000", "operatingExpenses": "70268000", "investmentIncomeNet": "None", "netInterestIncome": "None", "interestIncome": "None", "interestExpense": "5434000", "nonInterestIncome": "None", "otherNonOperatingIncome": "None", "depreciation": "None", "depreciationAndAmortization": "63700000", "incomeBeforeTax": "187081000", "incomeTaxExpense": "66440000", "interestAndDebtExpense": "None", "netIncomeFromContinuingOperations": "0", "comprehensiveIncomeNetOfTax": "None", "ebit": "190706000", "ebitda": "254406000", "netIncome": "126485000"}, {"fiscalDateEnding": "2008-06-30", "reportedCurrency": "USD", "grossProfit": "248349000", "totalRevenue": "522517000", "costOfRevenue": "274168000", "costofGoodsAndServicesSold": "274168000", "operatingIncome": "188936000", "sellingGeneralAndAdministrative": "14723000", "researchAndDevelopment": "522000", "operatingExpenses": "59413000", "investmentIncomeNet": "None", "netInterestIncome": "None", "interestIncome": "None", "interestExpense": "5351000", "nonInterestIncome": "None", "otherNonOperatingIncome": "None", "depreciation": "None", "depreciationAndAmortization": "51210000", "incomeBeforeTax": "190644000", "incomeTaxExpense": "70187000", "interestAndDebtExpense": "None", "netIncomeFromContinuingOperations": "0", "comprehensiveIncomeNetOfTax": "None", "ebit": "188936000", "ebitda": "240146000", "netIncome": "125369000"}, {"fiscalDateEnding": "2008-03-31", "reportedCurrency": "USD", "grossProfit": "219686000", "totalRevenue": "473644000", "costOfRevenue": "253958000", "costofGoodsAndServicesSold": "253958000", "operatingIncome": "155670000", "sellingGeneralAndAdministrative": "14090000", "researchAndDevelopment": "0", "operatingExpenses": "64016000", "investmentIncomeNet": "None", "netInterestIncome": "None", "interestIncome": "None", "interestExpense": "4773000", "nonInterestIncome": "None", "otherNonOperatingIncome": "None", "depreciation": "None", "depreciationAndAmortization": "51872000", "incomeBeforeTax": "157773000", "incomeTaxExpense": "58784000", "interestAndDebtExpense": "None", "netIncomeFromContinuingOperations": "0", "comprehensiveIncomeNetOfTax": "None", "ebit": "103798000", "ebitda": "155670000", "netIncome": "102054000"}, {"fiscalDateEnding": "2007-12-31", "reportedCurrency": "USD", "grossProfit": "220868000", "totalRevenue": "456663000", "costOfRevenue": "235795000", "costofGoodsAndServicesSold": "235795000", "operatingIncome": "168633000", "sellingGeneralAndAdministrative": "13903000", "researchAndDevelopment": "0", "operatingExpenses": "52235000", "investmentIncomeNet": "None", "netInterestIncome": "None", "interestIncome": "None", "interestExpense": "4831000", "nonInterestIncome": "None", "otherNonOperatingIncome": "None", "depreciation": "None", "depreciationAndAmortization": "43984000", "incomeBeforeTax": "164431000", "incomeTaxExpense": "60146000", "interestAndDebtExpense": "None", "netIncomeFromContinuingOperations": "0", "comprehensiveIncomeNetOfTax": "None", "ebit": "124649000", "ebitda": "168633000", "netIncome": "107830000"}, {"fiscalDateEnding": "2007-09-30", "reportedCurrency": "USD", "grossProfit": "215143000", "totalRevenue": "449449000", "costOfRevenue": "234306000", "costofGoodsAndServicesSold": "234306000", "operatingIncome": "166709000", "sellingGeneralAndAdministrative": "11900000", "researchAndDevelopment": "0", "operatingExpenses": "48434000", "investmentIncomeNet": "None", "netInterestIncome": "None", "interestIncome": "None", "interestExpense": "6234000", "nonInterestIncome": "None", "otherNonOperatingIncome": "None", "depreciation": "None", "depreciationAndAmortization": "44814000", "incomeBeforeTax": "175533000", "incomeTaxExpense": "62588000", "interestAndDebtExpense": "None", "netIncomeFromContinuingOperations": "0", "comprehensiveIncomeNetOfTax": "None", "ebit": "166709000", "ebitda": "211523000", "netIncome": "116410000"}, {"fiscalDateEnding": "2007-06-30", "reportedCurrency": "USD", "grossProfit": "192249000", "totalRevenue": "421274000", "costOfRevenue": "229025000", "costofGoodsAndServicesSold": "229025000", "operatingIncome": "154672000", "sellingGeneralAndAdministrative": "11538000", "researchAndDevelopment": "0", "operatingExpenses": "37577000", "investmentIncomeNet": "None", "netInterestIncome": "None", "interestIncome": "None", "interestExpense": "5360000", "nonInterestIncome": "None", "otherNonOperatingIncome": "None", "depreciation": "None", "depreciationAndAmortization": "38125000", "incomeBeforeTax": "177792000", "incomeTaxExpense": "64960000", "interestAndDebtExpense": "None", "netIncomeFromContinuingOperations": "0", "comprehensiveIncomeNetOfTax": "None", "ebit": "116547000", "ebitda": "154672000", "netIncome": "115204000"}, {"fiscalDateEnding": "2007-03-31", "reportedCurrency": "USD", "grossProfit": "173080000", "totalRevenue": "372536000", "costOfRevenue": "199456000", "costofGoodsAndServicesSold": "199456000", "operatingIncome": "164284000", "sellingGeneralAndAdministrative": "13350000", "researchAndDevelopment": "0", "operatingExpenses": "8796000", "investmentIncomeNet": "None", "netInterestIncome": "None", "interestIncome": "None", "interestExpense": "1913000", "nonInterestIncome": "None", "otherNonOperatingIncome": "None", "depreciation": "None", "depreciationAndAmortization": "32952000", "incomeBeforeTax": "163648000", "incomeTaxExpense": "59338000", "interestAndDebtExpense": "None", "netIncomeFromContinuingOperations": "0", "comprehensiveIncomeNetOfTax": "None", "ebit": "131332000", "ebitda": "164284000", "netIncome": "106861000"}, {"fiscalDateEnding": "2006-12-31", "reportedCurrency": "USD", "grossProfit": "186932000", "totalRevenue": "386399000", "costOfRevenue": "199467000", "costofGoodsAndServicesSold": "199467000", "operatingIncome": "146654000", "sellingGeneralAndAdministrative": "10613000", "researchAndDevelopment": "0", "operatingExpenses": "40278000", "investmentIncomeNet": "None", "netInterestIncome": "None", "interestIncome": "None", "interestExpense": "919000", "nonInterestIncome": "None", "otherNonOperatingIncome": "None", "depreciation": "None", "depreciationAndAmortization": "30151000", "incomeBeforeTax": "173380000", "incomeTaxExpense": "64098000", "interestAndDebtExpense": "None", "netIncomeFromContinuingOperations": "0", "comprehensiveIncomeNetOfTax": "None", "ebit": "116503000", "ebitda": "146654000", "netIncome": "110786000"}, {"fiscalDateEnding": "2006-09-30", "reportedCurrency": "USD", "grossProfit": "164061000", "totalRevenue": "358799000", "costOfRevenue": "194738000", "costofGoodsAndServicesSold": "194738000", "operatingIncome": "121994000", "sellingGeneralAndAdministrative": "12929000", "researchAndDevelopment": "0", "operatingExpenses": "42067000", "investmentIncomeNet": "None", "netInterestIncome": "None", "interestIncome": "None", "interestExpense": "3237000", "nonInterestIncome": "None", "otherNonOperatingIncome": "None", "depreciation": "None", "depreciationAndAmortization": "30199000", "incomeBeforeTax": "131168000", "incomeTaxExpense": "35713000", "interestAndDebtExpense": "None", "netIncomeFromContinuingOperations": "0", "comprehensiveIncomeNetOfTax": "None", "ebit": "121994000", "ebitda": "152193000", "netIncome": "98496000"}, {"fiscalDateEnding": "2006-06-30", "reportedCurrency": "USD", "grossProfit": "150367000", "totalRevenue": "319796000", "costOfRevenue": "169429000", "costofGoodsAndServicesSold": "169429000", "operatingIncome": "114137000", "sellingGeneralAndAdministrative": "13049000", "researchAndDevelopment": "0", "operatingExpenses": "36230000", "investmentIncomeNet": "None", "netInterestIncome": "None", "interestIncome": "None", "interestExpense": "3081000", "nonInterestIncome": "None", "otherNonOperatingIncome": "None", "depreciation": "None", "depreciationAndAmortization": "25076000", "incomeBeforeTax": "125964000", "incomeTaxExpense": "47636000", "interestAndDebtExpense": "None", "netIncomeFromContinuingOperations": "0", "comprehensiveIncomeNetOfTax": "None", "ebit": "89061000", "ebitda": "114137000", "netIncome": "79975000"}, {"fiscalDateEnding": "2006-03-31", "reportedCurrency": "USD", "grossProfit": "134030000", "totalRevenue": "290830000", "costOfRevenue": "156800000", "costofGoodsAndServicesSold": "156800000", "operatingIncome": "100251000", "sellingGeneralAndAdministrative": "13957000", "researchAndDevelopment": "0", "operatingExpenses": "33779000", "investmentIncomeNet": "None", "netInterestIncome": "None", "interestIncome": "None", "interestExpense": "1946000", "nonInterestIncome": "None", "otherNonOperatingIncome": "None", "depreciation": "None", "depreciationAndAmortization": "23385000", "incomeBeforeTax": "100788000", "incomeTaxExpense": "38240000", "interestAndDebtExpense": "None", "netIncomeFromContinuingOperations": "0", "comprehensiveIncomeNetOfTax": "None", "ebit": "76866000", "ebitda": "100251000", "netIncome": "64573000"}, {"fiscalDateEnding": "2005-12-31", "reportedCurrency": "USD", "grossProfit": "114792000", "totalRevenue": "255388000", "costOfRevenue": "140596000", "costofGoodsAndServicesSold": "140596000", "operatingIncome": "79931000", "sellingGeneralAndAdministrative": "11938000", "researchAndDevelopment": "0", "operatingExpenses": "34861000", "investmentIncomeNet": "None", "netInterestIncome": "None", "interestIncome": "None", "interestExpense": "2580000", "nonInterestIncome": "None", "otherNonOperatingIncome": "None", "depreciation": "None", "depreciationAndAmortization": "22923000", "incomeBeforeTax": "83061000", "incomeTaxExpense": "32802000", "interestAndDebtExpense": "None", "netIncomeFromContinuingOperations": "0", "comprehensiveIncomeNetOfTax": "None", "ebit": "76751000", "ebitda": "99674000", "netIncome": "50814000"}]}