{"symbol": "AA", "annualReports": [{"fiscalDateEnding": "2025-12-31", "reportedCurrency": "USD", "grossProfit": "1729000000", "totalRevenue": "12831000000", "costOfRevenue": "11007000000", "costofGoodsAndServicesSold": "11007000000", "operatingIncome": "971000000", "sellingGeneralAndAdministrative": "299000000", "researchAndDevelopment": "24000000", "operatingExpenses": "758000000", "investmentIncomeNet": "None", "netInterestIncome": "None", "interestIncome": "158000000", "interestExpense": "158000000", "nonInterestIncome": "None", "otherNonOperatingIncome": "None", "depreciation": "None", "depreciationAndAmortization": "623000000", "incomeBeforeTax": "1083000000", "incomeTaxExpense": "-49000000", "interestAndDebtExpense": "None", "netIncomeFromContinuingOperations": "None", "comprehensiveIncomeNetOfTax": "None", "ebit": "1241000000", "ebitda": "1864000000", "netIncome": "1148000000"}, {"fiscalDateEnding": "2024-12-31", "reportedCurrency": "USD", "grossProfit": "1498000000", "totalRevenue": "11895000000", "costOfRevenue": "10686000000", "costofGoodsAndServicesSold": "10686000000", "operatingIncome": "1166000000", "sellingGeneralAndAdministrative": "275000000", "researchAndDevelopment": "57000000", "operatingExpenses": "332000000", "investmentIncomeNet": "None", "netInterestIncome": "-156000000", "interestIncome": "248000000", "interestExpense": "156000000", "nonInterestIncome": "None", "otherNonOperatingIncome": "None", "depreciation": "None", "depreciationAndAmortization": "642000000", "incomeBeforeTax": "289000000", "incomeTaxExpense": "265000000", "interestAndDebtExpense": "None", "netIncomeFromContinuingOperations": "24000000", "comprehensiveIncomeNetOfTax": "None", "ebit": "445000000", "ebitda": "1087000000", "netIncome": "60000000"}, {"fiscalDateEnding": "2023-12-31", "reportedCurrency": "USD", "grossProfit": "241000000", "totalRevenue": "10706000000", "costOfRevenue": "10465000000", "costofGoodsAndServicesSold": "10465000000", "operatingIncome": "-24000000", "sellingGeneralAndAdministrative": "226000000", "researchAndDevelopment": "39000000", "operatingExpenses": "265000000", "investmentIncomeNet": "None", "netInterestIncome": "-107000000", "interestIncome": "276000000", "interestExpense": "107000000", "nonInterestIncome": "None", "otherNonOperatingIncome": "None", "depreciation": "None", "depreciationAndAmortization": "632000000", "incomeBeforeTax": "-584000000", "incomeTaxExpense": "189000000", "interestAndDebtExpense": "None", "netIncomeFromContinuingOperations": "-773000000", "comprehensiveIncomeNetOfTax": "None", "ebit": "-477000000", "ebitda": "155000000", "netIncome": "-651000000"}, {"fiscalDateEnding": "2022-12-31", "reportedCurrency": "USD", "grossProfit": "1933000000", "totalRevenue": "12762000000", "costOfRevenue": "10829000000", "costofGoodsAndServicesSold": "10829000000", "operatingIncome": "1697000000", "sellingGeneralAndAdministrative": "204000000", "researchAndDevelopment": "32000000", "operatingExpenses": "236000000", "investmentIncomeNet": "None", "netInterestIncome": "-106000000", "interestIncome": "106000000", "interestExpense": "106000000", "nonInterestIncome": "None", "otherNonOperatingIncome": "118000000", "depreciation": "None", "depreciationAndAmortization": "617000000", "incomeBeforeTax": "702000000", "incomeTaxExpense": "664000000", "interestAndDebtExpense": "None", "netIncomeFromContinuingOperations": "59000000", "comprehensiveIncomeNetOfTax": "None", "ebit": "808000000", "ebitda": "1425000000", "netIncome": "-123000000"}, {"fiscalDateEnding": "2021-12-31", "reportedCurrency": "USD", "grossProfit": "2622000000", "totalRevenue": "12437000000", "costOfRevenue": "9815000000", "costofGoodsAndServicesSold": "9815000000", "operatingIncome": "2364000000", "sellingGeneralAndAdministrative": "227000000", "researchAndDevelopment": "31000000", "operatingExpenses": "258000000", "investmentIncomeNet": "None", "netInterestIncome": "-195000000", "interestIncome": "195000000", "interestExpense": "195000000", "nonInterestIncome": "None", "otherNonOperatingIncome": "445000000", "depreciation": "None", "depreciationAndAmortization": "664000000", "incomeBeforeTax": "1199000000", "incomeTaxExpense": "629000000", "interestAndDebtExpense": "None", "netIncomeFromContinuingOperations": "570000000", "comprehensiveIncomeNetOfTax": "None", "ebit": "1394000000", "ebitda": "2058000000", "netIncome": "429000000"}, {"fiscalDateEnding": "2020-12-31", "reportedCurrency": "USD", "grossProfit": "765000000", "totalRevenue": "9372000000", "costOfRevenue": "8607000000", "costofGoodsAndServicesSold": "8607000000", "operatingIncome": "532000000", "sellingGeneralAndAdministrative": "206000000", "researchAndDevelopment": "27000000", "operatingExpenses": "233000000", "investmentIncomeNet": "None", "netInterestIncome": "-146000000", "interestIncome": "146000000", "interestExpense": "146000000", "nonInterestIncome": "None", "otherNonOperatingIncome": "-8000000", "depreciation": "None", "depreciationAndAmortization": "653000000", "incomeBeforeTax": "173000000", "incomeTaxExpense": "187000000", "interestAndDebtExpense": "None", "netIncomeFromContinuingOperations": "-14000000", "comprehensiveIncomeNetOfTax": "None", "ebit": "319000000", "ebitda": "972000000", "netIncome": "-170000000"}, {"fiscalDateEnding": "2019-12-31", "reportedCurrency": "USD", "grossProfit": "1202000000", "totalRevenue": "10495000000", "costOfRevenue": "9293000000", "costofGoodsAndServicesSold": "9293000000", "operatingIncome": "895000000", "sellingGeneralAndAdministrative": "280000000", "researchAndDevelopment": "27000000", "operatingExpenses": "307000000", "investmentIncomeNet": "None", "netInterestIncome": "-121000000", "interestIncome": "185000000", "interestExpense": "121000000", "nonInterestIncome": "None", "otherNonOperatingIncome": "-162000000", "depreciation": "None", "depreciationAndAmortization": "713000000", "incomeBeforeTax": "-438000000", "incomeTaxExpense": "415000000", "interestAndDebtExpense": "None", "netIncomeFromContinuingOperations": "-853000000", "comprehensiveIncomeNetOfTax": "None", "ebit": "-317000000", "ebitda": "396000000", "netIncome": "-1125000000"}, {"fiscalDateEnding": "2018-12-31", "reportedCurrency": "USD", "grossProfit": "2694000000", "totalRevenue": "13517000000", "costOfRevenue": "10823000000", "costofGoodsAndServicesSold": "10823000000", "operatingIncome": "2415000000", "sellingGeneralAndAdministrative": "248000000", "researchAndDevelopment": "31000000", "operatingExpenses": "279000000", "investmentIncomeNet": "None", "netInterestIncome": "-122000000", "interestIncome": "57000000", "interestExpense": "122000000", "nonInterestIncome": "None", "otherNonOperatingIncome": "-64000000", "depreciation": "None", "depreciationAndAmortization": "733000000", "incomeBeforeTax": "1625000000", "incomeTaxExpense": "732000000", "interestAndDebtExpense": "None", "netIncomeFromContinuingOperations": "871000000", "comprehensiveIncomeNetOfTax": "None", "ebit": "1747000000", "ebitda": "2480000000", "netIncome": "250000000"}, {"fiscalDateEnding": "2017-12-31", "reportedCurrency": "USD", "grossProfit": "2020000000", "totalRevenue": "11780000000", "costOfRevenue": "9760000000", "costofGoodsAndServicesSold": "9760000000", "operatingIncome": "1708000000", "sellingGeneralAndAdministrative": "284000000", "researchAndDevelopment": "32000000", "operatingExpenses": "312000000", "investmentIncomeNet": "None", "netInterestIncome": "-104000000", "interestIncome": "164000000", "interestExpense": "104000000", "nonInterestIncome": "None", "otherNonOperatingIncome": "58000000", "depreciation": "None", "depreciationAndAmortization": "752000000", "incomeBeforeTax": "1159000000", "incomeTaxExpense": "592000000", "interestAndDebtExpense": "None", "netIncomeFromContinuingOperations": "559000000", "comprehensiveIncomeNetOfTax": "None", "ebit": "1261000000", "ebitda": "2013000000", "netIncome": "217000000"}, {"fiscalDateEnding": "2016-12-31", "reportedCurrency": "USD", "grossProfit": "709000000", "totalRevenue": "9325000000", "costOfRevenue": "8616000000", "costofGoodsAndServicesSold": "8616000000", "operatingIncome": "385000000", "sellingGeneralAndAdministrative": "359000000", "researchAndDevelopment": "33000000", "operatingExpenses": "324000000", "investmentIncomeNet": "None", "netInterestIncome": "-243000000", "interestIncome": "330000000", "interestExpense": "243000000", "nonInterestIncome": "None", "otherNonOperatingIncome": "89000000", "depreciation": "None", "depreciationAndAmortization": "718000000", "incomeBeforeTax": "-162000000", "incomeTaxExpense": "184000000", "interestAndDebtExpense": "None", "netIncomeFromContinuingOperations": "-346000000", "comprehensiveIncomeNetOfTax": "None", "ebit": "81000000", "ebitda": "799000000", "netIncome": "-400000000"}, {"fiscalDateEnding": "2015-12-31", "reportedCurrency": "USD", "grossProfit": "1401000000", "totalRevenue": "11220000000", "costOfRevenue": "9819000000", "costofGoodsAndServicesSold": "9819000000", "operatingIncome": "991000000", "sellingGeneralAndAdministrative": "353000000", "researchAndDevelopment": "69000000", "operatingExpenses": "410000000", "investmentIncomeNet": "None", "netInterestIncome": "None", "interestIncome": "346000000", "interestExpense": "270000000", "nonInterestIncome": "None", "otherNonOperatingIncome": "None", "depreciation": "None", "depreciationAndAmortization": "780000000", "incomeBeforeTax": "-337000000", "incomeTaxExpense": "402000000", "interestAndDebtExpense": "None", "netIncomeFromContinuingOperations": "-739000000", "comprehensiveIncomeNetOfTax": "None", "ebit": "-67000000", "ebitda": "713000000", "netIncome": "-863000000"}, {"fiscalDateEnding": "2014-12-31", "reportedCurrency": "USD", "grossProfit": "3437000000", "totalRevenue": "23945000000", "costOfRevenue": "20508000000", "costofGoodsAndServicesSold": "20508000000", "operatingIncome": "2224000000", "sellingGeneralAndAdministrative": "383000000", "researchAndDevelopment": "95000000", "operatingExpenses": "1213000000", "investmentIncomeNet": "None", "netInterestIncome": "None", "interestIncome": "None", "interestExpense": "309000000", "nonInterestIncome": "None", "otherNonOperatingIncome": "None", "depreciation": "None", "depreciationAndAmortization": "954000000", "incomeBeforeTax": "497000000", "incomeTaxExpense": "284000000", "interestAndDebtExpense": "None", "netIncomeFromContinuingOperations": "-347000000", "comprehensiveIncomeNetOfTax": "None", "ebit": "1388000000", "ebitda": "2342000000", "netIncome": "268000000"}, {"fiscalDateEnding": "2013-12-31", "reportedCurrency": "USD", "grossProfit": "2353000000", "totalRevenue": "23060000000", "costOfRevenue": "20707000000", "costofGoodsAndServicesSold": "20707000000", "operatingIncome": "1153000000", "sellingGeneralAndAdministrative": "406000000", "researchAndDevelopment": "86000000", "operatingExpenses": "1200000000", "investmentIncomeNet": "None", "netInterestIncome": "None", "interestIncome": "None", "interestExpense": "305000000", "nonInterestIncome": "None", "otherNonOperatingIncome": "None", "depreciation": "None", "depreciationAndAmortization": "1026000000", "incomeBeforeTax": "-1816000000", "incomeTaxExpense": "123000000", "interestAndDebtExpense": "None", "netIncomeFromContinuingOperations": "None", "comprehensiveIncomeNetOfTax": "None", "ebit": "-969000000", "ebitda": "57000000", "netIncome": "-2285000000"}], "quarterlyReports": [{"fiscalDateEnding": "2025-12-31", "reportedCurrency": "USD", "grossProfit": "595000000", "totalRevenue": "3449000000", "costOfRevenue": "2854000000", "costofGoodsAndServicesSold": "2854000000", "operatingIncome": "103000000", "sellingGeneralAndAdministrative": "68000000", "researchAndDevelopment": "-11000000", "operatingExpenses": "492000000", "investmentIncomeNet": "None", "netInterestIncome": "None", "interestIncome": "16000000", "interestExpense": "16000000", "nonInterestIncome": "None", "otherNonOperatingIncome": "None", "depreciation": "None", "depreciationAndAmortization": "162000000", "incomeBeforeTax": "87000000", "incomeTaxExpense": "-128000000", "interestAndDebtExpense": "None", "netIncomeFromContinuingOperations": "None", "comprehensiveIncomeNetOfTax": "None", "ebit": "103000000", "ebitda": "265000000", "netIncome": "204000000"}, {"fiscalDateEnding": "2025-09-30", "reportedCurrency": "USD", "grossProfit": "140000000", "totalRevenue": "2995000000", "costOfRevenue": "2855000000", "costofGoodsAndServicesSold": "2855000000", "operatingIncome": "51000000", "sellingGeneralAndAdministrative": "78000000", "researchAndDevelopment": "11000000", "operatingExpenses": "89000000", "investmentIncomeNet": "None", "netInterestIncome": "-33000000", "interestIncome": "992000000", "interestExpense": "33000000", "nonInterestIncome": "None", "otherNonOperatingIncome": "None", "depreciation": "None", "depreciationAndAmortization": "160000000", "incomeBeforeTax": "167000000", "incomeTaxExpense": "-51000000", "interestAndDebtExpense": "None", "netIncomeFromContinuingOperations": "218000000", "comprehensiveIncomeNetOfTax": "None", "ebit": "200000000", "ebitda": "360000000", "netIncome": "232000000"}, {"fiscalDateEnding": "2025-06-30", "reportedCurrency": "USD", "grossProfit": "213000000", "totalRevenue": "3018000000", "costOfRevenue": "2805000000", "costofGoodsAndServicesSold": "2805000000", "operatingIncome": "119000000", "sellingGeneralAndAdministrative": "82000000", "researchAndDevelopment": "12000000", "operatingExpenses": "94000000", "investmentIncomeNet": "None", "netInterestIncome": "-56000000", "interestIncome": "56000000", "interestExpense": "56000000", "nonInterestIncome": "None", "otherNonOperatingIncome": "None", "depreciation": "None", "depreciationAndAmortization": "153000000", "incomeBeforeTax": "161000000", "incomeTaxExpense": "10000000", "interestAndDebtExpense": "None", "netIncomeFromContinuingOperations": "151000000", "comprehensiveIncomeNetOfTax": "None", "ebit": "217000000", "ebitda": "370000000", "netIncome": "164000000"}, {"fiscalDateEnding": "2025-03-31", "reportedCurrency": "USD", "grossProfit": "781000000", "totalRevenue": "3369000000", "costOfRevenue": "2493000000", "costofGoodsAndServicesSold": "2493000000", "operatingIncome": "698000000", "sellingGeneralAndAdministrative": "71000000", "researchAndDevelopment": "12000000", "operatingExpenses": "83000000", "investmentIncomeNet": "None", "netInterestIncome": "-53000000", "interestIncome": "35000000", "interestExpense": "53000000", "nonInterestIncome": "None", "otherNonOperatingIncome": "None", "depreciation": "None", "depreciationAndAmortization": "148000000", "incomeBeforeTax": "668000000", "incomeTaxExpense": "120000000", "interestAndDebtExpense": "None", "netIncomeFromContinuingOperations": "548000000", "comprehensiveIncomeNetOfTax": "None", "ebit": "721000000", "ebitda": "869000000", "netIncome": "548000000"}, {"fiscalDateEnding": "2024-12-31", "reportedCurrency": "USD", "grossProfit": "1104000000", "totalRevenue": "3977000000", "costOfRevenue": "2873000000", "costofGoodsAndServicesSold": "2873000000", "operatingIncome": "1007000000", "sellingGeneralAndAdministrative": "80000000", "researchAndDevelopment": "17000000", "operatingExpenses": "97000000", "investmentIncomeNet": "None", "netInterestIncome": "-45000000", "interestIncome": "77000000", "interestExpense": "45000000", "nonInterestIncome": "None", "otherNonOperatingIncome": "None", "depreciation": "None", "depreciationAndAmortization": "159000000", "incomeBeforeTax": "338000000", "incomeTaxExpense": "136000000", "interestAndDebtExpense": "None", "netIncomeFromContinuingOperations": "202000000", "comprehensiveIncomeNetOfTax": "None", "ebit": "383000000", "ebitda": "542000000", "netIncome": "202000000"}, {"fiscalDateEnding": "2024-09-30", "reportedCurrency": "USD", "grossProfit": "351000000", "totalRevenue": "2830000000", "costOfRevenue": "2479000000", "costofGoodsAndServicesSold": "2479000000", "operatingIncome": "269000000", "sellingGeneralAndAdministrative": "66000000", "researchAndDevelopment": "16000000", "operatingExpenses": "82000000", "investmentIncomeNet": "None", "netInterestIncome": "-44000000", "interestIncome": "None", "interestExpense": "44000000", "nonInterestIncome": "None", "otherNonOperatingIncome": "None", "depreciation": "None", "depreciationAndAmortization": "159000000", "incomeBeforeTax": "184000000", "incomeTaxExpense": "86000000", "interestAndDebtExpense": "None", "netIncomeFromContinuingOperations": "98000000", "comprehensiveIncomeNetOfTax": "None", "ebit": "228000000", "ebitda": "387000000", "netIncome": "90000000"}, {"fiscalDateEnding": "2024-06-30", "reportedCurrency": "USD", "grossProfit": "210000000", "totalRevenue": "2831000000", "costOfRevenue": "2621000000", "costofGoodsAndServicesSold": "2621000000", "operatingIncome": "128000000", "sellingGeneralAndAdministrative": "69000000", "researchAndDevelopment": "13000000", "operatingExpenses": "82000000", "investmentIncomeNet": "None", "netInterestIncome": "-40000000", "interestIncome": "None", "interestExpense": "40000000", "nonInterestIncome": "None", "otherNonOperatingIncome": "None", "depreciation": "None", "depreciationAndAmortization": "163000000", "incomeBeforeTax": "92000000", "incomeTaxExpense": "61000000", "interestAndDebtExpense": "None", "netIncomeFromContinuingOperations": "31000000", "comprehensiveIncomeNetOfTax": "None", "ebit": "132000000", "ebitda": "295000000", "netIncome": "20000000"}, {"fiscalDateEnding": "2024-03-31", "reportedCurrency": "USD", "grossProfit": "87000000", "totalRevenue": "2652000000", "costOfRevenue": "2565000000", "costofGoodsAndServicesSold": "2565000000", "operatingIncome": "16000000", "sellingGeneralAndAdministrative": "60000000", "researchAndDevelopment": "11000000", "operatingExpenses": "71000000", "investmentIncomeNet": "None", "netInterestIncome": "-27000000", "interestIncome": "None", "interestExpense": "27000000", "nonInterestIncome": "None", "otherNonOperatingIncome": "None", "depreciation": "None", "depreciationAndAmortization": "161000000", "incomeBeforeTax": "-325000000", "incomeTaxExpense": "-18000000", "interestAndDebtExpense": "None", "netIncomeFromContinuingOperations": "-307000000", "comprehensiveIncomeNetOfTax": "None", "ebit": "-298000000", "ebitda": "-137000000", "netIncome": "-252000000"}, {"fiscalDateEnding": "2023-12-31", "reportedCurrency": "USD", "grossProfit": "8000000", "totalRevenue": "2596000000", "costOfRevenue": "2588000000", "costofGoodsAndServicesSold": "2588000000", "operatingIncome": "-70000000", "sellingGeneralAndAdministrative": "64000000", "researchAndDevelopment": "14000000", "operatingExpenses": "78000000", "investmentIncomeNet": "None", "netInterestIncome": "-28000000", "interestIncome": "None", "interestExpense": "28000000", "nonInterestIncome": "None", "otherNonOperatingIncome": "None", "depreciation": "None", "depreciationAndAmortization": "163000000", "incomeBeforeTax": "-77000000", "incomeTaxExpense": "150000000", "interestAndDebtExpense": "None", "netIncomeFromContinuingOperations": "-227000000", "comprehensiveIncomeNetOfTax": "None", "ebit": "-49000000", "ebitda": "114000000", "netIncome": "-150000000"}, {"fiscalDateEnding": "2023-09-30", "reportedCurrency": "USD", "grossProfit": "22000000", "totalRevenue": "2654000000", "costOfRevenue": "2632000000", "costofGoodsAndServicesSold": "2632000000", "operatingIncome": "-43000000", "sellingGeneralAndAdministrative": "56000000", "researchAndDevelopment": "9000000", "operatingExpenses": "65000000", "investmentIncomeNet": "None", "netInterestIncome": "-26000000", "interestIncome": "26000000", "interestExpense": "26000000", "nonInterestIncome": "None", "otherNonOperatingIncome": "None", "depreciation": "None", "depreciationAndAmortization": "163000000", "incomeBeforeTax": "-228000000", "incomeTaxExpense": "-35000000", "interestAndDebtExpense": "None", "netIncomeFromContinuingOperations": "-193000000", "comprehensiveIncomeNetOfTax": "None", "ebit": "-202000000", "ebitda": "-39000000", "netIncome": "-168000000"}, {"fiscalDateEnding": "2023-06-30", "reportedCurrency": "USD", "grossProfit": "52000000", "totalRevenue": "2720000000", "costOfRevenue": "2668000000", "costofGoodsAndServicesSold": "2668000000", "operatingIncome": "-6000000", "sellingGeneralAndAdministrative": "52000000", "researchAndDevelopment": "6000000", "operatingExpenses": "58000000", "investmentIncomeNet": "None", "netInterestIncome": "-27000000", "interestIncome": "27000000", "interestExpense": "27000000", "nonInterestIncome": "None", "otherNonOperatingIncome": "None", "depreciation": "None", "depreciationAndAmortization": "153000000", "incomeBeforeTax": "-99000000", "incomeTaxExpense": "22000000", "interestAndDebtExpense": "None", "netIncomeFromContinuingOperations": "-121000000", "comprehensiveIncomeNetOfTax": "None", "ebit": "-72000000", "ebitda": "81000000", "netIncome": "-102000000"}, {"fiscalDateEnding": "2023-03-31", "reportedCurrency": "USD", "grossProfit": "159000000", "totalRevenue": "2736000000", "costOfRevenue": "2577000000", "costofGoodsAndServicesSold": "2577000000", "operatingIncome": "95000000", "sellingGeneralAndAdministrative": "54000000", "researchAndDevelopment": "10000000", "operatingExpenses": "64000000", "investmentIncomeNet": "None", "netInterestIncome": "-26000000", "interestIncome": "26000000", "interestExpense": "26000000", "nonInterestIncome": "None", "otherNonOperatingIncome": "-54000000", "depreciation": "None", "depreciationAndAmortization": "153000000", "incomeBeforeTax": "-180000000", "incomeTaxExpense": "52000000", "interestAndDebtExpense": "None", "netIncomeFromContinuingOperations": "-232000000", "comprehensiveIncomeNetOfTax": "None", "ebit": "-154000000", "ebitda": "-1000000", "netIncome": "-231000000"}, {"fiscalDateEnding": "2022-12-31", "reportedCurrency": "USD", "grossProfit": "-43000000", "totalRevenue": "2700000000", "costOfRevenue": "2743000000", "costofGoodsAndServicesSold": "2743000000", "operatingIncome": "-116000000", "sellingGeneralAndAdministrative": "64000000", "researchAndDevelopment": "9000000", "operatingExpenses": "73000000", "investmentIncomeNet": "None", "netInterestIncome": "-26000000", "interestIncome": "26000000", "interestExpense": "26000000", "nonInterestIncome": "None", "otherNonOperatingIncome": "-67000000", "depreciation": "None", "depreciationAndAmortization": "147000000", "incomeBeforeTax": "-219000000", "incomeTaxExpense": "180000000", "interestAndDebtExpense": "None", "netIncomeFromContinuingOperations": "-399000000", "comprehensiveIncomeNetOfTax": "None", "ebit": "-193000000", "ebitda": "-46000000", "netIncome": "-374000000"}, {"fiscalDateEnding": "2022-09-30", "reportedCurrency": "USD", "grossProfit": "69000000", "totalRevenue": "2886000000", "costOfRevenue": "2817000000", "costofGoodsAndServicesSold": "2817000000", "operatingIncome": "18000000", "sellingGeneralAndAdministrative": "44000000", "researchAndDevelopment": "7000000", "operatingExpenses": "51000000", "investmentIncomeNet": "None", "netInterestIncome": "-25000000", "interestIncome": "25000000", "interestExpense": "25000000", "nonInterestIncome": "None", "otherNonOperatingIncome": "-35000000", "depreciation": "None", "depreciationAndAmortization": "149000000", "incomeBeforeTax": "-729000000", "incomeTaxExpense": "40000000", "interestAndDebtExpense": "None", "netIncomeFromContinuingOperations": "-769000000", "comprehensiveIncomeNetOfTax": "None", "ebit": "-704000000", "ebitda": "-555000000", "netIncome": "-746000000"}, {"fiscalDateEnding": "2022-06-30", "reportedCurrency": "USD", "grossProfit": "845000000", "totalRevenue": "3773000000", "costOfRevenue": "2928000000", "costofGoodsAndServicesSold": "2928000000", "operatingIncome": "786000000", "sellingGeneralAndAdministrative": "52000000", "researchAndDevelopment": "7000000", "operatingExpenses": "59000000", "investmentIncomeNet": "None", "netInterestIncome": "-30000000", "interestIncome": "185000000", "interestExpense": "30000000", "nonInterestIncome": "None", "otherNonOperatingIncome": "206000000", "depreciation": "None", "depreciationAndAmortization": "161000000", "incomeBeforeTax": "908000000", "incomeTaxExpense": "234000000", "interestAndDebtExpense": "None", "netIncomeFromContinuingOperations": "674000000", "comprehensiveIncomeNetOfTax": "None", "ebit": "938000000", "ebitda": "1099000000", "netIncome": "549000000"}, {"fiscalDateEnding": "2022-03-31", "reportedCurrency": "USD", "grossProfit": "1062000000", "totalRevenue": "3403000000", "costOfRevenue": "2341000000", "costofGoodsAndServicesSold": "2341000000", "operatingIncome": "1009000000", "sellingGeneralAndAdministrative": "44000000", "researchAndDevelopment": "9000000", "operatingExpenses": "53000000", "investmentIncomeNet": "None", "netInterestIncome": "-25000000", "interestIncome": "4000000", "interestExpense": "25000000", "nonInterestIncome": "None", "otherNonOperatingIncome": "14000000", "depreciation": "None", "depreciationAndAmortization": "160000000", "incomeBeforeTax": "763000000", "incomeTaxExpense": "210000000", "interestAndDebtExpense": "None", "netIncomeFromContinuingOperations": "553000000", "comprehensiveIncomeNetOfTax": "None", "ebit": "788000000", "ebitda": "948000000", "netIncome": "469000000"}, {"fiscalDateEnding": "2021-12-31", "reportedCurrency": "USD", "grossProfit": "885000000", "totalRevenue": "3433000000", "costOfRevenue": "2548000000", "costofGoodsAndServicesSold": "2548000000", "operatingIncome": "807000000", "sellingGeneralAndAdministrative": "68000000", "researchAndDevelopment": "10000000", "operatingExpenses": "78000000", "investmentIncomeNet": "None", "netInterestIncome": "-28000000", "interestIncome": "28000000", "interestExpense": "28000000", "nonInterestIncome": "None", "otherNonOperatingIncome": "298000000", "depreciation": "None", "depreciationAndAmortization": "165000000", "incomeBeforeTax": "-71000000", "incomeTaxExpense": "298000000", "interestAndDebtExpense": "None", "netIncomeFromContinuingOperations": "-369000000", "comprehensiveIncomeNetOfTax": "None", "ebit": "-43000000", "ebitda": "122000000", "netIncome": "-392000000"}, {"fiscalDateEnding": "2021-09-30", "reportedCurrency": "USD", "grossProfit": "710000000", "totalRevenue": "3191000000", "costOfRevenue": "2481000000", "costofGoodsAndServicesSold": "2481000000", "operatingIncome": "649000000", "sellingGeneralAndAdministrative": "53000000", "researchAndDevelopment": "8000000", "operatingExpenses": "61000000", "investmentIncomeNet": "None", "netInterestIncome": "-58000000", "interestIncome": "58000000", "interestExpense": "58000000", "nonInterestIncome": "None", "otherNonOperatingIncome": "18000000", "depreciation": "None", "depreciationAndAmortization": "156000000", "incomeBeforeTax": "497000000", "incomeTaxExpense": "127000000", "interestAndDebtExpense": "None", "netIncomeFromContinuingOperations": "370000000", "comprehensiveIncomeNetOfTax": "None", "ebit": "555000000", "ebitda": "711000000", "netIncome": "337000000"}, {"fiscalDateEnding": "2021-06-30", "reportedCurrency": "USD", "grossProfit": "582000000", "totalRevenue": "2903000000", "costOfRevenue": "2321000000", "costofGoodsAndServicesSold": "2321000000", "operatingIncome": "522000000", "sellingGeneralAndAdministrative": "54000000", "researchAndDevelopment": "6000000", "operatingExpenses": "60000000", "investmentIncomeNet": "None", "netInterestIncome": "-67000000", "interestIncome": "67000000", "interestExpense": "67000000", "nonInterestIncome": "None", "otherNonOperatingIncome": "105000000", "depreciation": "None", "depreciationAndAmortization": "161000000", "incomeBeforeTax": "461000000", "incomeTaxExpense": "111000000", "interestAndDebtExpense": "None", "netIncomeFromContinuingOperations": "350000000", "comprehensiveIncomeNetOfTax": "None", "ebit": "528000000", "ebitda": "689000000", "netIncome": "309000000"}, {"fiscalDateEnding": "2021-03-31", "reportedCurrency": "USD", "grossProfit": "445000000", "totalRevenue": "2910000000", "costOfRevenue": "2465000000", "costofGoodsAndServicesSold": "2465000000", "operatingIncome": "393000000", "sellingGeneralAndAdministrative": "52000000", "researchAndDevelopment": "7000000", "operatingExpenses": "52000000", "investmentIncomeNet": "None", "netInterestIncome": "-42000000", "interestIncome": "42000000", "interestExpense": "42000000", "nonInterestIncome": "None", "otherNonOperatingIncome": "24000000", "depreciation": "None", "depreciationAndAmortization": "182000000", "incomeBeforeTax": "312000000", "incomeTaxExpense": "93000000", "interestAndDebtExpense": "None", "netIncomeFromContinuingOperations": "219000000", "comprehensiveIncomeNetOfTax": "None", "ebit": "354000000", "ebitda": "536000000", "netIncome": "175000000"}, {"fiscalDateEnding": "2020-12-31", "reportedCurrency": "USD", "grossProfit": "286000000", "totalRevenue": "2425000000", "costOfRevenue": "2139000000", "costofGoodsAndServicesSold": "2139000000", "operatingIncome": "222000000", "sellingGeneralAndAdministrative": "55000000", "researchAndDevelopment": "9000000", "operatingExpenses": "64000000", "investmentIncomeNet": "None", "netInterestIncome": "-43000000", "interestIncome": "43000000", "interestExpense": "43000000", "nonInterestIncome": "None", "otherNonOperatingIncome": "-44000000", "depreciation": "None", "depreciationAndAmortization": "170000000", "incomeBeforeTax": "37000000", "incomeTaxExpense": "20000000", "interestAndDebtExpense": "None", "netIncomeFromContinuingOperations": "17000000", "comprehensiveIncomeNetOfTax": "None", "ebit": "80000000", "ebitda": "250000000", "netIncome": "-4000000"}, {"fiscalDateEnding": "2020-09-30", "reportedCurrency": "USD", "grossProfit": "193000000", "totalRevenue": "2389000000", "costOfRevenue": "2196000000", "costofGoodsAndServicesSold": "2196000000", "operatingIncome": "140000000", "sellingGeneralAndAdministrative": "47000000", "researchAndDevelopment": "6000000", "operatingExpenses": "53000000", "investmentIncomeNet": "None", "netInterestIncome": "-41000000", "interestIncome": "53000000", "interestExpense": "41000000", "nonInterestIncome": "None", "otherNonOperatingIncome": "-45000000", "depreciation": "None", "depreciationAndAmortization": "161000000", "incomeBeforeTax": "22000000", "incomeTaxExpense": "42000000", "interestAndDebtExpense": "None", "netIncomeFromContinuingOperations": "-20000000", "comprehensiveIncomeNetOfTax": "None", "ebit": "63000000", "ebitda": "224000000", "netIncome": "-49000000"}, {"fiscalDateEnding": "2020-06-30", "reportedCurrency": "USD", "grossProfit": "76000000", "totalRevenue": "2156000000", "costOfRevenue": "2080000000", "costofGoodsAndServicesSold": "2080000000", "operatingIncome": "27000000", "sellingGeneralAndAdministrative": "44000000", "researchAndDevelopment": "5000000", "operatingExpenses": "49000000", "investmentIncomeNet": "None", "netInterestIncome": "-32000000", "interestIncome": "54000000", "interestExpense": "32000000", "nonInterestIncome": "None", "otherNonOperatingIncome": "-51000000", "depreciation": "None", "depreciationAndAmortization": "152000000", "incomeBeforeTax": "-105000000", "incomeTaxExpense": "45000000", "interestAndDebtExpense": "None", "netIncomeFromContinuingOperations": "-150000000", "comprehensiveIncomeNetOfTax": "None", "ebit": "-73000000", "ebitda": "79000000", "netIncome": "-197000000"}, {"fiscalDateEnding": "2020-03-31", "reportedCurrency": "USD", "grossProfit": "210000000", "totalRevenue": "2402000000", "costOfRevenue": "2192000000", "costofGoodsAndServicesSold": "2192000000", "operatingIncome": "143000000", "sellingGeneralAndAdministrative": "60000000", "researchAndDevelopment": "7000000", "operatingExpenses": "67000000", "investmentIncomeNet": "None", "netInterestIncome": "-30000000", "interestIncome": "59000000", "interestExpense": "30000000", "nonInterestIncome": "None", "otherNonOperatingIncome": "132000000", "depreciation": "None", "depreciationAndAmortization": "170000000", "incomeBeforeTax": "219000000", "incomeTaxExpense": "80000000", "interestAndDebtExpense": "None", "netIncomeFromContinuingOperations": "139000000", "comprehensiveIncomeNetOfTax": "None", "ebit": "249000000", "ebitda": "419000000", "netIncome": "80000000"}, {"fiscalDateEnding": "2019-12-31", "reportedCurrency": "USD", "grossProfit": "214000000", "totalRevenue": "2452000000", "costOfRevenue": "2238000000", "costofGoodsAndServicesSold": "2238000000", "operatingIncome": "146000000", "sellingGeneralAndAdministrative": "62000000", "researchAndDevelopment": "6000000", "operatingExpenses": "68000000", "investmentIncomeNet": "None", "netInterestIncome": "-31000000", "interestIncome": "45000000", "interestExpense": "31000000", "nonInterestIncome": "None", "otherNonOperatingIncome": "None", "depreciation": "None", "depreciationAndAmortization": "183000000", "incomeBeforeTax": "-301000000", "incomeTaxExpense": "54000000", "interestAndDebtExpense": "None", "netIncomeFromContinuingOperations": "-355000000", "comprehensiveIncomeNetOfTax": "None", "ebit": "-270000000", "ebitda": "-87000000", "netIncome": "-303000000"}, {"fiscalDateEnding": "2019-09-30", "reportedCurrency": "USD", "grossProfit": "272000000", "totalRevenue": "2580000000", "costOfRevenue": "2308000000", "costofGoodsAndServicesSold": "2308000000", "operatingIncome": "199000000", "sellingGeneralAndAdministrative": "66000000", "researchAndDevelopment": "7000000", "operatingExpenses": "73000000", "investmentIncomeNet": "None", "netInterestIncome": "-30000000", "interestIncome": "36000000", "interestExpense": "30000000", "nonInterestIncome": "None", "otherNonOperatingIncome": "-27000000", "depreciation": "None", "depreciationAndAmortization": "184000000", "incomeBeforeTax": "-52000000", "incomeTaxExpense": "95000000", "interestAndDebtExpense": "None", "netIncomeFromContinuingOperations": "-147000000", "comprehensiveIncomeNetOfTax": "None", "ebit": "-22000000", "ebitda": "162000000", "netIncome": "-221000000"}, {"fiscalDateEnding": "2019-06-30", "reportedCurrency": "USD", "grossProfit": "358000000", "totalRevenue": "2727000000", "costOfRevenue": "2369000000", "costofGoodsAndServicesSold": "2369000000", "operatingIncome": "283000000", "sellingGeneralAndAdministrative": "68000000", "researchAndDevelopment": "7000000", "operatingExpenses": "75000000", "investmentIncomeNet": "None", "netInterestIncome": "-30000000", "interestIncome": "50000000", "interestExpense": "30000000", "nonInterestIncome": "None", "otherNonOperatingIncome": "-50000000", "depreciation": "None", "depreciationAndAmortization": "174000000", "incomeBeforeTax": "-177000000", "incomeTaxExpense": "116000000", "interestAndDebtExpense": "None", "netIncomeFromContinuingOperations": "-293000000", "comprehensiveIncomeNetOfTax": "None", "ebit": "-147000000", "ebitda": "27000000", "netIncome": "-402000000"}, {"fiscalDateEnding": "2019-03-31", "reportedCurrency": "USD", "grossProfit": "358000000", "totalRevenue": "2736000000", "costOfRevenue": "2378000000", "costofGoodsAndServicesSold": "2378000000", "operatingIncome": "267000000", "sellingGeneralAndAdministrative": "84000000", "researchAndDevelopment": "7000000", "operatingExpenses": "91000000", "investmentIncomeNet": "None", "netInterestIncome": "-30000000", "interestIncome": "None", "interestExpense": "30000000", "nonInterestIncome": "None", "otherNonOperatingIncome": "-41000000", "depreciation": "None", "depreciationAndAmortization": "172000000", "incomeBeforeTax": "92000000", "incomeTaxExpense": "150000000", "interestAndDebtExpense": "None", "netIncomeFromContinuingOperations": "-58000000", "comprehensiveIncomeNetOfTax": "None", "ebit": "122000000", "ebitda": "294000000", "netIncome": "-199000000"}, {"fiscalDateEnding": "2018-12-31", "reportedCurrency": "USD", "grossProfit": "671000000", "totalRevenue": "3369000000", "costOfRevenue": "2698000000", "costofGoodsAndServicesSold": "2698000000", "operatingIncome": "605000000", "sellingGeneralAndAdministrative": "59000000", "researchAndDevelopment": "7000000", "operatingExpenses": "66000000", "investmentIncomeNet": "None", "netInterestIncome": "None", "interestIncome": "None", "interestExpense": "31000000", "nonInterestIncome": "None", "otherNonOperatingIncome": "None", "depreciation": "None", "depreciationAndAmortization": "174000000", "incomeBeforeTax": "390000000", "incomeTaxExpense": "157000000", "interestAndDebtExpense": "None", "netIncomeFromContinuingOperations": "212000000", "comprehensiveIncomeNetOfTax": "None", "ebit": "421000000", "ebitda": "595000000", "netIncome": "51000000"}, {"fiscalDateEnding": "2018-09-30", "reportedCurrency": "USD", "grossProfit": "755000000", "totalRevenue": "3419000000", "costOfRevenue": "2664000000", "costofGoodsAndServicesSold": "2664000000", "operatingIncome": "690000000", "sellingGeneralAndAdministrative": "58000000", "researchAndDevelopment": "7000000", "operatingExpenses": "65000000", "investmentIncomeNet": "None", "netInterestIncome": "None", "interestIncome": "None", "interestExpense": "33000000", "nonInterestIncome": "None", "otherNonOperatingIncome": "-2000000", "depreciation": "None", "depreciationAndAmortization": "172000000", "incomeBeforeTax": "455000000", "incomeTaxExpense": "260000000", "interestAndDebtExpense": "None", "netIncomeFromContinuingOperations": "155000000", "comprehensiveIncomeNetOfTax": "None", "ebit": "489000000", "ebitda": "661000000", "netIncome": "-6000000"}, {"fiscalDateEnding": "2018-06-30", "reportedCurrency": "USD", "grossProfit": "661000000", "totalRevenue": "3613000000", "costOfRevenue": "2952000000", "costofGoodsAndServicesSold": "2952000000", "operatingIncome": "588000000", "sellingGeneralAndAdministrative": "64000000", "researchAndDevelopment": "9000000", "operatingExpenses": "73000000", "investmentIncomeNet": "None", "netInterestIncome": "None", "interestIncome": "None", "interestExpense": "32000000", "nonInterestIncome": "None", "otherNonOperatingIncome": "-9000000", "depreciation": "None", "depreciationAndAmortization": "193000000", "incomeBeforeTax": "289000000", "incomeTaxExpense": "158000000", "interestAndDebtExpense": "None", "netIncomeFromContinuingOperations": "230000000", "comprehensiveIncomeNetOfTax": "None", "ebit": "320000000", "ebitda": "513000000", "netIncome": "10000000"}, {"fiscalDateEnding": "2018-03-31", "reportedCurrency": "USD", "grossProfit": "607000000", "totalRevenue": "3116000000", "costOfRevenue": "2509000000", "costofGoodsAndServicesSold": "2509000000", "operatingIncome": "532000000", "sellingGeneralAndAdministrative": "67000000", "researchAndDevelopment": "8000000", "operatingExpenses": "75000000", "investmentIncomeNet": "None", "netInterestIncome": "None", "interestIncome": "None", "interestExpense": "26000000", "nonInterestIncome": "None", "otherNonOperatingIncome": "-21000000", "depreciation": "None", "depreciationAndAmortization": "194000000", "incomeBeforeTax": "491000000", "incomeTaxExpense": "151000000", "interestAndDebtExpense": "None", "netIncomeFromContinuingOperations": "274000000", "comprehensiveIncomeNetOfTax": "None", "ebit": "517000000", "ebitda": "711000000", "netIncome": "195000000"}, {"fiscalDateEnding": "2017-12-31", "reportedCurrency": "USD", "grossProfit": "686000000", "totalRevenue": "3220000000", "costOfRevenue": "2534000000", "costofGoodsAndServicesSold": "2534000000", "operatingIncome": "608000000", "sellingGeneralAndAdministrative": "70000000", "researchAndDevelopment": "9000000", "operatingExpenses": "78000000", "investmentIncomeNet": "None", "netInterestIncome": "None", "interestIncome": "None", "interestExpense": "27000000", "nonInterestIncome": "None", "otherNonOperatingIncome": "None", "depreciation": "None", "depreciationAndAmortization": "188000000", "incomeBeforeTax": "216000000", "incomeTaxExpense": "272000000", "interestAndDebtExpense": "None", "netIncomeFromContinuingOperations": "-2000000000", "comprehensiveIncomeNetOfTax": "None", "ebit": "242000000", "ebitda": "430000000", "netIncome": "-196000000"}, {"fiscalDateEnding": "2017-09-30", "reportedCurrency": "USD", "grossProfit": "455000000", "totalRevenue": "2997000000", "costOfRevenue": "2542000000", "costofGoodsAndServicesSold": "2542000000", "operatingIncome": "377000000", "sellingGeneralAndAdministrative": "70000000", "researchAndDevelopment": "8000000", "operatingExpenses": "78000000", "investmentIncomeNet": "None", "netInterestIncome": "None", "interestIncome": "None", "interestExpense": "26000000", "nonInterestIncome": "None", "otherNonOperatingIncome": "-27000000", "depreciation": "None", "depreciationAndAmortization": "195000000", "incomeBeforeTax": "288000000", "incomeTaxExpense": "119000000", "interestAndDebtExpense": "None", "netIncomeFromContinuingOperations": "169000000", "comprehensiveIncomeNetOfTax": "None", "ebit": "313000000", "ebitda": "508000000", "netIncome": "113000000"}, {"fiscalDateEnding": "2017-06-30", "reportedCurrency": "USD", "grossProfit": "409000000", "totalRevenue": "2890000000", "costOfRevenue": "2481000000", "costofGoodsAndServicesSold": "2481000000", "operatingIncome": "331000000", "sellingGeneralAndAdministrative": "72000000", "researchAndDevelopment": "8000000", "operatingExpenses": "78000000", "investmentIncomeNet": "None", "netInterestIncome": "None", "interestIncome": "None", "interestExpense": "25000000", "nonInterestIncome": "None", "otherNonOperatingIncome": "-6000000", "depreciation": "None", "depreciationAndAmortization": "190000000", "incomeBeforeTax": "237000000", "incomeTaxExpense": "99000000", "interestAndDebtExpense": "None", "netIncomeFromContinuingOperations": "138000000", "comprehensiveIncomeNetOfTax": "None", "ebit": "262000000", "ebitda": "452000000", "netIncome": "75000000"}, {"fiscalDateEnding": "2017-03-31", "reportedCurrency": "USD", "grossProfit": "449000000", "totalRevenue": "2673000000", "costOfRevenue": "2224000000", "costofGoodsAndServicesSold": "2224000000", "operatingIncome": "370000000", "sellingGeneralAndAdministrative": "72000000", "researchAndDevelopment": "7000000", "operatingExpenses": "79000000", "investmentIncomeNet": "None", "netInterestIncome": "None", "interestIncome": "None", "interestExpense": "26000000", "nonInterestIncome": "None", "otherNonOperatingIncome": "100000000", "depreciation": "None", "depreciationAndAmortization": "179000000", "incomeBeforeTax": "418000000", "incomeTaxExpense": "110000000", "interestAndDebtExpense": "None", "netIncomeFromContinuingOperations": "308000000", "comprehensiveIncomeNetOfTax": "None", "ebit": "444000000", "ebitda": "623000000", "netIncome": "225000000"}, {"fiscalDateEnding": "2016-12-31", "reportedCurrency": "USD", "grossProfit": "240000000", "totalRevenue": "2545000000", "costOfRevenue": "2305000000", "costofGoodsAndServicesSold": "2305000000", "operatingIncome": "155000000", "sellingGeneralAndAdministrative": "92000000", "researchAndDevelopment": "7000000", "operatingExpenses": "85000000", "investmentIncomeNet": "None", "netInterestIncome": "None", "interestIncome": "None", "interestExpense": "46000000", "nonInterestIncome": "None", "otherNonOperatingIncome": "None", "depreciation": "None", "depreciationAndAmortization": "182000000", "incomeBeforeTax": "-123000000", "incomeTaxExpense": "6000000", "interestAndDebtExpense": "None", "netIncomeFromContinuingOperations": "-346000000", "comprehensiveIncomeNetOfTax": "None", "ebit": "-77000000", "ebitda": "105000000", "netIncome": "-125000000"}, {"fiscalDateEnding": "2016-09-30", "reportedCurrency": "USD", "grossProfit": "188000000", "totalRevenue": "2333000000", "costOfRevenue": "2145000000", "costofGoodsAndServicesSold": "2145000000", "operatingIncome": "111000000", "sellingGeneralAndAdministrative": "92000000", "researchAndDevelopment": "8000000", "operatingExpenses": "77000000", "investmentIncomeNet": "None", "netInterestIncome": "None", "interestIncome": "None", "interestExpense": "67000000", "nonInterestIncome": "None", "otherNonOperatingIncome": "106000000", "depreciation": "None", "depreciationAndAmortization": "181000000", "incomeBeforeTax": "106000000", "incomeTaxExpense": "92000000", "interestAndDebtExpense": "None", "netIncomeFromContinuingOperations": "14000000", "comprehensiveIncomeNetOfTax": "None", "ebit": "173000000", "ebitda": "354000000", "netIncome": "-6000000"}, {"fiscalDateEnding": "2016-06-30", "reportedCurrency": "USD", "grossProfit": "382000000", "totalRevenue": "2323000000", "costOfRevenue": "1941000000", "costofGoodsAndServicesSold": "1941000000", "operatingIncome": "56000000", "sellingGeneralAndAdministrative": "90000000", "researchAndDevelopment": "7000000", "operatingExpenses": "2267000000", "investmentIncomeNet": "None", "netInterestIncome": "None", "interestIncome": "None", "interestExpense": "66000000", "nonInterestIncome": "None", "otherNonOperatingIncome": "None", "depreciation": "None", "depreciationAndAmortization": "178000000", "incomeBeforeTax": "56000000", "incomeTaxExpense": "68000000", "interestAndDebtExpense": "None", "netIncomeFromContinuingOperations": "0", "comprehensiveIncomeNetOfTax": "None", "ebit": "56000000", "ebitda": "234000000", "netIncome": "-55000000"}, {"fiscalDateEnding": "2016-03-31", "reportedCurrency": "USD", "grossProfit": "263000000", "totalRevenue": "2129000000", "costOfRevenue": "1866000000", "costofGoodsAndServicesSold": "1866000000", "operatingIncome": "-197000000", "sellingGeneralAndAdministrative": "85000000", "researchAndDevelopment": "11000000", "operatingExpenses": "2326000000", "investmentIncomeNet": "None", "netInterestIncome": "None", "interestIncome": "None", "interestExpense": "64000000", "nonInterestIncome": "None", "otherNonOperatingIncome": "None", "depreciation": "None", "depreciationAndAmortization": "177000000", "incomeBeforeTax": "-197000000", "incomeTaxExpense": "18000000", "interestAndDebtExpense": "None", "netIncomeFromContinuingOperations": "0", "comprehensiveIncomeNetOfTax": "None", "ebit": "-197000000", "ebitda": "-20000000", "netIncome": "-210000000"}, {"fiscalDateEnding": "2015-12-31", "reportedCurrency": "USD", "grossProfit": "294000000", "totalRevenue": "2451000000", "costOfRevenue": "2157000000", "costofGoodsAndServicesSold": "2157000000", "operatingIncome": "1000000", "sellingGeneralAndAdministrative": "92000000", "researchAndDevelopment": "15000000", "operatingExpenses": "293000000", "investmentIncomeNet": "None", "netInterestIncome": "None", "interestIncome": "None", "interestExpense": "62000000", "nonInterestIncome": "None", "otherNonOperatingIncome": "None", "depreciation": "None", "depreciationAndAmortization": "186000000", "incomeBeforeTax": "-798000000", "incomeTaxExpense": "92000000", "interestAndDebtExpense": "None", "netIncomeFromContinuingOperations": "-739000000", "comprehensiveIncomeNetOfTax": "None", "ebit": "-736000000", "ebitda": "-550000000", "netIncome": "-826000000"}, {"fiscalDateEnding": "2015-09-30", "reportedCurrency": "USD", "grossProfit": "440000000", "totalRevenue": "2679000000", "costOfRevenue": "2239000000", "costofGoodsAndServicesSold": "2239000000", "operatingIncome": "14000000", "sellingGeneralAndAdministrative": "95000000", "researchAndDevelopment": "14000000", "operatingExpenses": "2665000000", "investmentIncomeNet": "None", "netInterestIncome": "None", "interestIncome": "None", "interestExpense": "69000000", "nonInterestIncome": "None", "otherNonOperatingIncome": "None", "depreciation": "None", "depreciationAndAmortization": "190000000", "incomeBeforeTax": "14000000", "incomeTaxExpense": "77000000", "interestAndDebtExpense": "None", "netIncomeFromContinuingOperations": "0", "comprehensiveIncomeNetOfTax": "None", "ebit": "14000000", "ebitda": "204000000", "netIncome": "-124000000"}, {"fiscalDateEnding": "2015-06-30", "reportedCurrency": "USD", "grossProfit": "612000000", "totalRevenue": "2964000000", "costOfRevenue": "2352000000", "costofGoodsAndServicesSold": "2352000000", "operatingIncome": "293000000", "sellingGeneralAndAdministrative": "82000000", "researchAndDevelopment": "37000000", "operatingExpenses": "319000000", "investmentIncomeNet": "None", "netInterestIncome": "None", "interestIncome": "None", "interestExpense": "69000000", "nonInterestIncome": "None", "otherNonOperatingIncome": "None", "depreciation": "None", "depreciationAndAmortization": "200000000", "incomeBeforeTax": "17000000", "incomeTaxExpense": "47000000", "interestAndDebtExpense": "None", "netIncomeFromContinuingOperations": "0", "comprehensiveIncomeNetOfTax": "None", "ebit": "86000000", "ebitda": "286000000", "netIncome": "-97000000"}, {"fiscalDateEnding": "2015-03-31", "reportedCurrency": "USD", "grossProfit": "814000000", "totalRevenue": "3105000000", "costOfRevenue": "2291000000", "costofGoodsAndServicesSold": "2291000000", "operatingIncome": "412000000", "sellingGeneralAndAdministrative": "84000000", "researchAndDevelopment": "21000000", "operatingExpenses": "2693000000", "investmentIncomeNet": "None", "netInterestIncome": "None", "interestIncome": "None", "interestExpense": "70000000", "nonInterestIncome": "None", "otherNonOperatingIncome": "None", "depreciation": "None", "depreciationAndAmortization": "204000000", "incomeBeforeTax": "412000000", "incomeTaxExpense": "186000000", "interestAndDebtExpense": "None", "netIncomeFromContinuingOperations": "0", "comprehensiveIncomeNetOfTax": "None", "ebit": "412000000", "ebitda": "616000000", "netIncome": "166000000"}, {"fiscalDateEnding": "2014-12-31", "reportedCurrency": "USD", "grossProfit": "2599000000", "totalRevenue": "13147000000", "costOfRevenue": "10548000000", "costofGoodsAndServicesSold": "10548000000", "operatingIncome": "1167000000", "sellingGeneralAndAdministrative": "478000000", "researchAndDevelopment": "95000000", "operatingExpenses": "11931000000", "investmentIncomeNet": "None", "netInterestIncome": "None", "interestIncome": "None", "interestExpense": "343000000", "nonInterestIncome": "None", "otherNonOperatingIncome": "None", "depreciation": "None", "depreciationAndAmortization": "None", "incomeBeforeTax": "-63000000", "incomeTaxExpense": "284000000", "interestAndDebtExpense": "None", "netIncomeFromContinuingOperations": "-347000000", "comprehensiveIncomeNetOfTax": "None", "ebit": "1216000000", "ebitda": "None", "netIncome": "-256000000"}]}