{"symbol": "TJX", "annualReports": [{"fiscalDateEnding": "2025-01-31", "reportedCurrency": "USD", "grossProfit": "17248000000", "totalRevenue": "56360000000", "costOfRevenue": "39112000000", "costofGoodsAndServicesSold": "39112000000", "operatingIncome": "6302000000", "sellingGeneralAndAdministrative": "10329000000", "researchAndDevelopment": "None", "operatingExpenses": "10946000000", "investmentIncomeNet": "None", "netInterestIncome": "181000000", "interestIncome": "257000000", "interestExpense": "76000000", "nonInterestIncome": "None", "otherNonOperatingIncome": "None", "depreciation": "None", "depreciationAndAmortization": "1104000000", "incomeBeforeTax": "6483000000", "incomeTaxExpense": "1619000000", "interestAndDebtExpense": "None", "netIncomeFromContinuingOperations": "4864000000", "comprehensiveIncomeNetOfTax": "None", "ebit": "6559000000", "ebitda": "7663000000", "netIncome": "4864000000"}, {"fiscalDateEnding": "2024-01-31", "reportedCurrency": "USD", "grossProfit": "16266000000", "totalRevenue": "54217000000", "costOfRevenue": "37951000000", "costofGoodsAndServicesSold": "37951000000", "operatingIncome": "5797000000", "sellingGeneralAndAdministrative": "9896000000", "researchAndDevelopment": "None", "operatingExpenses": "10469000000", "investmentIncomeNet": "None", "netInterestIncome": "170000000", "interestIncome": "249000000", "interestExpense": "79000000", "nonInterestIncome": "None", "otherNonOperatingIncome": "None", "depreciation": "None", "depreciationAndAmortization": "964000000", "incomeBeforeTax": "5967000000", "incomeTaxExpense": "1493000000", "interestAndDebtExpense": "None", "netIncomeFromContinuingOperations": "4474000000", "comprehensiveIncomeNetOfTax": "None", "ebit": "6046000000", "ebitda": "7010000000", "netIncome": "4474000000"}, {"fiscalDateEnding": "2023-01-31", "reportedCurrency": "USD", "grossProfit": "13787000000", "totalRevenue": "49936000000", "costOfRevenue": "36149000000", "costofGoodsAndServicesSold": "36149000000", "operatingIncome": "4860000000", "sellingGeneralAndAdministrative": "8420000000", "researchAndDevelopment": "None", "operatingExpenses": "8927000000", "investmentIncomeNet": "None", "netInterestIncome": "-6000000", "interestIncome": "6000000", "interestExpense": "84000000", "nonInterestIncome": "None", "otherNonOperatingIncome": "None", "depreciation": "None", "depreciationAndAmortization": "887000000", "incomeBeforeTax": "4636000000", "incomeTaxExpense": "1138000000", "interestAndDebtExpense": "None", "netIncomeFromContinuingOperations": "3498000000", "comprehensiveIncomeNetOfTax": "None", "ebit": "4720000000", "ebitda": "5607000000", "netIncome": "3498000000"}, {"fiscalDateEnding": "2022-01-31", "reportedCurrency": "USD", "grossProfit": "13836000000", "totalRevenue": "48550000000", "costOfRevenue": "34714000000", "costofGoodsAndServicesSold": "34714000000", "operatingIncome": "4755000000", "sellingGeneralAndAdministrative": "8575000000", "researchAndDevelopment": "None", "operatingExpenses": "9081000000", "investmentIncomeNet": "None", "netInterestIncome": "-115076000", "interestIncome": "115076000", "interestExpense": "119000000", "nonInterestIncome": "None", "otherNonOperatingIncome": "None", "depreciation": "None", "depreciationAndAmortization": "868000000", "incomeBeforeTax": "4398000000", "incomeTaxExpense": "1115000000", "interestAndDebtExpense": "None", "netIncomeFromContinuingOperations": "3282815000", "comprehensiveIncomeNetOfTax": "None", "ebit": "4517000000", "ebitda": "5385000000", "netIncome": "3283000000"}, {"fiscalDateEnding": "2021-01-31", "reportedCurrency": "USD", "grossProfit": "7603000000", "totalRevenue": "32137000000", "costOfRevenue": "24534000000", "costofGoodsAndServicesSold": "24534000000", "operatingIncome": "582000000", "sellingGeneralAndAdministrative": "7020917000", "researchAndDevelopment": "None", "operatingExpenses": "7021000000", "investmentIncomeNet": "None", "netInterestIncome": "-180734000", "interestIncome": "180734000", "interestExpense": "194000000", "nonInterestIncome": "None", "otherNonOperatingIncome": "None", "depreciation": "None", "depreciationAndAmortization": "871000000", "incomeBeforeTax": "89000000", "incomeTaxExpense": "-1000000", "interestAndDebtExpense": "None", "netIncomeFromContinuingOperations": "90470000", "comprehensiveIncomeNetOfTax": "None", "ebit": "283000000", "ebitda": "1154000000", "netIncome": "90000000"}, {"fiscalDateEnding": "2020-01-31", "reportedCurrency": "USD", "grossProfit": "11871197000", "totalRevenue": "41716977000", "costOfRevenue": "29845780000", "costofGoodsAndServicesSold": "29845780000", "operatingIncome": "4416209000", "sellingGeneralAndAdministrative": "10425781000", "researchAndDevelopment": "None", "operatingExpenses": "7454988000", "investmentIncomeNet": "None", "netInterestIncome": "-10026000", "interestIncome": "49060000", "interestExpense": "59086000", "nonInterestIncome": "None", "otherNonOperatingIncome": "None", "depreciation": "None", "depreciationAndAmortization": "867303000", "incomeBeforeTax": "4406183000", "incomeTaxExpense": "1133990000", "interestAndDebtExpense": "None", "netIncomeFromContinuingOperations": "3272193000", "comprehensiveIncomeNetOfTax": "None", "ebit": "4465269000", "ebitda": "5332572000", "netIncome": "3272193000"}, {"fiscalDateEnding": "2019-01-31", "reportedCurrency": "USD", "grossProfit": "11141757000", "totalRevenue": "38972934000", "costOfRevenue": "27831177000", "costofGoodsAndServicesSold": "27831177000", "operatingIncome": "4218193000", "sellingGeneralAndAdministrative": "6907415000", "researchAndDevelopment": "0", "operatingExpenses": "6923564000", "investmentIncomeNet": "None", "netInterestIncome": "-8860000", "interestIncome": "55979000", "interestExpense": "64839000", "nonInterestIncome": "None", "otherNonOperatingIncome": "None", "depreciation": "None", "depreciationAndAmortization": "819655000", "incomeBeforeTax": "4173211000", "incomeTaxExpense": "1113413000", "interestAndDebtExpense": "None", "netIncomeFromContinuingOperations": "3059798000", "comprehensiveIncomeNetOfTax": "None", "ebit": "4238050000", "ebitda": "5057705000", "netIncome": "3059798000"}, {"fiscalDateEnding": "2018-01-31", "reportedCurrency": "USD", "grossProfit": "10362497000", "totalRevenue": "35864664000", "costOfRevenue": "25502167000", "costofGoodsAndServicesSold": "25502167000", "operatingIncome": "3987426000", "sellingGeneralAndAdministrative": "6373864000", "researchAndDevelopment": "0", "operatingExpenses": "6375071000", "investmentIncomeNet": "None", "netInterestIncome": "-31588000", "interestIncome": "32707000", "interestExpense": "64295000", "nonInterestIncome": "None", "otherNonOperatingIncome": "None", "depreciation": "None", "depreciationAndAmortization": "725957000", "incomeBeforeTax": "3856588000", "incomeTaxExpense": "1248640000", "interestAndDebtExpense": "None", "netIncomeFromContinuingOperations": "2607948000", "comprehensiveIncomeNetOfTax": "None", "ebit": "3920883000", "ebitda": "4646840000", "netIncome": "2607948000"}, {"fiscalDateEnding": "2017-01-31", "reportedCurrency": "USD", "grossProfit": "9617990000", "totalRevenue": "33183744000", "costOfRevenue": "23565754000", "costofGoodsAndServicesSold": "23565754000", "operatingIncome": "3849523000", "sellingGeneralAndAdministrative": "5785717000", "researchAndDevelopment": "0", "operatingExpenses": "5768467000", "investmentIncomeNet": "None", "netInterestIncome": "-43534000", "interestIncome": "18137000", "interestExpense": "61671000", "nonInterestIncome": "None", "otherNonOperatingIncome": "-51773000", "depreciation": "None", "depreciationAndAmortization": "658796000", "incomeBeforeTax": "3723043000", "incomeTaxExpense": "1424809000", "interestAndDebtExpense": "None", "netIncomeFromContinuingOperations": "2298234000", "comprehensiveIncomeNetOfTax": "None", "ebit": "3784714000", "ebitda": "4443510000", "netIncome": "2298234000"}, {"fiscalDateEnding": "2016-01-31", "reportedCurrency": "USD", "grossProfit": "8910415000", "totalRevenue": "30944938000", "costOfRevenue": "22034523000", "costofGoodsAndServicesSold": "22034523000", "operatingIncome": "3704700000", "sellingGeneralAndAdministrative": "5205715000", "researchAndDevelopment": "0", "operatingExpenses": "5205715000", "investmentIncomeNet": "None", "netInterestIncome": "None", "interestIncome": "46400000", "interestExpense": "60269000", "nonInterestIncome": "None", "otherNonOperatingIncome": "None", "depreciation": "None", "depreciationAndAmortization": "616696000", "incomeBeforeTax": "3658300000", "incomeTaxExpense": "1380642000", "interestAndDebtExpense": "None", "netIncomeFromContinuingOperations": "2277658000", "comprehensiveIncomeNetOfTax": "None", "ebit": "3718569000", "ebitda": "4335265000", "netIncome": "2277658000"}, {"fiscalDateEnding": "2015-01-31", "reportedCurrency": "USD", "grossProfit": "8301885000", "totalRevenue": "29078407000", "costOfRevenue": "20776522000", "costofGoodsAndServicesSold": "20776522000", "operatingIncome": "3606501000", "sellingGeneralAndAdministrative": "4695384000", "researchAndDevelopment": "0", "operatingExpenses": "4695384000", "investmentIncomeNet": "None", "netInterestIncome": "None", "interestIncome": "None", "interestExpense": "55380000", "nonInterestIncome": "None", "otherNonOperatingIncome": "-16830000", "depreciation": "None", "depreciationAndAmortization": "588975000", "incomeBeforeTax": "3549884000", "incomeTaxExpense": "1334756000", "interestAndDebtExpense": "None", "netIncomeFromContinuingOperations": "2215128000", "comprehensiveIncomeNetOfTax": "None", "ebit": "3605264000", "ebitda": "4194239000", "netIncome": "2215128000"}, {"fiscalDateEnding": "2014-01-31", "reportedCurrency": "USD", "grossProfit": "7817659000", "totalRevenue": "27422696000", "costOfRevenue": "19605037000", "costofGoodsAndServicesSold": "19605037000", "operatingIncome": "3350570000", "sellingGeneralAndAdministrative": "4467000000", "researchAndDevelopment": "0", "operatingExpenses": "4467089000", "investmentIncomeNet": "None", "netInterestIncome": "None", "interestIncome": "None", "interestExpense": "46091000", "nonInterestIncome": "None", "otherNonOperatingIncome": "None", "depreciation": "None", "depreciationAndAmortization": "548823000", "incomeBeforeTax": "3319489000", "incomeTaxExpense": "1182093000", "interestAndDebtExpense": "None", "netIncomeFromContinuingOperations": "2137396000", "comprehensiveIncomeNetOfTax": "None", "ebit": "3365580000", "ebitda": "3914403000", "netIncome": "2137396000"}, {"fiscalDateEnding": "2013-01-31", "reportedCurrency": "USD", "grossProfit": "7356972000", "totalRevenue": "25878372000", "costOfRevenue": "18521400000", "costofGoodsAndServicesSold": "18521400000", "operatingIncome": "3106526000", "sellingGeneralAndAdministrative": "4250000000", "researchAndDevelopment": "0", "operatingExpenses": "4250446000", "investmentIncomeNet": "None", "netInterestIncome": "None", "interestIncome": "None", "interestExpense": "40832000", "nonInterestIncome": "None", "otherNonOperatingIncome": "None", "depreciation": "None", "depreciationAndAmortization": "508929000", "incomeBeforeTax": "3077351000", "incomeTaxExpense": "1170664000", "interestAndDebtExpense": "None", "netIncomeFromContinuingOperations": "1906687000", "comprehensiveIncomeNetOfTax": "None", "ebit": "3118183000", "ebitda": "3627112000", "netIncome": "1906687000"}, {"fiscalDateEnding": "2012-01-31", "reportedCurrency": "USD", "grossProfit": "6337206000", "totalRevenue": "23191455000", "costOfRevenue": "16854249000", "costofGoodsAndServicesSold": "16854249000", "operatingIncome": "2447062000", "sellingGeneralAndAdministrative": "3890000000", "researchAndDevelopment": "0", "operatingExpenses": "3890144000", "investmentIncomeNet": "None", "netInterestIncome": "None", "interestIncome": "None", "interestExpense": "46683000", "nonInterestIncome": "None", "otherNonOperatingIncome": "None", "depreciation": "None", "depreciationAndAmortization": "485701000", "incomeBeforeTax": "2411414000", "incomeTaxExpense": "915324000", "interestAndDebtExpense": "None", "netIncomeFromContinuingOperations": "1496090000", "comprehensiveIncomeNetOfTax": "None", "ebit": "2458097000", "ebitda": "2943798000", "netIncome": "1496090000"}, {"fiscalDateEnding": "2011-01-31", "reportedCurrency": "USD", "grossProfit": "5901732000", "totalRevenue": "21942193000", "costOfRevenue": "16040461000", "costofGoodsAndServicesSold": "16040461000", "operatingIncome": "2203229000", "sellingGeneralAndAdministrative": "3699000000", "researchAndDevelopment": "0", "operatingExpenses": "3698503000", "investmentIncomeNet": "None", "netInterestIncome": "None", "interestIncome": "None", "interestExpense": "49014000", "nonInterestIncome": "None", "otherNonOperatingIncome": "None", "depreciation": "None", "depreciationAndAmortization": "458052000", "incomeBeforeTax": "2164092000", "incomeTaxExpense": "824562000", "interestAndDebtExpense": "None", "netIncomeFromContinuingOperations": "1339530000", "comprehensiveIncomeNetOfTax": "None", "ebit": "2213106000", "ebitda": "2671158000", "netIncome": "1343141000"}, {"fiscalDateEnding": "2010-01-31", "reportedCurrency": "USD", "grossProfit": "5320015000", "totalRevenue": "20288444000", "costOfRevenue": "14968429000", "costofGoodsAndServicesSold": "14968429000", "operatingIncome": "1991829000", "sellingGeneralAndAdministrative": "3329000000", "researchAndDevelopment": "0", "operatingExpenses": "3328186000", "investmentIncomeNet": "None", "netInterestIncome": "None", "interestIncome": "None", "interestExpense": "49278000", "nonInterestIncome": "None", "otherNonOperatingIncome": "None", "depreciation": "None", "depreciationAndAmortization": "435218000", "incomeBeforeTax": "1951562000", "incomeTaxExpense": "737990000", "interestAndDebtExpense": "None", "netIncomeFromContinuingOperations": "1213572000", "comprehensiveIncomeNetOfTax": "None", "ebit": "2000840000", "ebitda": "2436058000", "netIncome": "1213572000"}, {"fiscalDateEnding": "2009-01-31", "reportedCurrency": "USD", "grossProfit": "4570320000", "totalRevenue": "18999505000", "costOfRevenue": "14429185000", "costofGoodsAndServicesSold": "14429185000", "operatingIncome": "1465231000", "sellingGeneralAndAdministrative": "3139518000", "researchAndDevelopment": "None", "operatingExpenses": "3105089000", "investmentIncomeNet": "None", "netInterestIncome": "None", "interestIncome": "None", "interestExpense": "38123000", "nonInterestIncome": "None", "otherNonOperatingIncome": "None", "depreciation": "None", "depreciationAndAmortization": "401707000", "incomeBeforeTax": "1450940000", "incomeTaxExpense": "536054000", "interestAndDebtExpense": "None", "netIncomeFromContinuingOperations": "None", "comprehensiveIncomeNetOfTax": "None", "ebit": "1489063000", "ebitda": "1890770000", "netIncome": "880617000"}, {"fiscalDateEnding": "2008-01-31", "reportedCurrency": "USD", "grossProfit": "4495031000", "totalRevenue": "18336726000", "costOfRevenue": "13841695000", "costofGoodsAndServicesSold": "13841695000", "operatingIncome": "1258489000", "sellingGeneralAndAdministrative": "3324000000", "researchAndDevelopment": "None", "operatingExpenses": "3236542000", "investmentIncomeNet": "None", "netInterestIncome": "None", "interestIncome": "None", "interestExpense": "1598000", "nonInterestIncome": "None", "otherNonOperatingIncome": "None", "depreciation": "None", "depreciationAndAmortization": "426766000", "incomeBeforeTax": "1260087000", "incomeTaxExpense": "477655000", "interestAndDebtExpense": "None", "netIncomeFromContinuingOperations": "None", "comprehensiveIncomeNetOfTax": "None", "ebit": "1258489000", "ebitda": "1685255000", "netIncome": "771750000"}, {"fiscalDateEnding": "2007-01-31", "reportedCurrency": "USD", "grossProfit": "4134017000", "totalRevenue": "17104013000", "costOfRevenue": "12969996000", "costofGoodsAndServicesSold": "12969996000", "operatingIncome": "1279774000", "sellingGeneralAndAdministrative": "2929000000", "researchAndDevelopment": "None", "operatingExpenses": "2854243000", "investmentIncomeNet": "None", "netInterestIncome": "None", "interestIncome": "None", "interestExpense": "15566000", "nonInterestIncome": "None", "otherNonOperatingIncome": "None", "depreciation": "None", "depreciationAndAmortization": "422914000", "incomeBeforeTax": "1264208000", "incomeTaxExpense": "477036000", "interestAndDebtExpense": "None", "netIncomeFromContinuingOperations": "None", "comprehensiveIncomeNetOfTax": "None", "ebit": "1279774000", "ebitda": "1702688000", "netIncome": "738039000"}, {"fiscalDateEnding": "2006-01-31", "reportedCurrency": "USD", "grossProfit": "3741272000", "totalRevenue": "15955943000", "costOfRevenue": "12214671000", "costofGoodsAndServicesSold": "12214671000", "operatingIncome": "1038001000", "sellingGeneralAndAdministrative": "2724000000", "researchAndDevelopment": "None", "operatingExpenses": "2703271000", "investmentIncomeNet": "None", "netInterestIncome": "None", "interestIncome": "None", "interestExpense": "29632000", "nonInterestIncome": "None", "otherNonOperatingIncome": "None", "depreciation": "None", "depreciationAndAmortization": "405475000", "incomeBeforeTax": "1009327000", "incomeTaxExpense": "318535000", "interestAndDebtExpense": "None", "netIncomeFromContinuingOperations": "None", "comprehensiveIncomeNetOfTax": "None", "ebit": "1038001000", "ebitda": "1443476000", "netIncome": "690423000"}], "quarterlyReports": [{"fiscalDateEnding": "2025-10-31", "reportedCurrency": "USD", "grossProfit": "4983000000", "totalRevenue": "15117000000", "costOfRevenue": "10134000000", "costofGoodsAndServicesSold": "10134000000", "operatingIncome": "1972000000", "sellingGeneralAndAdministrative": "3039000000", "researchAndDevelopment": "None", "operatingExpenses": "3011000000", "investmentIncomeNet": "None", "netInterestIncome": "28000000", "interestIncome": "47000000", "interestExpense": "28000000", "nonInterestIncome": "None", "otherNonOperatingIncome": "None", "depreciation": "None", "depreciationAndAmortization": "316000000", "incomeBeforeTax": "1916000000", "incomeTaxExpense": "474000000", "interestAndDebtExpense": "None", "netIncomeFromContinuingOperations": "1442000000", "comprehensiveIncomeNetOfTax": "None", "ebit": "1944000000", "ebitda": "2260000000", "netIncome": "1442000000"}, {"fiscalDateEnding": "2025-07-31", "reportedCurrency": "USD", "grossProfit": "4425000000", "totalRevenue": "14401000000", "costOfRevenue": "9976000000", "costofGoodsAndServicesSold": "9976000000", "operatingIncome": "1620000000", "sellingGeneralAndAdministrative": "2805000000", "researchAndDevelopment": "None", "operatingExpenses": "2805000000", "investmentIncomeNet": "None", "netInterestIncome": "27000000", "interestIncome": "45000000", "interestExpense": "18000000", "nonInterestIncome": "None", "otherNonOperatingIncome": "None", "depreciation": "None", "depreciationAndAmortization": "308000000", "incomeBeforeTax": "1647000000", "incomeTaxExpense": "404000000", "interestAndDebtExpense": "None", "netIncomeFromContinuingOperations": "1243000000", "comprehensiveIncomeNetOfTax": "None", "ebit": "1665000000", "ebitda": "1973000000", "netIncome": "1243000000"}, {"fiscalDateEnding": "2025-04-30", "reportedCurrency": "USD", "grossProfit": "3865000000", "totalRevenue": "13111000000", "costOfRevenue": "9246000000", "costofGoodsAndServicesSold": "9246000000", "operatingIncome": "1316000000", "sellingGeneralAndAdministrative": "2549000000", "researchAndDevelopment": "None", "operatingExpenses": "2549000000", "investmentIncomeNet": "None", "netInterestIncome": "30000000", "interestIncome": "48000000", "interestExpense": "18000000", "nonInterestIncome": "None", "otherNonOperatingIncome": "None", "depreciation": "None", "depreciationAndAmortization": "296000000", "incomeBeforeTax": "1346000000", "incomeTaxExpense": "310000000", "interestAndDebtExpense": "None", "netIncomeFromContinuingOperations": "1036000000", "comprehensiveIncomeNetOfTax": "None", "ebit": "1364000000", "ebitda": "1660000000", "netIncome": "1036000000"}, {"fiscalDateEnding": "2025-01-31", "reportedCurrency": "USD", "grossProfit": "4979000000", "totalRevenue": "16350000000", "costOfRevenue": "11371000000", "costofGoodsAndServicesSold": "11371000000", "operatingIncome": "1847000000", "sellingGeneralAndAdministrative": "2515000000", "researchAndDevelopment": "None", "operatingExpenses": "3132000000", "investmentIncomeNet": "None", "netInterestIncome": "42000000", "interestIncome": "59000000", "interestExpense": "17000000", "nonInterestIncome": "None", "otherNonOperatingIncome": "None", "depreciation": "None", "depreciationAndAmortization": "309000000", "incomeBeforeTax": "1889000000", "incomeTaxExpense": "491000000", "interestAndDebtExpense": "None", "netIncomeFromContinuingOperations": "1398000000", "comprehensiveIncomeNetOfTax": "None", "ebit": "1906000000", "ebitda": "2215000000", "netIncome": "1398000000"}, {"fiscalDateEnding": "2024-10-31", "reportedCurrency": "USD", "grossProfit": "4441000000", "totalRevenue": "14063000000", "costOfRevenue": "9622000000", "costofGoodsAndServicesSold": "9622000000", "operatingIncome": "1693000000", "sellingGeneralAndAdministrative": "2748000000", "researchAndDevelopment": "None", "operatingExpenses": "2748000000", "investmentIncomeNet": "None", "netInterestIncome": "43000000", "interestIncome": "63000000", "interestExpense": "20000000", "nonInterestIncome": "None", "otherNonOperatingIncome": "None", "depreciation": "None", "depreciationAndAmortization": "266000000", "incomeBeforeTax": "1736000000", "incomeTaxExpense": "439000000", "interestAndDebtExpense": "None", "netIncomeFromContinuingOperations": "1297000000", "comprehensiveIncomeNetOfTax": "None", "ebit": "1756000000", "ebitda": "2022000000", "netIncome": "1297000000"}, {"fiscalDateEnding": "2024-07-31", "reportedCurrency": "USD", "grossProfit": "4088000000", "totalRevenue": "13468000000", "costOfRevenue": "9380000000", "costofGoodsAndServicesSold": "9380000000", "operatingIncome": "1422000000", "sellingGeneralAndAdministrative": "2666000000", "researchAndDevelopment": "None", "operatingExpenses": "2666000000", "investmentIncomeNet": "None", "netInterestIncome": "46000000", "interestIncome": "66000000", "interestExpense": "20000000", "nonInterestIncome": "None", "otherNonOperatingIncome": "None", "depreciation": "None", "depreciationAndAmortization": "265000000", "incomeBeforeTax": "1468000000", "incomeTaxExpense": "369000000", "interestAndDebtExpense": "None", "netIncomeFromContinuingOperations": "1099000000", "comprehensiveIncomeNetOfTax": "None", "ebit": "1488000000", "ebitda": "1753000000", "netIncome": "1099000000"}, {"fiscalDateEnding": "2024-04-30", "reportedCurrency": "USD", "grossProfit": "3740000000", "totalRevenue": "12479000000", "costOfRevenue": "8739000000", "costofGoodsAndServicesSold": "8739000000", "operatingIncome": "1340000000", "sellingGeneralAndAdministrative": "2400000000", "researchAndDevelopment": "None", "operatingExpenses": "2400000000", "investmentIncomeNet": "None", "netInterestIncome": "50000000", "interestIncome": "69000000", "interestExpense": "19000000", "nonInterestIncome": "None", "otherNonOperatingIncome": "None", "depreciation": "None", "depreciationAndAmortization": "264000000", "incomeBeforeTax": "1390000000", "incomeTaxExpense": "320000000", "interestAndDebtExpense": "None", "netIncomeFromContinuingOperations": "1070000000", "comprehensiveIncomeNetOfTax": "None", "ebit": "1409000000", "ebitda": "1673000000", "netIncome": "1070000000"}, {"fiscalDateEnding": "2024-01-31", "reportedCurrency": "USD", "grossProfit": "4883000000", "totalRevenue": "16411000000", "costOfRevenue": "11528000000", "costofGoodsAndServicesSold": "11528000000", "operatingIncome": "1789000000", "sellingGeneralAndAdministrative": "2521000000", "researchAndDevelopment": "None", "operatingExpenses": "3094000000", "investmentIncomeNet": "None", "netInterestIncome": "54000000", "interestIncome": "73000000", "interestExpense": "19000000", "nonInterestIncome": "None", "otherNonOperatingIncome": "None", "depreciation": "None", "depreciationAndAmortization": "252000000", "incomeBeforeTax": "1843000000", "incomeTaxExpense": "440000000", "interestAndDebtExpense": "None", "netIncomeFromContinuingOperations": "1403000000", "comprehensiveIncomeNetOfTax": "None", "ebit": "1862000000", "ebitda": "2114000000", "netIncome": "1403000000"}, {"fiscalDateEnding": "2023-10-31", "reportedCurrency": "None", "grossProfit": "4126000000", "totalRevenue": "13265000000", "costOfRevenue": "9139000000", "costofGoodsAndServicesSold": "9139000000", "operatingIncome": "1548000000", "sellingGeneralAndAdministrative": "None", "researchAndDevelopment": "None", "operatingExpenses": "2578000000", "investmentIncomeNet": "None", "netInterestIncome": "None", "interestIncome": "None", "interestExpense": "19000000", "nonInterestIncome": "None", "otherNonOperatingIncome": "None", "depreciation": "None", "depreciationAndAmortization": "245000000", "incomeBeforeTax": "1589000000", "incomeTaxExpense": "398000000", "interestAndDebtExpense": "None", "netIncomeFromContinuingOperations": "None", "comprehensiveIncomeNetOfTax": "None", "ebit": "1608000000", "ebitda": "1853000000", "netIncome": "1191000000"}, {"fiscalDateEnding": "2023-07-31", "reportedCurrency": "None", "grossProfit": "3848000000", "totalRevenue": "12758000000", "costOfRevenue": "8910000000", "costofGoodsAndServicesSold": "8910000000", "operatingIncome": "1289000000", "sellingGeneralAndAdministrative": "None", "researchAndDevelopment": "None", "operatingExpenses": "2559000000", "investmentIncomeNet": "None", "netInterestIncome": "None", "interestIncome": "None", "interestExpense": "19000000", "nonInterestIncome": "None", "otherNonOperatingIncome": "None", "depreciation": "None", "depreciationAndAmortization": "235000000", "incomeBeforeTax": "1327000000", "incomeTaxExpense": "338000000", "interestAndDebtExpense": "None", "netIncomeFromContinuingOperations": "None", "comprehensiveIncomeNetOfTax": "None", "ebit": "1346000000", "ebitda": "1581000000", "netIncome": "989000000"}, {"fiscalDateEnding": "2023-04-30", "reportedCurrency": "None", "grossProfit": "3409000000", "totalRevenue": "11783000000", "costOfRevenue": "8374000000", "costofGoodsAndServicesSold": "8374000000", "operatingIncome": "1171000000", "sellingGeneralAndAdministrative": "None", "researchAndDevelopment": "None", "operatingExpenses": "2238000000", "investmentIncomeNet": "None", "netInterestIncome": "None", "interestIncome": "None", "interestExpense": "22000000", "nonInterestIncome": "None", "otherNonOperatingIncome": "None", "depreciation": "None", "depreciationAndAmortization": "232000000", "incomeBeforeTax": "1208000000", "incomeTaxExpense": "317000000", "interestAndDebtExpense": "None", "netIncomeFromContinuingOperations": "None", "comprehensiveIncomeNetOfTax": "None", "ebit": "1230000000", "ebitda": "1462000000", "netIncome": "891000000"}, {"fiscalDateEnding": "2023-01-31", "reportedCurrency": "None", "grossProfit": "3788551000", "totalRevenue": "14520232000", "costOfRevenue": "10731681000", "costofGoodsAndServicesSold": "10731681000", "operatingIncome": "1315940000", "sellingGeneralAndAdministrative": "None", "researchAndDevelopment": "None", "operatingExpenses": "2472611000", "investmentIncomeNet": "None", "netInterestIncome": "None", "interestIncome": "None", "interestExpense": "20000000", "nonInterestIncome": "None", "otherNonOperatingIncome": "None", "depreciation": "None", "depreciationAndAmortization": "230919000", "incomeBeforeTax": "1338924000", "incomeTaxExpense": "300543000", "interestAndDebtExpense": "None", "netIncomeFromContinuingOperations": "None", "comprehensiveIncomeNetOfTax": "None", "ebit": "1358924000", "ebitda": "1589843000", "netIncome": "1038381000"}, {"fiscalDateEnding": "2022-10-31", "reportedCurrency": "None", "grossProfit": "3543000000", "totalRevenue": "12167000000", "costOfRevenue": "8624000000", "costofGoodsAndServicesSold": "8624000000", "operatingIncome": "1358000000", "sellingGeneralAndAdministrative": "None", "researchAndDevelopment": "None", "operatingExpenses": "2185000000", "investmentIncomeNet": "None", "netInterestIncome": "None", "interestIncome": "None", "interestExpense": "20000000", "nonInterestIncome": "None", "otherNonOperatingIncome": "None", "depreciation": "None", "depreciationAndAmortization": "218000000", "incomeBeforeTax": "1359000000", "incomeTaxExpense": "296000000", "interestAndDebtExpense": "None", "netIncomeFromContinuingOperations": "None", "comprehensiveIncomeNetOfTax": "None", "ebit": "1379000000", "ebitda": "1597000000", "netIncome": "1063000000"}, {"fiscalDateEnding": "2022-07-31", "reportedCurrency": "None", "grossProfit": "3272000000", "totalRevenue": "11843000000", "costOfRevenue": "8571000000", "costofGoodsAndServicesSold": "8571000000", "operatingIncome": "1097000000", "sellingGeneralAndAdministrative": "None", "researchAndDevelopment": "None", "operatingExpenses": "2175000000", "investmentIncomeNet": "None", "netInterestIncome": "None", "interestIncome": "None", "interestExpense": "21000000", "nonInterestIncome": "None", "otherNonOperatingIncome": "None", "depreciation": "None", "depreciationAndAmortization": "218000000", "incomeBeforeTax": "1086000000", "incomeTaxExpense": "276000000", "interestAndDebtExpense": "None", "netIncomeFromContinuingOperations": "None", "comprehensiveIncomeNetOfTax": "None", "ebit": "1107000000", "ebitda": "1325000000", "netIncome": "810000000"}, {"fiscalDateEnding": "2022-04-30", "reportedCurrency": "None", "grossProfit": "3183000000", "totalRevenue": "11406000000", "costOfRevenue": "8223000000", "costofGoodsAndServicesSold": "8223000000", "operatingIncome": "1089000000", "sellingGeneralAndAdministrative": "None", "researchAndDevelopment": "None", "operatingExpenses": "2094000000", "investmentIncomeNet": "None", "netInterestIncome": "None", "interestIncome": "None", "interestExpense": "21000000", "nonInterestIncome": "None", "otherNonOperatingIncome": "None", "depreciation": "None", "depreciationAndAmortization": "220000000", "incomeBeforeTax": "852000000", "incomeTaxExpense": "265000000", "interestAndDebtExpense": "None", "netIncomeFromContinuingOperations": "None", "comprehensiveIncomeNetOfTax": "None", "ebit": "873000000", "ebitda": "1093000000", "netIncome": "587000000"}, {"fiscalDateEnding": "2022-01-31", "reportedCurrency": "None", "grossProfit": "3759853000", "totalRevenue": "13854368000", "costOfRevenue": "10094515000", "costofGoodsAndServicesSold": "10094515000", "operatingIncome": "1263948000", "sellingGeneralAndAdministrative": "None", "researchAndDevelopment": "None", "operatingExpenses": "2495905000", "investmentIncomeNet": "None", "netInterestIncome": "None", "interestIncome": "None", "interestExpense": "21812000", "nonInterestIncome": "None", "otherNonOperatingIncome": "None", "depreciation": "None", "depreciationAndAmortization": "220392000", "incomeBeforeTax": "1242895000", "incomeTaxExpense": "302691000", "interestAndDebtExpense": "None", "netIncomeFromContinuingOperations": "None", "comprehensiveIncomeNetOfTax": "None", "ebit": "1264707000", "ebitda": "1485099000", "netIncome": "940204000"}, {"fiscalDateEnding": "2021-10-31", "reportedCurrency": "None", "grossProfit": "3696358000", "totalRevenue": "12531890000", "costOfRevenue": "8835532000", "costofGoodsAndServicesSold": "8835532000", "operatingIncome": "1399709000", "sellingGeneralAndAdministrative": "None", "researchAndDevelopment": "None", "operatingExpenses": "2296649000", "investmentIncomeNet": "None", "netInterestIncome": "None", "interestIncome": "None", "interestExpense": "22000000", "nonInterestIncome": "None", "otherNonOperatingIncome": "None", "depreciation": "None", "depreciationAndAmortization": "217049000", "incomeBeforeTax": "1379035000", "incomeTaxExpense": "356035000", "interestAndDebtExpense": "None", "netIncomeFromContinuingOperations": "None", "comprehensiveIncomeNetOfTax": "None", "ebit": "1401035000", "ebitda": "1618084000", "netIncome": "1023000000"}, {"fiscalDateEnding": "2021-07-31", "reportedCurrency": "None", "grossProfit": "3548933000", "totalRevenue": "12077063000", "costOfRevenue": "8528130000", "costofGoodsAndServicesSold": "8528130000", "operatingIncome": "1325241000", "sellingGeneralAndAdministrative": "None", "researchAndDevelopment": "None", "operatingExpenses": "2223692000", "investmentIncomeNet": "None", "netInterestIncome": "None", "interestIncome": "None", "interestExpense": "29000000", "nonInterestIncome": "None", "otherNonOperatingIncome": "None", "depreciation": "None", "depreciationAndAmortization": "215182000", "incomeBeforeTax": "1054332000", "incomeTaxExpense": "268651000", "interestAndDebtExpense": "None", "netIncomeFromContinuingOperations": "None", "comprehensiveIncomeNetOfTax": "None", "ebit": "1083332000", "ebitda": "1298514000", "netIncome": "785681000"}, {"fiscalDateEnding": "2021-04-30", "reportedCurrency": "None", "grossProfit": "2831026000", "totalRevenue": "10086661000", "costOfRevenue": "7255635000", "costofGoodsAndServicesSold": "7255635000", "operatingIncome": "766034000", "sellingGeneralAndAdministrative": "None", "researchAndDevelopment": "None", "operatingExpenses": "2064992000", "investmentIncomeNet": "None", "netInterestIncome": "None", "interestIncome": "None", "interestExpense": "45900000", "nonInterestIncome": "None", "otherNonOperatingIncome": "None", "depreciation": "None", "depreciationAndAmortization": "215379000", "incomeBeforeTax": "721346000", "incomeTaxExpense": "187416000", "interestAndDebtExpense": "None", "netIncomeFromContinuingOperations": "None", "comprehensiveIncomeNetOfTax": "None", "ebit": "767246000", "ebitda": "982625000", "netIncome": "533930000"}, {"fiscalDateEnding": "2021-01-31", "reportedCurrency": "None", "grossProfit": "3060635000", "totalRevenue": "10943210000", "costOfRevenue": "7882575000", "costofGoodsAndServicesSold": "7882575000", "operatingIncome": "867534000", "sellingGeneralAndAdministrative": "None", "researchAndDevelopment": "None", "operatingExpenses": "2193101000", "investmentIncomeNet": "None", "netInterestIncome": "None", "interestIncome": "None", "interestExpense": "48854000", "nonInterestIncome": "None", "otherNonOperatingIncome": "None", "depreciation": "None", "depreciationAndAmortization": "212261000", "incomeBeforeTax": "508138000", "incomeTaxExpense": "182615000", "interestAndDebtExpense": "None", "netIncomeFromContinuingOperations": "None", "comprehensiveIncomeNetOfTax": "None", "ebit": "556992000", "ebitda": "769253000", "netIncome": "325523000"}, {"fiscalDateEnding": "2020-10-31", "reportedCurrency": "None", "grossProfit": "3055004000", "totalRevenue": "10117289000", "costOfRevenue": "7062285000", "costofGoodsAndServicesSold": "7062285000", "operatingIncome": "1068876000", "sellingGeneralAndAdministrative": "None", "researchAndDevelopment": "None", "operatingExpenses": "1986128000", "investmentIncomeNet": "None", "netInterestIncome": "None", "interestIncome": "None", "interestExpense": "54200000", "nonInterestIncome": "None", "otherNonOperatingIncome": "None", "depreciation": "None", "depreciationAndAmortization": "218972000", "incomeBeforeTax": "1015992000", "incomeTaxExpense": "149336000", "interestAndDebtExpense": "None", "netIncomeFromContinuingOperations": "None", "comprehensiveIncomeNetOfTax": "None", "ebit": "1070192000", "ebitda": "1289164000", "netIncome": "866656000"}, {"fiscalDateEnding": "2020-07-31", "reportedCurrency": "None", "grossProfit": "1493085000", "totalRevenue": "6667575000", "costOfRevenue": "5174490000", "costofGoodsAndServicesSold": "5174490000", "operatingIncome": "-34683000", "sellingGeneralAndAdministrative": "None", "researchAndDevelopment": "None", "operatingExpenses": "1527768000", "investmentIncomeNet": "None", "netInterestIncome": "None", "interestIncome": "None", "interestExpense": "59000000", "nonInterestIncome": "None", "otherNonOperatingIncome": "None", "depreciation": "None", "depreciationAndAmortization": "220065000", "incomeBeforeTax": "-92019000", "incomeTaxExpense": "122201000", "interestAndDebtExpense": "None", "netIncomeFromContinuingOperations": "None", "comprehensiveIncomeNetOfTax": "None", "ebit": "-33019000", "ebitda": "187046000", "netIncome": "-214220000"}, {"fiscalDateEnding": "2020-04-30", "reportedCurrency": "None", "grossProfit": "-5577000", "totalRevenue": "4408888000", "costOfRevenue": "4414465000", "costofGoodsAndServicesSold": "4414465000", "operatingIncome": "-1319497000", "sellingGeneralAndAdministrative": "None", "researchAndDevelopment": "None", "operatingExpenses": "1313920000", "investmentIncomeNet": "None", "netInterestIncome": "None", "interestIncome": "None", "interestExpense": "31600000", "nonInterestIncome": "None", "otherNonOperatingIncome": "None", "depreciation": "None", "depreciationAndAmortization": "219460000", "incomeBeforeTax": "-1342848000", "incomeTaxExpense": "-455359000", "interestAndDebtExpense": "None", "netIncomeFromContinuingOperations": "None", "comprehensiveIncomeNetOfTax": "None", "ebit": "-1311248000", "ebitda": "-1091788000", "netIncome": "-887489000"}, {"fiscalDateEnding": "2020-01-31", "reportedCurrency": "None", "grossProfit": "3464657000", "totalRevenue": "12206462000", "costOfRevenue": "8741805000", "costofGoodsAndServicesSold": "8741805000", "operatingIncome": "1329328000", "sellingGeneralAndAdministrative": "None", "researchAndDevelopment": "None", "operatingExpenses": "2135329000", "investmentIncomeNet": "None", "netInterestIncome": "None", "interestIncome": "None", "interestExpense": "14662000", "nonInterestIncome": "None", "otherNonOperatingIncome": "None", "depreciation": "None", "depreciationAndAmortization": "219914000", "incomeBeforeTax": "1326275000", "incomeTaxExpense": "341485000", "interestAndDebtExpense": "None", "netIncomeFromContinuingOperations": "None", "comprehensiveIncomeNetOfTax": "None", "ebit": "1340937000", "ebitda": "1560851000", "netIncome": "984790000"}, {"fiscalDateEnding": "2019-10-31", "reportedCurrency": "None", "grossProfit": "3011301000", "totalRevenue": "10451334000", "costOfRevenue": "7440033000", "costofGoodsAndServicesSold": "7440033000", "operatingIncome": "1125378000", "sellingGeneralAndAdministrative": "None", "researchAndDevelopment": "None", "operatingExpenses": "1885923000", "investmentIncomeNet": "None", "netInterestIncome": "None", "interestIncome": "None", "interestExpense": "15000000", "nonInterestIncome": "None", "otherNonOperatingIncome": "None", "depreciation": "None", "depreciationAndAmortization": "219555000", "incomeBeforeTax": "1122119000", "incomeTaxExpense": "293856000", "interestAndDebtExpense": "None", "netIncomeFromContinuingOperations": "None", "comprehensiveIncomeNetOfTax": "None", "ebit": "1137119000", "ebitda": "1356674000", "netIncome": "828263000"}, {"fiscalDateEnding": "2019-07-31", "reportedCurrency": "None", "grossProfit": "2755539000", "totalRevenue": "9781596000", "costOfRevenue": "7026057000", "costofGoodsAndServicesSold": "7026057000", "operatingIncome": "1024204000", "sellingGeneralAndAdministrative": "None", "researchAndDevelopment": "None", "operatingExpenses": "1731335000", "investmentIncomeNet": "None", "netInterestIncome": "None", "interestIncome": "None", "interestExpense": "14900000", "nonInterestIncome": "None", "otherNonOperatingIncome": "None", "depreciation": "None", "depreciationAndAmortization": "215633000", "incomeBeforeTax": "1021307000", "incomeTaxExpense": "262345000", "interestAndDebtExpense": "None", "netIncomeFromContinuingOperations": "None", "comprehensiveIncomeNetOfTax": "None", "ebit": "1036207000", "ebitda": "1251840000", "netIncome": "758962000"}, {"fiscalDateEnding": "2019-04-30", "reportedCurrency": "None", "grossProfit": "2639700000", "totalRevenue": "9277585000", "costOfRevenue": "6637885000", "costofGoodsAndServicesSold": "6637885000", "operatingIncome": "937299000", "sellingGeneralAndAdministrative": "None", "researchAndDevelopment": "None", "operatingExpenses": "1702401000", "investmentIncomeNet": "None", "netInterestIncome": "None", "interestIncome": "None", "interestExpense": "14600000", "nonInterestIncome": "None", "otherNonOperatingIncome": "None", "depreciation": "None", "depreciationAndAmortization": "212201000", "incomeBeforeTax": "936482000", "incomeTaxExpense": "236304000", "interestAndDebtExpense": "None", "netIncomeFromContinuingOperations": "None", "comprehensiveIncomeNetOfTax": "None", "ebit": "951082000", "ebitda": "1163283000", "netIncome": "700178000"}, {"fiscalDateEnding": "2019-01-31", "reportedCurrency": "None", "grossProfit": "3093700000", "totalRevenue": "11127340000", "costOfRevenue": "8033640000", "costofGoodsAndServicesSold": "8033640000", "operatingIncome": "1177073000", "sellingGeneralAndAdministrative": "None", "researchAndDevelopment": "None", "operatingExpenses": "1916627000", "investmentIncomeNet": "None", "netInterestIncome": "None", "interestIncome": "None", "interestExpense": "16671000", "nonInterestIncome": "None", "otherNonOperatingIncome": "None", "depreciation": "None", "depreciationAndAmortization": "218428000", "incomeBeforeTax": "1178578000", "incomeTaxExpense": "337040000", "interestAndDebtExpense": "None", "netIncomeFromContinuingOperations": "None", "comprehensiveIncomeNetOfTax": "None", "ebit": "1195249000", "ebitda": "1413677000", "netIncome": "841538000"}, {"fiscalDateEnding": "2018-10-31", "reportedCurrency": "None", "grossProfit": "2842276000", "totalRevenue": "9825759000", "costOfRevenue": "6983483000", "costofGoodsAndServicesSold": "6983483000", "operatingIncome": "1085828000", "sellingGeneralAndAdministrative": "None", "researchAndDevelopment": "None", "operatingExpenses": "1756448000", "investmentIncomeNet": "None", "netInterestIncome": "None", "interestIncome": "None", "interestExpense": "16496000", "nonInterestIncome": "None", "otherNonOperatingIncome": "None", "depreciation": "None", "depreciationAndAmortization": "204912000", "incomeBeforeTax": "1046518000", "incomeTaxExpense": "284265000", "interestAndDebtExpense": "None", "netIncomeFromContinuingOperations": "None", "comprehensiveIncomeNetOfTax": "None", "ebit": "1063014000", "ebitda": "1267926000", "netIncome": "762253000"}, {"fiscalDateEnding": "2018-07-31", "reportedCurrency": "None", "grossProfit": "2695300000", "totalRevenue": "9331115000", "costOfRevenue": "6635815000", "costofGoodsAndServicesSold": "6635815000", "operatingIncome": "995586000", "sellingGeneralAndAdministrative": "None", "researchAndDevelopment": "None", "operatingExpenses": "1699714000", "investmentIncomeNet": "None", "netInterestIncome": "None", "interestIncome": "None", "interestExpense": "15955000", "nonInterestIncome": "None", "otherNonOperatingIncome": "None", "depreciation": "None", "depreciationAndAmortization": "204020000", "incomeBeforeTax": "992557000", "incomeTaxExpense": "252931000", "interestAndDebtExpense": "None", "netIncomeFromContinuingOperations": "None", "comprehensiveIncomeNetOfTax": "None", "ebit": "1008512000", "ebitda": "1212532000", "netIncome": "739626000"}, {"fiscalDateEnding": "2018-04-30", "reportedCurrency": "None", "grossProfit": "2510481000", "totalRevenue": "8688720000", "costOfRevenue": "6178239000", "costofGoodsAndServicesSold": "6178239000", "operatingIncome": "959706000", "sellingGeneralAndAdministrative": "None", "researchAndDevelopment": "None", "operatingExpenses": "1550775000", "investmentIncomeNet": "None", "netInterestIncome": "None", "interestIncome": "None", "interestExpense": "15717000", "nonInterestIncome": "None", "otherNonOperatingIncome": "None", "depreciation": "None", "depreciationAndAmortization": "192295000", "incomeBeforeTax": "955558000", "incomeTaxExpense": "239177000", "interestAndDebtExpense": "None", "netIncomeFromContinuingOperations": "None", "comprehensiveIncomeNetOfTax": "None", "ebit": "971275000", "ebitda": "1163570000", "netIncome": "716381000"}, {"fiscalDateEnding": "2018-01-31", "reportedCurrency": "None", "grossProfit": "3111320000", "totalRevenue": "10960720000", "costOfRevenue": "7849400000", "costofGoodsAndServicesSold": "7849400000", "operatingIncome": "1215719000", "sellingGeneralAndAdministrative": "None", "researchAndDevelopment": "None", "operatingExpenses": "1895601000", "investmentIncomeNet": "None", "netInterestIncome": "None", "interestIncome": "None", "interestExpense": "15942000", "nonInterestIncome": "None", "otherNonOperatingIncome": "None", "depreciation": "None", "depreciationAndAmortization": "193533000", "incomeBeforeTax": "1112380000", "incomeTaxExpense": "235104000", "interestAndDebtExpense": "None", "netIncomeFromContinuingOperations": "None", "comprehensiveIncomeNetOfTax": "None", "ebit": "1128322000", "ebitda": "1321855000", "netIncome": "877276000"}, {"fiscalDateEnding": "2017-10-31", "reportedCurrency": "None", "grossProfit": "2612200000", "totalRevenue": "8762220000", "costOfRevenue": "6150020000", "costofGoodsAndServicesSold": "6150020000", "operatingIncome": "1027981000", "sellingGeneralAndAdministrative": "None", "researchAndDevelopment": "None", "operatingExpenses": "1584219000", "investmentIncomeNet": "None", "netInterestIncome": "None", "interestIncome": "None", "interestExpense": "16283000", "nonInterestIncome": "None", "otherNonOperatingIncome": "None", "depreciation": "None", "depreciationAndAmortization": "184294000", "incomeBeforeTax": "1020000000", "incomeTaxExpense": "378564000", "interestAndDebtExpense": "None", "netIncomeFromContinuingOperations": "None", "comprehensiveIncomeNetOfTax": "None", "ebit": "1036283000", "ebitda": "1220577000", "netIncome": "641436000"}, {"fiscalDateEnding": "2017-07-31", "reportedCurrency": "None", "grossProfit": "2385025000", "totalRevenue": "8357700000", "costOfRevenue": "5972675000", "costofGoodsAndServicesSold": "5972675000", "operatingIncome": "901377000", "sellingGeneralAndAdministrative": "None", "researchAndDevelopment": "None", "operatingExpenses": "1483648000", "investmentIncomeNet": "None", "netInterestIncome": "None", "interestIncome": "None", "interestExpense": "16038000", "nonInterestIncome": "None", "otherNonOperatingIncome": "None", "depreciation": "None", "depreciationAndAmortization": "175645000", "incomeBeforeTax": "891700000", "incomeTaxExpense": "338743000", "interestAndDebtExpense": "None", "netIncomeFromContinuingOperations": "None", "comprehensiveIncomeNetOfTax": "None", "ebit": "907738000", "ebitda": "1083383000", "netIncome": "552957000"}, {"fiscalDateEnding": "2017-04-30", "reportedCurrency": "None", "grossProfit": "2253952000", "totalRevenue": "7784024000", "costOfRevenue": "5530072000", "costofGoodsAndServicesSold": "5530072000", "operatingIncome": "842349000", "sellingGeneralAndAdministrative": "None", "researchAndDevelopment": "None", "operatingExpenses": "1411603000", "investmentIncomeNet": "None", "netInterestIncome": "None", "interestIncome": "None", "interestExpense": "16032000", "nonInterestIncome": "None", "otherNonOperatingIncome": "None", "depreciation": "None", "depreciationAndAmortization": "172485000", "incomeBeforeTax": "832508000", "incomeTaxExpense": "296229000", "interestAndDebtExpense": "None", "netIncomeFromContinuingOperations": "None", "comprehensiveIncomeNetOfTax": "None", "ebit": "848540000", "ebitda": "1021025000", "netIncome": "536279000"}, {"fiscalDateEnding": "2017-01-31", "reportedCurrency": "None", "grossProfit": "2680870000", "totalRevenue": "9467647000", "costOfRevenue": "6786777000", "costofGoodsAndServicesSold": "6786777000", "operatingIncome": "1103275000", "sellingGeneralAndAdministrative": "None", "researchAndDevelopment": "None", "operatingExpenses": "1577595000", "investmentIncomeNet": "None", "netInterestIncome": "None", "interestIncome": "None", "interestExpense": "15171000", "nonInterestIncome": "None", "otherNonOperatingIncome": "None", "depreciation": "None", "depreciationAndAmortization": "166401000", "incomeBeforeTax": "1093659000", "incomeTaxExpense": "415731000", "interestAndDebtExpense": "None", "netIncomeFromContinuingOperations": "None", "comprehensiveIncomeNetOfTax": "None", "ebit": "1108830000", "ebitda": "1275231000", "netIncome": "677928000"}, {"fiscalDateEnding": "2016-10-31", "reportedCurrency": "None", "grossProfit": "2447815000", "totalRevenue": "8291688000", "costOfRevenue": "5843873000", "costofGoodsAndServicesSold": "5843873000", "operatingIncome": "985241000", "sellingGeneralAndAdministrative": "None", "researchAndDevelopment": "None", "operatingExpenses": "1462574000", "investmentIncomeNet": "None", "netInterestIncome": "None", "interestIncome": "None", "interestExpense": "16958000", "nonInterestIncome": "None", "otherNonOperatingIncome": "None", "depreciation": "None", "depreciationAndAmortization": "167628000", "incomeBeforeTax": "889833000", "incomeTaxExpense": "340047000", "interestAndDebtExpense": "None", "netIncomeFromContinuingOperations": "None", "comprehensiveIncomeNetOfTax": "None", "ebit": "906791000", "ebitda": "1074419000", "netIncome": "549786000"}, {"fiscalDateEnding": "2016-07-31", "reportedCurrency": "None", "grossProfit": "2319092000", "totalRevenue": "7882053000", "costOfRevenue": "5562961000", "costofGoodsAndServicesSold": "5562961000", "operatingIncome": "925844000", "sellingGeneralAndAdministrative": "None", "researchAndDevelopment": "None", "operatingExpenses": "1393248000", "investmentIncomeNet": "None", "netInterestIncome": "None", "interestIncome": "None", "interestExpense": "14556000", "nonInterestIncome": "None", "otherNonOperatingIncome": "None", "depreciation": "None", "depreciationAndAmortization": "167753000", "incomeBeforeTax": "914582000", "incomeTaxExpense": "352408000", "interestAndDebtExpense": "None", "netIncomeFromContinuingOperations": "None", "comprehensiveIncomeNetOfTax": "None", "ebit": "929138000", "ebitda": "1096891000", "netIncome": "562174000"}, {"fiscalDateEnding": "2016-04-30", "reportedCurrency": "None", "grossProfit": "2170213000", "totalRevenue": "7542356000", "costOfRevenue": "5372143000", "costofGoodsAndServicesSold": "5372143000", "operatingIncome": "835163000", "sellingGeneralAndAdministrative": "None", "researchAndDevelopment": "None", "operatingExpenses": "1335050000", "investmentIncomeNet": "None", "netInterestIncome": "None", "interestIncome": "None", "interestExpense": "14986000", "nonInterestIncome": "None", "otherNonOperatingIncome": "None", "depreciation": "None", "depreciationAndAmortization": "157014000", "incomeBeforeTax": "824969000", "incomeTaxExpense": "316623000", "interestAndDebtExpense": "None", "netIncomeFromContinuingOperations": "None", "comprehensiveIncomeNetOfTax": "None", "ebit": "839955000", "ebitda": "996969000", "netIncome": "508346000"}, {"fiscalDateEnding": "2016-01-31", "reportedCurrency": "None", "grossProfit": "2573883000", "totalRevenue": "8962075000", "costOfRevenue": "6388192000", "costofGoodsAndServicesSold": "6388192000", "operatingIncome": "1076764000", "sellingGeneralAndAdministrative": "None", "researchAndDevelopment": "None", "operatingExpenses": "1497119000", "investmentIncomeNet": "None", "netInterestIncome": "None", "interestIncome": "None", "interestExpense": "15120000", "nonInterestIncome": "None", "otherNonOperatingIncome": "None", "depreciation": "None", "depreciationAndAmortization": "162990000", "incomeBeforeTax": "1065801000", "incomeTaxExpense": "399335000", "interestAndDebtExpense": "None", "netIncomeFromContinuingOperations": "None", "comprehensiveIncomeNetOfTax": "None", "ebit": "1080921000", "ebitda": "1243911000", "netIncome": "666466000"}, {"fiscalDateEnding": "2015-10-31", "reportedCurrency": "None", "grossProfit": "2246596000", "totalRevenue": "7753495000", "costOfRevenue": "5506899000", "costofGoodsAndServicesSold": "5506899000", "operatingIncome": "954195000", "sellingGeneralAndAdministrative": "None", "researchAndDevelopment": "None", "operatingExpenses": "1292401000", "investmentIncomeNet": "None", "netInterestIncome": "None", "interestIncome": "None", "interestExpense": "15916000", "nonInterestIncome": "None", "otherNonOperatingIncome": "None", "depreciation": "None", "depreciationAndAmortization": "155248000", "incomeBeforeTax": "941190000", "incomeTaxExpense": "353934000", "interestAndDebtExpense": "None", "netIncomeFromContinuingOperations": "None", "comprehensiveIncomeNetOfTax": "None", "ebit": "957106000", "ebitda": "1112354000", "netIncome": "587256000"}, {"fiscalDateEnding": "2015-07-31", "reportedCurrency": "None", "grossProfit": "2144540000", "totalRevenue": "7363731000", "costOfRevenue": "5219191000", "costofGoodsAndServicesSold": "5219191000", "operatingIncome": "897002000", "sellingGeneralAndAdministrative": "None", "researchAndDevelopment": "None", "operatingExpenses": "1247538000", "investmentIncomeNet": "None", "netInterestIncome": "None", "interestIncome": "None", "interestExpense": "14265000", "nonInterestIncome": "None", "otherNonOperatingIncome": "None", "depreciation": "None", "depreciationAndAmortization": "149918000", "incomeBeforeTax": "886194000", "incomeTaxExpense": "336859000", "interestAndDebtExpense": "None", "netIncomeFromContinuingOperations": "None", "comprehensiveIncomeNetOfTax": "None", "ebit": "900459000", "ebitda": "1050377000", "netIncome": "549335000"}, {"fiscalDateEnding": "2015-04-30", "reportedCurrency": "None", "grossProfit": "1945396000", "totalRevenue": "6865637000", "costOfRevenue": "4920241000", "costofGoodsAndServicesSold": "4920241000", "operatingIncome": "776739000", "sellingGeneralAndAdministrative": "None", "researchAndDevelopment": "None", "operatingExpenses": "1168657000", "investmentIncomeNet": "None", "netInterestIncome": "None", "interestIncome": "None", "interestExpense": "14968000", "nonInterestIncome": "None", "otherNonOperatingIncome": "None", "depreciation": "None", "depreciationAndAmortization": "148540000", "incomeBeforeTax": "765115000", "incomeTaxExpense": "290514000", "interestAndDebtExpense": "None", "netIncomeFromContinuingOperations": "None", "comprehensiveIncomeNetOfTax": "None", "ebit": "780083000", "ebitda": "928623000", "netIncome": "474601000"}, {"fiscalDateEnding": "2015-01-31", "reportedCurrency": "None", "grossProfit": "2344916000", "totalRevenue": "8303953000", "costOfRevenue": "5959037000", "costofGoodsAndServicesSold": "5959037000", "operatingIncome": "1038637000", "sellingGeneralAndAdministrative": "None", "researchAndDevelopment": "None", "operatingExpenses": "1306279000", "investmentIncomeNet": "None", "netInterestIncome": "None", "interestIncome": "None", "interestExpense": "13659000", "nonInterestIncome": "None", "otherNonOperatingIncome": "None", "depreciation": "None", "depreciationAndAmortization": "150813000", "incomeBeforeTax": "1029635000", "incomeTaxExpense": "381405000", "interestAndDebtExpense": "None", "netIncomeFromContinuingOperations": "None", "comprehensiveIncomeNetOfTax": "None", "ebit": "1043294000", "ebitda": "1194107000", "netIncome": "648230000"}, {"fiscalDateEnding": "2014-10-31", "reportedCurrency": "None", "grossProfit": "2162437000", "totalRevenue": "7366066000", "costOfRevenue": "5203629000", "costofGoodsAndServicesSold": "5203629000", "operatingIncome": "969140000", "sellingGeneralAndAdministrative": "None", "researchAndDevelopment": "None", "operatingExpenses": "1193297000", "investmentIncomeNet": "None", "netInterestIncome": "None", "interestIncome": "None", "interestExpense": "13672000", "nonInterestIncome": "None", "otherNonOperatingIncome": "None", "depreciation": "None", "depreciationAndAmortization": "146511000", "incomeBeforeTax": "959100000", "incomeTaxExpense": "364143000", "interestAndDebtExpense": "None", "netIncomeFromContinuingOperations": "None", "comprehensiveIncomeNetOfTax": "None", "ebit": "972772000", "ebitda": "1119283000", "netIncome": "594957000"}, {"fiscalDateEnding": "2014-07-31", "reportedCurrency": "None", "grossProfit": "1981356000", "totalRevenue": "6917212000", "costOfRevenue": "4935856000", "costofGoodsAndServicesSold": "4935856000", "operatingIncome": "858598000", "sellingGeneralAndAdministrative": "None", "researchAndDevelopment": "None", "operatingExpenses": "1122758000", "investmentIncomeNet": "None", "netInterestIncome": "None", "interestIncome": "None", "interestExpense": "14866000", "nonInterestIncome": "None", "otherNonOperatingIncome": "None", "depreciation": "None", "depreciationAndAmortization": "147496000", "incomeBeforeTax": "830618000", "incomeTaxExpense": "312994000", "interestAndDebtExpense": "None", "netIncomeFromContinuingOperations": "None", "comprehensiveIncomeNetOfTax": "None", "ebit": "845484000", "ebitda": "992980000", "netIncome": "517624000"}, {"fiscalDateEnding": "2014-04-30", "reportedCurrency": "None", "grossProfit": "1813176000", "totalRevenue": "6491176000", "costOfRevenue": "4678000000", "costofGoodsAndServicesSold": "4678000000", "operatingIncome": "740126000", "sellingGeneralAndAdministrative": "None", "researchAndDevelopment": "None", "operatingExpenses": "1073050000", "investmentIncomeNet": "None", "netInterestIncome": "None", "interestIncome": "None", "interestExpense": "13183000", "nonInterestIncome": "None", "otherNonOperatingIncome": "None", "depreciation": "None", "depreciationAndAmortization": "144155000", "incomeBeforeTax": "730531000", "incomeTaxExpense": "276214000", "interestAndDebtExpense": "None", "netIncomeFromContinuingOperations": "None", "comprehensiveIncomeNetOfTax": "None", "ebit": "743714000", "ebitda": "887869000", "netIncome": "454317000"}, {"fiscalDateEnding": "2014-01-31", "reportedCurrency": "None", "grossProfit": "2158487000", "totalRevenue": "7808787000", "costOfRevenue": "5650300000", "costofGoodsAndServicesSold": "5650300000", "operatingIncome": "943295000", "sellingGeneralAndAdministrative": "None", "researchAndDevelopment": "None", "operatingExpenses": "1215192000", "investmentIncomeNet": "None", "netInterestIncome": "None", "interestIncome": "None", "interestExpense": "13296000", "nonInterestIncome": "None", "otherNonOperatingIncome": "None", "depreciation": "None", "depreciationAndAmortization": "141541000", "incomeBeforeTax": "935786000", "incomeTaxExpense": "353494000", "interestAndDebtExpense": "None", "netIncomeFromContinuingOperations": "None", "comprehensiveIncomeNetOfTax": "None", "ebit": "949082000", "ebitda": "1090623000", "netIncome": "582292000"}, {"fiscalDateEnding": "2013-10-31", "reportedCurrency": "None", "grossProfit": "2047411000", "totalRevenue": "6981876000", "costOfRevenue": "4934465000", "costofGoodsAndServicesSold": "4934465000", "operatingIncome": "888743000", "sellingGeneralAndAdministrative": "None", "researchAndDevelopment": "None", "operatingExpenses": "1158668000", "investmentIncomeNet": "None", "netInterestIncome": "None", "interestIncome": "None", "interestExpense": "12607000", "nonInterestIncome": "None", "otherNonOperatingIncome": "None", "depreciation": "None", "depreciationAndAmortization": "141312000", "incomeBeforeTax": "879372000", "incomeTaxExpense": "256717000", "interestAndDebtExpense": "None", "netIncomeFromContinuingOperations": "None", "comprehensiveIncomeNetOfTax": "None", "ebit": "891979000", "ebitda": "1033291000", "netIncome": "622655000"}, {"fiscalDateEnding": "2013-07-31", "reportedCurrency": "None", "grossProfit": "1855685000", "totalRevenue": "6442424000", "costOfRevenue": "4586739000", "costofGoodsAndServicesSold": "4586739000", "operatingIncome": "781365000", "sellingGeneralAndAdministrative": "None", "researchAndDevelopment": "None", "operatingExpenses": "1074320000", "investmentIncomeNet": "None", "netInterestIncome": "None", "interestIncome": "None", "interestExpense": "11839000", "nonInterestIncome": "None", "otherNonOperatingIncome": "None", "depreciation": "None", "depreciationAndAmortization": "135427000", "incomeBeforeTax": "772446000", "incomeTaxExpense": "292887000", "interestAndDebtExpense": "None", "netIncomeFromContinuingOperations": "None", "comprehensiveIncomeNetOfTax": "None", "ebit": "784285000", "ebitda": "919712000", "netIncome": "479559000"}, {"fiscalDateEnding": "2013-04-30", "reportedCurrency": "None", "grossProfit": "1756076000", "totalRevenue": "6189609000", "costOfRevenue": "4433533000", "costofGoodsAndServicesSold": "4433533000", "operatingIncome": "737167000", "sellingGeneralAndAdministrative": "None", "researchAndDevelopment": "None", "operatingExpenses": "1018909000", "investmentIncomeNet": "None", "netInterestIncome": "None", "interestIncome": "None", "interestExpense": "8352000", "nonInterestIncome": "None", "otherNonOperatingIncome": "None", "depreciation": "None", "depreciationAndAmortization": "130543000", "incomeBeforeTax": "731885000", "incomeTaxExpense": "278995000", "interestAndDebtExpense": "None", "netIncomeFromContinuingOperations": "None", "comprehensiveIncomeNetOfTax": "None", "ebit": "740237000", "ebitda": "870780000", "netIncome": "452890000"}, {"fiscalDateEnding": "2013-01-31", "reportedCurrency": "None", "grossProfit": "2209288000", "totalRevenue": "7723814000", "costOfRevenue": "5514526000", "costofGoodsAndServicesSold": "5514526000", "operatingIncome": "969764000", "sellingGeneralAndAdministrative": "None", "researchAndDevelopment": "None", "operatingExpenses": "1239524000", "investmentIncomeNet": "None", "netInterestIncome": "None", "interestIncome": "None", "interestExpense": "8597000", "nonInterestIncome": "None", "otherNonOperatingIncome": "None", "depreciation": "None", "depreciationAndAmortization": "136562000", "incomeBeforeTax": "964687000", "incomeTaxExpense": "359843000", "interestAndDebtExpense": "None", "netIncomeFromContinuingOperations": "None", "comprehensiveIncomeNetOfTax": "None", "ebit": "973284000", "ebitda": "1109846000", "netIncome": "604844000"}, {"fiscalDateEnding": "2012-10-31", "reportedCurrency": "None", "grossProfit": "1844840000", "totalRevenue": "6410913000", "costOfRevenue": "4566073000", "costofGoodsAndServicesSold": "4566073000", "operatingIncome": "754558000", "sellingGeneralAndAdministrative": "None", "researchAndDevelopment": "None", "operatingExpenses": "1090282000", "investmentIncomeNet": "None", "netInterestIncome": "None", "interestIncome": "None", "interestExpense": "8569000", "nonInterestIncome": "None", "otherNonOperatingIncome": "None", "depreciation": "None", "depreciationAndAmortization": "125906000", "incomeBeforeTax": "748469000", "incomeTaxExpense": "286918000", "interestAndDebtExpense": "None", "netIncomeFromContinuingOperations": "None", "comprehensiveIncomeNetOfTax": "None", "ebit": "757038000", "ebitda": "882944000", "netIncome": "461551000"}, {"fiscalDateEnding": "2012-07-31", "reportedCurrency": "None", "grossProfit": "1670486000", "totalRevenue": "5945559000", "costOfRevenue": "4275073000", "costofGoodsAndServicesSold": "4275073000", "operatingIncome": "691972000", "sellingGeneralAndAdministrative": "None", "researchAndDevelopment": "None", "operatingExpenses": "978514000", "investmentIncomeNet": "None", "netInterestIncome": "None", "interestIncome": "None", "interestExpense": "12074000", "nonInterestIncome": "None", "otherNonOperatingIncome": "None", "depreciation": "None", "depreciationAndAmortization": "125823000", "incomeBeforeTax": "682790000", "incomeTaxExpense": "261698000", "interestAndDebtExpense": "None", "netIncomeFromContinuingOperations": "None", "comprehensiveIncomeNetOfTax": "None", "ebit": "694864000", "ebitda": "820687000", "netIncome": "421092000"}, {"fiscalDateEnding": "2012-04-30", "reportedCurrency": "None", "grossProfit": "1632358000", "totalRevenue": "5798086000", "costOfRevenue": "4165728000", "costofGoodsAndServicesSold": "4165728000", "operatingIncome": "690232000", "sellingGeneralAndAdministrative": "None", "researchAndDevelopment": "None", "operatingExpenses": "942126000", "investmentIncomeNet": "None", "netInterestIncome": "None", "interestIncome": "None", "interestExpense": "11592000", "nonInterestIncome": "None", "otherNonOperatingIncome": "None", "depreciation": "None", "depreciationAndAmortization": "120638000", "incomeBeforeTax": "681405000", "incomeTaxExpense": "262205000", "interestAndDebtExpense": "None", "netIncomeFromContinuingOperations": "None", "comprehensiveIncomeNetOfTax": "None", "ebit": "692997000", "ebitda": "813635000", "netIncome": "419200000"}, {"fiscalDateEnding": "2012-01-31", "reportedCurrency": "None", "grossProfit": "1825389000", "totalRevenue": "6709758000", "costOfRevenue": "4884369000", "costofGoodsAndServicesSold": "4884369000", "operatingIncome": "767650000", "sellingGeneralAndAdministrative": "None", "researchAndDevelopment": "None", "operatingExpenses": "1057739000", "investmentIncomeNet": "None", "netInterestIncome": "None", "interestIncome": "None", "interestExpense": "11998000", "nonInterestIncome": "None", "otherNonOperatingIncome": "None", "depreciation": "None", "depreciationAndAmortization": "128758000", "incomeBeforeTax": "758579000", "incomeTaxExpense": "283265000", "interestAndDebtExpense": "None", "netIncomeFromContinuingOperations": "None", "comprehensiveIncomeNetOfTax": "None", "ebit": "770577000", "ebitda": "899335000", "netIncome": "475314000"}, {"fiscalDateEnding": "2011-10-31", "reportedCurrency": "None", "grossProfit": "1626541000", "totalRevenue": "5793128000", "costOfRevenue": "4166587000", "costofGoodsAndServicesSold": "4166587000", "operatingIncome": "672303000", "sellingGeneralAndAdministrative": "None", "researchAndDevelopment": "None", "operatingExpenses": "954238000", "investmentIncomeNet": "None", "netInterestIncome": "None", "interestIncome": "None", "interestExpense": "11905000", "nonInterestIncome": "None", "otherNonOperatingIncome": "None", "depreciation": "None", "depreciationAndAmortization": "120501000", "incomeBeforeTax": "663752000", "incomeTaxExpense": "257265000", "interestAndDebtExpense": "None", "netIncomeFromContinuingOperations": "None", "comprehensiveIncomeNetOfTax": "None", "ebit": "675657000", "ebitda": "796158000", "netIncome": "406487000"}, {"fiscalDateEnding": "2011-07-31", "reportedCurrency": "None", "grossProfit": "1492239000", "totalRevenue": "5468274000", "costOfRevenue": "3976035000", "costofGoodsAndServicesSold": "3976035000", "operatingIncome": "568546000", "sellingGeneralAndAdministrative": "None", "researchAndDevelopment": "None", "operatingExpenses": "923693000", "investmentIncomeNet": "None", "netInterestIncome": "None", "interestIncome": "None", "interestExpense": "11318000", "nonInterestIncome": "None", "otherNonOperatingIncome": "None", "depreciation": "None", "depreciationAndAmortization": "120214000", "incomeBeforeTax": "559437000", "incomeTaxExpense": "211099000", "interestAndDebtExpense": "None", "netIncomeFromContinuingOperations": "None", "comprehensiveIncomeNetOfTax": "None", "ebit": "570755000", "ebitda": "690969000", "netIncome": "348338000"}, {"fiscalDateEnding": "2011-04-30", "reportedCurrency": "None", "grossProfit": "1393037000", "totalRevenue": "5220295000", "costOfRevenue": "3827258000", "costofGoodsAndServicesSold": "3827258000", "operatingIncome": "438563000", "sellingGeneralAndAdministrative": "None", "researchAndDevelopment": "None", "operatingExpenses": "954474000", "investmentIncomeNet": "None", "netInterestIncome": "None", "interestIncome": "None", "interestExpense": "11462000", "nonInterestIncome": "None", "otherNonOperatingIncome": "None", "depreciation": "None", "depreciationAndAmortization": "116228000", "incomeBeforeTax": "429646000", "incomeTaxExpense": "163695000", "interestAndDebtExpense": "None", "netIncomeFromContinuingOperations": "None", "comprehensiveIncomeNetOfTax": "None", "ebit": "441108000", "ebitda": "557336000", "netIncome": "265951000"}, {"fiscalDateEnding": "2011-01-31", "reportedCurrency": "None", "grossProfit": "1665553000", "totalRevenue": "6331726000", "costOfRevenue": "4666173000", "costofGoodsAndServicesSold": "4666173000", "operatingIncome": "603456000", "sellingGeneralAndAdministrative": "None", "researchAndDevelopment": "None", "operatingExpenses": "1062097000", "investmentIncomeNet": "None", "netInterestIncome": "None", "interestIncome": "None", "interestExpense": "12371000", "nonInterestIncome": "None", "otherNonOperatingIncome": "None", "depreciation": "None", "depreciationAndAmortization": "116983000", "incomeBeforeTax": "534327000", "incomeTaxExpense": "203524000", "interestAndDebtExpense": "None", "netIncomeFromContinuingOperations": "None", "comprehensiveIncomeNetOfTax": "None", "ebit": "546698000", "ebitda": "663681000", "netIncome": "334414000"}, {"fiscalDateEnding": "2010-10-31", "reportedCurrency": "None", "grossProfit": "1519443000", "totalRevenue": "5525847000", "costOfRevenue": "4006404000", "costofGoodsAndServicesSold": "4006404000", "operatingIncome": "606635000", "sellingGeneralAndAdministrative": "None", "researchAndDevelopment": "None", "operatingExpenses": "912808000", "investmentIncomeNet": "None", "netInterestIncome": "None", "interestIncome": "None", "interestExpense": "12505000", "nonInterestIncome": "None", "otherNonOperatingIncome": "None", "depreciation": "None", "depreciationAndAmortization": "113838000", "incomeBeforeTax": "597117000", "incomeTaxExpense": "224808000", "interestAndDebtExpense": "None", "netIncomeFromContinuingOperations": "None", "comprehensiveIncomeNetOfTax": "None", "ebit": "609622000", "ebitda": "723460000", "netIncome": "372309000"}, {"fiscalDateEnding": "2010-07-31", "reportedCurrency": "None", "grossProfit": "1348870000", "totalRevenue": "5068080000", "costOfRevenue": "3719210000", "costofGoodsAndServicesSold": "3719210000", "operatingIncome": "506619000", "sellingGeneralAndAdministrative": "None", "researchAndDevelopment": "None", "operatingExpenses": "842251000", "investmentIncomeNet": "None", "netInterestIncome": "None", "interestIncome": "None", "interestExpense": "12169000", "nonInterestIncome": "None", "otherNonOperatingIncome": "None", "depreciation": "None", "depreciationAndAmortization": "113618000", "incomeBeforeTax": "496347000", "incomeTaxExpense": "191363000", "interestAndDebtExpense": "None", "netIncomeFromContinuingOperations": "None", "comprehensiveIncomeNetOfTax": "None", "ebit": "508516000", "ebitda": "622134000", "netIncome": "304984000"}, {"fiscalDateEnding": "2010-04-30", "reportedCurrency": "None", "grossProfit": "1367866000", "totalRevenue": "5016540000", "costOfRevenue": "3648674000", "costofGoodsAndServicesSold": "3648674000", "operatingIncome": "546503000", "sellingGeneralAndAdministrative": "None", "researchAndDevelopment": "None", "operatingExpenses": "821363000", "investmentIncomeNet": "None", "netInterestIncome": "None", "interestIncome": "None", "interestExpense": "11969000", "nonInterestIncome": "None", "otherNonOperatingIncome": "None", "depreciation": "None", "depreciationAndAmortization": "113613000", "incomeBeforeTax": "536301000", "incomeTaxExpense": "204867000", "interestAndDebtExpense": "None", "netIncomeFromContinuingOperations": "None", "comprehensiveIncomeNetOfTax": "None", "ebit": "548270000", "ebitda": "661883000", "netIncome": "331434000"}, {"fiscalDateEnding": "2010-01-31", "reportedCurrency": "None", "grossProfit": "1583144000", "totalRevenue": "5941746000", "costOfRevenue": "4358602000", "costofGoodsAndServicesSold": "4358602000", "operatingIncome": "644230000", "sellingGeneralAndAdministrative": "None", "researchAndDevelopment": "None", "operatingExpenses": "938914000", "investmentIncomeNet": "None", "netInterestIncome": "None", "interestIncome": "None", "interestExpense": "20763000", "nonInterestIncome": "None", "otherNonOperatingIncome": "None", "depreciation": "None", "depreciationAndAmortization": "116278000", "incomeBeforeTax": "633236000", "incomeTaxExpense": "238238000", "interestAndDebtExpense": "None", "netIncomeFromContinuingOperations": "None", "comprehensiveIncomeNetOfTax": "None", "ebit": "653999000", "ebitda": "770277000", "netIncome": "394998000"}, {"fiscalDateEnding": "2009-10-31", "reportedCurrency": "None", "grossProfit": "1442767000", "totalRevenue": "5244946000", "costOfRevenue": "3802179000", "costofGoodsAndServicesSold": "3802179000", "operatingIncome": "553340000", "sellingGeneralAndAdministrative": "None", "researchAndDevelopment": "None", "operatingExpenses": "889427000", "investmentIncomeNet": "None", "netInterestIncome": "None", "interestIncome": "None", "interestExpense": "14556000", "nonInterestIncome": "None", "otherNonOperatingIncome": "None", "depreciation": "None", "depreciationAndAmortization": "109520000", "incomeBeforeTax": "566005000", "incomeTaxExpense": "218206000", "interestAndDebtExpense": "None", "netIncomeFromContinuingOperations": "None", "comprehensiveIncomeNetOfTax": "None", "ebit": "580561000", "ebitda": "690081000", "netIncome": "347799000"}, {"fiscalDateEnding": "2009-07-31", "reportedCurrency": "None", "grossProfit": "1213226000", "totalRevenue": "4747528000", "costOfRevenue": "3534302000", "costofGoodsAndServicesSold": "3534302000", "operatingIncome": "403852000", "sellingGeneralAndAdministrative": "None", "researchAndDevelopment": "None", "operatingExpenses": "809374000", "investmentIncomeNet": "None", "netInterestIncome": "None", "interestIncome": "None", "interestExpense": "11629000", "nonInterestIncome": "None", "otherNonOperatingIncome": "None", "depreciation": "None", "depreciationAndAmortization": "105273000", "incomeBeforeTax": "413101000", "incomeTaxExpense": "151540000", "interestAndDebtExpense": "None", "netIncomeFromContinuingOperations": "None", "comprehensiveIncomeNetOfTax": "None", "ebit": "424730000", "ebitda": "530003000", "netIncome": "261561000"}, {"fiscalDateEnding": "2009-04-30", "reportedCurrency": "None", "grossProfit": "1080878000", "totalRevenue": "4354224000", "costOfRevenue": "3273346000", "costofGoodsAndServicesSold": "3273346000", "operatingIncome": "345821000", "sellingGeneralAndAdministrative": "None", "researchAndDevelopment": "None", "operatingExpenses": "735057000", "investmentIncomeNet": "None", "netInterestIncome": "None", "interestIncome": "None", "interestExpense": "8914000", "nonInterestIncome": "None", "otherNonOperatingIncome": "None", "depreciation": "None", "depreciationAndAmortization": "104147000", "incomeBeforeTax": "339220000", "incomeTaxExpense": "130006000", "interestAndDebtExpense": "None", "netIncomeFromContinuingOperations": "None", "comprehensiveIncomeNetOfTax": "None", "ebit": "348134000", "ebitda": "452281000", "netIncome": "209214000"}, {"fiscalDateEnding": "2009-01-31", "reportedCurrency": "None", "grossProfit": "1219313000", "totalRevenue": "5380025000", "costOfRevenue": "4160712000", "costofGoodsAndServicesSold": "4160712000", "operatingIncome": "403282000", "sellingGeneralAndAdministrative": "None", "researchAndDevelopment": "None", "operatingExpenses": "816031000", "investmentIncomeNet": "None", "netInterestIncome": "None", "interestIncome": "None", "interestExpense": "14291000", "nonInterestIncome": "None", "otherNonOperatingIncome": "None", "depreciation": "None", "depreciationAndAmortization": "151911000", "incomeBeforeTax": "398755000", "incomeTaxExpense": "148059000", "interestAndDebtExpense": "None", "netIncomeFromContinuingOperations": "None", "comprehensiveIncomeNetOfTax": "None", "ebit": "403282000", "ebitda": "555193000", "netIncome": "250696000"}, {"fiscalDateEnding": "2008-10-31", "reportedCurrency": "None", "grossProfit": "1233521000", "totalRevenue": "4761530000", "costOfRevenue": "3528009000", "costofGoodsAndServicesSold": "3528009000", "operatingIncome": "423707000", "sellingGeneralAndAdministrative": "None", "researchAndDevelopment": "None", "operatingExpenses": "809814000", "investmentIncomeNet": "None", "netInterestIncome": "None", "interestIncome": "None", "interestExpense": "5449000", "nonInterestIncome": "None", "otherNonOperatingIncome": "None", "depreciation": "None", "depreciationAndAmortization": "76531000", "incomeBeforeTax": "418258000", "incomeTaxExpense": "164141000", "interestAndDebtExpense": "None", "netIncomeFromContinuingOperations": "None", "comprehensiveIncomeNetOfTax": "None", "ebit": "423707000", "ebitda": "500238000", "netIncome": "235849000"}, {"fiscalDateEnding": "2008-07-31", "reportedCurrency": "None", "grossProfit": "1128477000", "totalRevenue": "4621292000", "costOfRevenue": "3492815000", "costofGoodsAndServicesSold": "3492815000", "operatingIncome": "320200000", "sellingGeneralAndAdministrative": "None", "researchAndDevelopment": "None", "operatingExpenses": "808277000", "investmentIncomeNet": "None", "netInterestIncome": "None", "interestIncome": "None", "interestExpense": "1202000", "nonInterestIncome": "None", "otherNonOperatingIncome": "None", "depreciation": "None", "depreciationAndAmortization": "112657000", "incomeBeforeTax": "317559000", "incomeTaxExpense": "117336000", "interestAndDebtExpense": "None", "netIncomeFromContinuingOperations": "None", "comprehensiveIncomeNetOfTax": "None", "ebit": "320200000", "ebitda": "432857000", "netIncome": "200223000"}, {"fiscalDateEnding": "2008-04-30", "reportedCurrency": "None", "grossProfit": "1048390000", "totalRevenue": "4364125000", "costOfRevenue": "3315735000", "costofGoodsAndServicesSold": "3315735000", "operatingIncome": "291284000", "sellingGeneralAndAdministrative": "None", "researchAndDevelopment": "None", "operatingExpenses": "757106000", "investmentIncomeNet": "None", "netInterestIncome": "None", "interestIncome": "None", "interestExpense": "1195000", "nonInterestIncome": "None", "otherNonOperatingIncome": "None", "depreciation": "None", "depreciationAndAmortization": "111837000", "incomeBeforeTax": "289610000", "incomeTaxExpense": "95761000", "interestAndDebtExpense": "None", "netIncomeFromContinuingOperations": "None", "comprehensiveIncomeNetOfTax": "None", "ebit": "291284000", "ebitda": "403121000", "netIncome": "193849000"}, {"fiscalDateEnding": "2008-01-31", "reportedCurrency": "None", "grossProfit": "1342218000", "totalRevenue": "5488256000", "costOfRevenue": "4146038000", "costofGoodsAndServicesSold": "4146038000", "operatingIncome": "269511000", "sellingGeneralAndAdministrative": "None", "researchAndDevelopment": "None", "operatingExpenses": "1072707000", "investmentIncomeNet": "None", "netInterestIncome": "None", "interestIncome": "None", "interestExpense": "None", "nonInterestIncome": "None", "otherNonOperatingIncome": "None", "depreciation": "None", "depreciationAndAmortization": "112134000", "incomeBeforeTax": "486608000", "incomeTaxExpense": "185459000", "interestAndDebtExpense": "None", "netIncomeFromContinuingOperations": "None", "comprehensiveIncomeNetOfTax": "None", "ebit": "269511000", "ebitda": "381645000", "netIncome": "301149000"}, {"fiscalDateEnding": "2007-10-31", "reportedCurrency": "None", "grossProfit": "1195993000", "totalRevenue": "4737491000", "costOfRevenue": "3541498000", "costofGoodsAndServicesSold": "3541498000", "operatingIncome": "403441000", "sellingGeneralAndAdministrative": "None", "researchAndDevelopment": "None", "operatingExpenses": "792552000", "investmentIncomeNet": "None", "netInterestIncome": "None", "interestIncome": "None", "interestExpense": "3053000", "nonInterestIncome": "None", "otherNonOperatingIncome": "None", "depreciation": "None", "depreciationAndAmortization": "103488000", "incomeBeforeTax": "400388000", "incomeTaxExpense": "150927000", "interestAndDebtExpense": "None", "netIncomeFromContinuingOperations": "None", "comprehensiveIncomeNetOfTax": "None", "ebit": "403441000", "ebitda": "506929000", "netIncome": "249461000"}, {"fiscalDateEnding": "2007-07-31", "reportedCurrency": "None", "grossProfit": "1035601000", "totalRevenue": "4313298000", "costOfRevenue": "3277697000", "costofGoodsAndServicesSold": "3277697000", "operatingIncome": "286550000", "sellingGeneralAndAdministrative": "None", "researchAndDevelopment": "None", "operatingExpenses": "749051000", "investmentIncomeNet": "None", "netInterestIncome": "None", "interestIncome": "None", "interestExpense": "None", "nonInterestIncome": "None", "otherNonOperatingIncome": "None", "depreciation": "None", "depreciationAndAmortization": "106223000", "incomeBeforeTax": "92032000", "incomeTaxExpense": "33000000", "interestAndDebtExpense": "None", "netIncomeFromContinuingOperations": "None", "comprehensiveIncomeNetOfTax": "None", "ebit": "286550000", "ebitda": "392773000", "netIncome": "59032000"}, {"fiscalDateEnding": "2007-04-30", "reportedCurrency": "None", "grossProfit": "990866000", "totalRevenue": "4108081000", "costOfRevenue": "3117215000", "costofGoodsAndServicesSold": "3117215000", "operatingIncome": "261585000", "sellingGeneralAndAdministrative": "None", "researchAndDevelopment": "None", "operatingExpenses": "729281000", "investmentIncomeNet": "None", "netInterestIncome": "None", "interestIncome": "None", "interestExpense": "None", "nonInterestIncome": "None", "otherNonOperatingIncome": "None", "depreciation": "None", "depreciationAndAmortization": "104921000", "incomeBeforeTax": "263661000", "incomeTaxExpense": "101553000", "interestAndDebtExpense": "None", "netIncomeFromContinuingOperations": "None", "comprehensiveIncomeNetOfTax": "None", "ebit": "261585000", "ebitda": "366506000", "netIncome": "162108000"}, {"fiscalDateEnding": "2007-01-31", "reportedCurrency": "None", "grossProfit": "1159153000", "totalRevenue": "5018849000", "costOfRevenue": "3859696000", "costofGoodsAndServicesSold": "3859696000", "operatingIncome": "381100000", "sellingGeneralAndAdministrative": "None", "researchAndDevelopment": "None", "operatingExpenses": "778053000", "investmentIncomeNet": "None", "netInterestIncome": "None", "interestIncome": "None", "interestExpense": "None", "nonInterestIncome": "None", "otherNonOperatingIncome": "None", "depreciation": "None", "depreciationAndAmortization": "105655000", "incomeBeforeTax": "381490000", "incomeTaxExpense": "137311000", "interestAndDebtExpense": "None", "netIncomeFromContinuingOperations": "None", "comprehensiveIncomeNetOfTax": "None", "ebit": "381100000", "ebitda": "486755000", "netIncome": "205462000"}, {"fiscalDateEnding": "2006-10-31", "reportedCurrency": "None", "grossProfit": "1138858000", "totalRevenue": "4472943000", "costOfRevenue": "3334085000", "costofGoodsAndServicesSold": "3334085000", "operatingIncome": "382510000", "sellingGeneralAndAdministrative": "None", "researchAndDevelopment": "None", "operatingExpenses": "756348000", "investmentIncomeNet": "None", "netInterestIncome": "None", "interestIncome": "None", "interestExpense": "6784000", "nonInterestIncome": "None", "otherNonOperatingIncome": "None", "depreciation": "None", "depreciationAndAmortization": "105746000", "incomeBeforeTax": "375726000", "incomeTaxExpense": "144907000", "interestAndDebtExpense": "None", "netIncomeFromContinuingOperations": "None", "comprehensiveIncomeNetOfTax": "None", "ebit": "382510000", "ebitda": "488256000", "netIncome": "230612000"}, {"fiscalDateEnding": "2006-07-31", "reportedCurrency": "None", "grossProfit": "929336000", "totalRevenue": "3963659000", "costOfRevenue": "3034323000", "costofGoodsAndServicesSold": "3034323000", "operatingIncome": "236072000", "sellingGeneralAndAdministrative": "None", "researchAndDevelopment": "None", "operatingExpenses": "693264000", "investmentIncomeNet": "None", "netInterestIncome": "None", "interestIncome": "None", "interestExpense": "5413000", "nonInterestIncome": "None", "otherNonOperatingIncome": "None", "depreciation": "None", "depreciationAndAmortization": "105955000", "incomeBeforeTax": "230659000", "incomeTaxExpense": "91835000", "interestAndDebtExpense": "None", "netIncomeFromContinuingOperations": "None", "comprehensiveIncomeNetOfTax": "None", "ebit": "236072000", "ebitda": "342027000", "netIncome": "138156000"}, {"fiscalDateEnding": "2006-04-30", "reportedCurrency": "None", "grossProfit": "948407000", "totalRevenue": "3871256000", "costOfRevenue": "2922849000", "costofGoodsAndServicesSold": "2922849000", "operatingIncome": "264241000", "sellingGeneralAndAdministrative": "None", "researchAndDevelopment": "None", "operatingExpenses": "684166000", "investmentIncomeNet": "None", "netInterestIncome": "None", "interestIncome": "None", "interestExpense": "3759000", "nonInterestIncome": "None", "otherNonOperatingIncome": "None", "depreciation": "None", "depreciationAndAmortization": "105558000", "incomeBeforeTax": "260482000", "incomeTaxExpense": "96620000", "interestAndDebtExpense": "None", "netIncomeFromContinuingOperations": "None", "comprehensiveIncomeNetOfTax": "None", "ebit": "264241000", "ebitda": "369799000", "netIncome": "163809000"}, {"fiscalDateEnding": "2006-01-31", "reportedCurrency": "None", "grossProfit": "1069280000", "totalRevenue": "4716327000", "costOfRevenue": "3647047000", "costofGoodsAndServicesSold": "3647047000", "operatingIncome": "292334000", "sellingGeneralAndAdministrative": "None", "researchAndDevelopment": "None", "operatingExpenses": "776946000", "investmentIncomeNet": "None", "netInterestIncome": "None", "interestIncome": "None", "interestExpense": "15679000", "nonInterestIncome": "None", "otherNonOperatingIncome": "None", "depreciation": "None", "depreciationAndAmortization": "167012000", "incomeBeforeTax": "286774000", "incomeTaxExpense": "39999000", "interestAndDebtExpense": "None", "netIncomeFromContinuingOperations": "None", "comprehensiveIncomeNetOfTax": "None", "ebit": "292334000", "ebitda": "459346000", "netIncome": "246775000"}, {"fiscalDateEnding": "2005-10-31", "reportedCurrency": "None", "grossProfit": "969896000", "totalRevenue": "4041912000", "costOfRevenue": "3072016000", "costofGoodsAndServicesSold": "3072016000", "operatingIncome": "267435000", "sellingGeneralAndAdministrative": "None", "researchAndDevelopment": "None", "operatingExpenses": "702461000", "investmentIncomeNet": "None", "netInterestIncome": "None", "interestIncome": "None", "interestExpense": "None", "nonInterestIncome": "None", "otherNonOperatingIncome": "None", "depreciation": "None", "depreciationAndAmortization": "100594000", "incomeBeforeTax": "257316000", "incomeTaxExpense": "101991000", "interestAndDebtExpense": "None", "netIncomeFromContinuingOperations": "None", "comprehensiveIncomeNetOfTax": "None", "ebit": "267435000", "ebitda": "368029000", "netIncome": "155325000"}]}