{"symbol": "ATER", "annualReports": [{"fiscalDateEnding": "2024-12-31", "reportedCurrency": "USD", "grossProfit": "61495000", "totalRevenue": "99045000", "costOfRevenue": "37550000", "costofGoodsAndServicesSold": "37550000", "operatingIncome": "-11823000", "sellingGeneralAndAdministrative": "17339000", "researchAndDevelopment": "0", "operatingExpenses": "73318000", "investmentIncomeNet": "None", "netInterestIncome": "-949000", "interestIncome": "269000", "interestExpense": "1218000", "nonInterestIncome": "None", "otherNonOperatingIncome": "None", "depreciation": "None", "depreciationAndAmortization": "1689000", "incomeBeforeTax": "-11909000", "incomeTaxExpense": "-47000", "interestAndDebtExpense": "None", "netIncomeFromContinuingOperations": "-11862000", "comprehensiveIncomeNetOfTax": "None", "ebit": "-10691000", "ebitda": "-9002000", "netIncome": "-11862000"}, {"fiscalDateEnding": "2023-12-31", "reportedCurrency": "USD", "grossProfit": "70285000", "totalRevenue": "142566000", "costOfRevenue": "72281000", "costofGoodsAndServicesSold": "72281000", "operatingIncome": "-76190000", "sellingGeneralAndAdministrative": "20220000", "researchAndDevelopment": "4616000", "operatingExpenses": "146475000", "investmentIncomeNet": "None", "netInterestIncome": "-1636000", "interestIncome": "640000", "interestExpense": "2125000", "nonInterestIncome": "None", "otherNonOperatingIncome": "None", "depreciation": "None", "depreciationAndAmortization": "3886000", "incomeBeforeTax": "-75431000", "incomeTaxExpense": "-867000", "interestAndDebtExpense": "None", "netIncomeFromContinuingOperations": "-87162000", "comprehensiveIncomeNetOfTax": "None", "ebit": "-73306000", "ebitda": "-69420000", "netIncome": "-74564000"}, {"fiscalDateEnding": "2022-12-31", "reportedCurrency": "USD", "grossProfit": "105518000", "totalRevenue": "221170000", "costOfRevenue": "115652000", "costofGoodsAndServicesSold": "115652000", "operatingIncome": "-178159000", "sellingGeneralAndAdministrative": "38239000", "researchAndDevelopment": "6012000", "operatingExpenses": "283677000", "investmentIncomeNet": "None", "netInterestIncome": "-2603000", "interestIncome": "93000", "interestExpense": "2696000", "nonInterestIncome": "None", "otherNonOperatingIncome": "751000", "depreciation": "None", "depreciationAndAmortization": "7521000", "incomeBeforeTax": "-196668000", "incomeTaxExpense": "-376000", "interestAndDebtExpense": "None", "netIncomeFromContinuingOperations": "-196292000", "comprehensiveIncomeNetOfTax": "None", "ebit": "-193972000", "ebitda": "-186451000", "netIncome": "-196292000"}, {"fiscalDateEnding": "2021-12-31", "reportedCurrency": "USD", "grossProfit": "121863000", "totalRevenue": "247767000", "costOfRevenue": "125904000", "costofGoodsAndServicesSold": "125904000", "operatingIncome": "-34077000", "sellingGeneralAndAdministrative": "43799000", "researchAndDevelopment": "9837000", "operatingExpenses": "155940000", "investmentIncomeNet": "None", "netInterestIncome": "-12655000", "interestIncome": "595000", "interestExpense": "13250000", "nonInterestIncome": "None", "otherNonOperatingIncome": "-162105000", "depreciation": "None", "depreciationAndAmortization": "7326000", "incomeBeforeTax": "-235492000", "incomeTaxExpense": "532000", "interestAndDebtExpense": "None", "netIncomeFromContinuingOperations": "-234724000", "comprehensiveIncomeNetOfTax": "None", "ebit": "-222242000", "ebitda": "-214916000", "netIncome": "-236024000"}, {"fiscalDateEnding": "2020-12-31", "reportedCurrency": "USD", "grossProfit": "84746000", "totalRevenue": "185704000", "costOfRevenue": "100958000", "costofGoodsAndServicesSold": "100958000", "operatingIncome": "-34751000", "sellingGeneralAndAdministrative": "30631000", "researchAndDevelopment": "8130000", "operatingExpenses": "119497000", "investmentIncomeNet": "None", "netInterestIncome": "-4979000", "interestIncome": "59000", "interestExpense": "5038000", "nonInterestIncome": "None", "otherNonOperatingIncome": "27000", "depreciation": "None", "depreciationAndAmortization": "552000", "incomeBeforeTax": "-63078000", "incomeTaxExpense": "48000", "interestAndDebtExpense": "None", "netIncomeFromContinuingOperations": "-63126000", "comprehensiveIncomeNetOfTax": "None", "ebit": "-58040000", "ebitda": "-57488000", "netIncome": "-63126000"}, {"fiscalDateEnding": "2019-12-31", "reportedCurrency": "USD", "grossProfit": "45040000", "totalRevenue": "114451000", "costOfRevenue": "69411000", "costofGoodsAndServicesSold": "69411000", "operatingIncome": "-54333000", "sellingGeneralAndAdministrative": "33506000", "researchAndDevelopment": "10661000", "operatingExpenses": "99373000", "investmentIncomeNet": "None", "netInterestIncome": "-4386000", "interestIncome": "146000", "interestExpense": "4532000", "nonInterestIncome": "None", "otherNonOperatingIncome": "None", "depreciation": "None", "depreciationAndAmortization": "183000", "incomeBeforeTax": "-58760000", "incomeTaxExpense": "29000", "interestAndDebtExpense": "None", "netIncomeFromContinuingOperations": "-58789000", "comprehensiveIncomeNetOfTax": "None", "ebit": "-54228000", "ebitda": "-54045000", "netIncome": "-58789000"}, {"fiscalDateEnding": "2018-12-31", "reportedCurrency": "USD", "grossProfit": "25983000", "totalRevenue": "73279000", "costOfRevenue": "47296000", "costofGoodsAndServicesSold": "47296000", "operatingIncome": "-29429000", "sellingGeneralAndAdministrative": "11290000", "researchAndDevelopment": "3655000", "operatingExpenses": "55412000", "investmentIncomeNet": "None", "netInterestIncome": "-2353000", "interestIncome": "1000", "interestExpense": "2354000", "nonInterestIncome": "None", "otherNonOperatingIncome": "None", "depreciation": "None", "depreciationAndAmortization": "253000", "incomeBeforeTax": "-31768000", "incomeTaxExpense": "55000", "interestAndDebtExpense": "None", "netIncomeFromContinuingOperations": "-31823000", "comprehensiveIncomeNetOfTax": "None", "ebit": "-29414000", "ebitda": "-29161000", "netIncome": "-31823000"}, {"fiscalDateEnding": "2017-12-31", "reportedCurrency": "USD", "grossProfit": "13678000", "totalRevenue": "36459000", "costOfRevenue": "22781000", "costofGoodsAndServicesSold": "22781000", "operatingIncome": "-22593000", "sellingGeneralAndAdministrative": "5645000", "researchAndDevelopment": "3698000", "operatingExpenses": "36271000", "investmentIncomeNet": "None", "netInterestIncome": "-412000", "interestIncome": "1000", "interestExpense": "413000", "nonInterestIncome": "None", "otherNonOperatingIncome": "None", "depreciation": "None", "depreciationAndAmortization": "258000", "incomeBeforeTax": "-23029000", "incomeTaxExpense": "38000", "interestAndDebtExpense": "None", "netIncomeFromContinuingOperations": "-23067000", "comprehensiveIncomeNetOfTax": "None", "ebit": "-22616000", "ebitda": "-22358000", "netIncome": "-23067000"}], "quarterlyReports": [{"fiscalDateEnding": "2025-09-30", "reportedCurrency": "USD", "grossProfit": "10671000", "totalRevenue": "19021000", "costOfRevenue": "8350000", "costofGoodsAndServicesSold": "8350000", "operatingIncome": "-1994000", "sellingGeneralAndAdministrative": "2879000", "researchAndDevelopment": "None", "operatingExpenses": "12665000", "investmentIncomeNet": "None", "netInterestIncome": "-259000", "interestIncome": "16000", "interestExpense": "259000", "nonInterestIncome": "None", "otherNonOperatingIncome": "None", "depreciation": "None", "depreciationAndAmortization": "406000", "incomeBeforeTax": "-2262000", "incomeTaxExpense": "19000", "interestAndDebtExpense": "None", "netIncomeFromContinuingOperations": "-2281000", "comprehensiveIncomeNetOfTax": "None", "ebit": "-2003000", "ebitda": "-1597000", "netIncome": "-2281000"}, {"fiscalDateEnding": "2025-06-30", "reportedCurrency": "USD", "grossProfit": "10566000", "totalRevenue": "19462000", "costOfRevenue": "8896000", "costofGoodsAndServicesSold": "8896000", "operatingIncome": "-4505000", "sellingGeneralAndAdministrative": "2714000", "researchAndDevelopment": "None", "operatingExpenses": "15071000", "investmentIncomeNet": "None", "netInterestIncome": "-222000", "interestIncome": "31000", "interestExpense": "253000", "nonInterestIncome": "None", "otherNonOperatingIncome": "None", "depreciation": "None", "depreciationAndAmortization": "404000", "incomeBeforeTax": "-4849000", "incomeTaxExpense": "11000", "interestAndDebtExpense": "None", "netIncomeFromContinuingOperations": "-4860000", "comprehensiveIncomeNetOfTax": "None", "ebit": "-4596000", "ebitda": "-4192000", "netIncome": "-4860000"}, {"fiscalDateEnding": "2025-03-31", "reportedCurrency": "USD", "grossProfit": "9424000", "totalRevenue": "15360000", "costOfRevenue": "5936000", "costofGoodsAndServicesSold": "5936000", "operatingIncome": "-3696000", "sellingGeneralAndAdministrative": "3459000", "researchAndDevelopment": "None", "operatingExpenses": "13120000", "investmentIncomeNet": "None", "netInterestIncome": "-175000", "interestIncome": "46000", "interestExpense": "221000", "nonInterestIncome": "None", "otherNonOperatingIncome": "None", "depreciation": "None", "depreciationAndAmortization": "408000", "incomeBeforeTax": "-3876000", "incomeTaxExpense": "20000", "interestAndDebtExpense": "None", "netIncomeFromContinuingOperations": "-3896000", "comprehensiveIncomeNetOfTax": "None", "ebit": "-3655000", "ebitda": "-3247000", "netIncome": "-3896000"}, {"fiscalDateEnding": "2024-12-31", "reportedCurrency": "USD", "grossProfit": "15607000", "totalRevenue": "24607000", "costOfRevenue": "9000000", "costofGoodsAndServicesSold": "9000000", "operatingIncome": "-1612000", "sellingGeneralAndAdministrative": "3527000", "researchAndDevelopment": "0", "operatingExpenses": "17219000", "investmentIncomeNet": "None", "netInterestIncome": "-208000", "interestIncome": "49000", "interestExpense": "257000", "nonInterestIncome": "None", "otherNonOperatingIncome": "None", "depreciation": "None", "depreciationAndAmortization": "410000", "incomeBeforeTax": "-1412000", "incomeTaxExpense": "-113000", "interestAndDebtExpense": "None", "netIncomeFromContinuingOperations": "-1298000", "comprehensiveIncomeNetOfTax": "None", "ebit": "-1154000", "ebitda": "-744000", "netIncome": "-1299000"}, {"fiscalDateEnding": "2024-09-30", "reportedCurrency": "USD", "grossProfit": "15828000", "totalRevenue": "26239000", "costOfRevenue": "10411000", "costofGoodsAndServicesSold": "10411000", "operatingIncome": "-1730000", "sellingGeneralAndAdministrative": "3646000", "researchAndDevelopment": "0", "operatingExpenses": "17558000", "investmentIncomeNet": "None", "netInterestIncome": "-189000", "interestIncome": "83000", "interestExpense": "272000", "nonInterestIncome": "None", "otherNonOperatingIncome": "None", "depreciation": "None", "depreciationAndAmortization": "421000", "incomeBeforeTax": "-1983000", "incomeTaxExpense": "-210000", "interestAndDebtExpense": "None", "netIncomeFromContinuingOperations": "-1773000", "comprehensiveIncomeNetOfTax": "None", "ebit": "-1711000", "ebitda": "-1290000", "netIncome": "-1773000"}, {"fiscalDateEnding": "2024-06-30", "reportedCurrency": "USD", "grossProfit": "16891000", "totalRevenue": "27984000", "costOfRevenue": "11093000", "costofGoodsAndServicesSold": "11093000", "operatingIncome": "-3205000", "sellingGeneralAndAdministrative": "4934000", "researchAndDevelopment": "0", "operatingExpenses": "20096000", "investmentIncomeNet": "None", "netInterestIncome": "-228000", "interestIncome": "68000", "interestExpense": "296000", "nonInterestIncome": "None", "otherNonOperatingIncome": "None", "depreciation": "None", "depreciationAndAmortization": "430000", "incomeBeforeTax": "-3424000", "incomeTaxExpense": "205000", "interestAndDebtExpense": "None", "netIncomeFromContinuingOperations": "-3629000", "comprehensiveIncomeNetOfTax": "None", "ebit": "-3128000", "ebitda": "-2698000", "netIncome": "-3629000"}, {"fiscalDateEnding": "2024-03-31", "reportedCurrency": "USD", "grossProfit": "13168000", "totalRevenue": "20214000", "costOfRevenue": "7046000", "costofGoodsAndServicesSold": "7046000", "operatingIncome": "-5278000", "sellingGeneralAndAdministrative": "5232000", "researchAndDevelopment": "0", "operatingExpenses": "18446000", "investmentIncomeNet": "None", "netInterestIncome": "-323000", "interestIncome": "70000", "interestExpense": "393000", "nonInterestIncome": "None", "otherNonOperatingIncome": "None", "depreciation": "None", "depreciationAndAmortization": "428000", "incomeBeforeTax": "-5091000", "incomeTaxExpense": "71000", "interestAndDebtExpense": "None", "netIncomeFromContinuingOperations": "-5162000", "comprehensiveIncomeNetOfTax": "None", "ebit": "-4698000", "ebitda": "-4270000", "netIncome": "-5162000"}, {"fiscalDateEnding": "2023-12-31", "reportedCurrency": "USD", "grossProfit": "16710000", "totalRevenue": "32755000", "costOfRevenue": "16045000", "costofGoodsAndServicesSold": "16045000", "operatingIncome": "-8242000", "sellingGeneralAndAdministrative": "3654000", "researchAndDevelopment": "808000", "operatingExpenses": "24952000", "investmentIncomeNet": "None", "netInterestIncome": "-345000", "interestIncome": "157000", "interestExpense": "502000", "nonInterestIncome": "None", "otherNonOperatingIncome": "None", "depreciation": "None", "depreciationAndAmortization": "470000", "incomeBeforeTax": "-8716000", "incomeTaxExpense": "-1009000", "interestAndDebtExpense": "None", "netIncomeFromContinuingOperations": "-7707000", "comprehensiveIncomeNetOfTax": "None", "ebit": "-8214000", "ebitda": "-7744000", "netIncome": "-7707000"}, {"fiscalDateEnding": "2023-09-30", "reportedCurrency": "USD", "grossProfit": "19583000", "totalRevenue": "39668000", "costOfRevenue": "20085000", "costofGoodsAndServicesSold": "20085000", "operatingIncome": "-6516000", "sellingGeneralAndAdministrative": "4326000", "researchAndDevelopment": "852000", "operatingExpenses": "26099000", "investmentIncomeNet": "None", "netInterestIncome": "-359000", "interestIncome": "128000", "interestExpense": "487000", "nonInterestIncome": "None", "otherNonOperatingIncome": "None", "depreciation": "None", "depreciationAndAmortization": "452000", "incomeBeforeTax": "-6180000", "incomeTaxExpense": "90000", "interestAndDebtExpense": "None", "netIncomeFromContinuingOperations": "-6270000", "comprehensiveIncomeNetOfTax": "None", "ebit": "-5693000", "ebitda": "-5241000", "netIncome": "-6270000"}, {"fiscalDateEnding": "2023-06-30", "reportedCurrency": "USD", "grossProfit": "14896000", "totalRevenue": "35264000", "costOfRevenue": "20368000", "costofGoodsAndServicesSold": "20368000", "operatingIncome": "-36436000", "sellingGeneralAndAdministrative": "6281000", "researchAndDevelopment": "1709000", "operatingExpenses": "51332000", "investmentIncomeNet": "None", "netInterestIncome": "-346000", "interestIncome": "194000", "interestExpense": "540000", "nonInterestIncome": "None", "otherNonOperatingIncome": "2021000", "depreciation": "None", "depreciationAndAmortization": "1202000", "incomeBeforeTax": "-34761000", "incomeTaxExpense": "26000", "interestAndDebtExpense": "None", "netIncomeFromContinuingOperations": "-34787000", "comprehensiveIncomeNetOfTax": "None", "ebit": "-34221000", "ebitda": "-33019000", "netIncome": "-34787000"}, {"fiscalDateEnding": "2023-03-31", "reportedCurrency": "USD", "grossProfit": "19097000", "totalRevenue": "34879000", "costOfRevenue": "15782000", "costofGoodsAndServicesSold": "15782000", "operatingIncome": "-24995000", "sellingGeneralAndAdministrative": "5959000", "researchAndDevelopment": "1247000", "operatingExpenses": "44092000", "investmentIncomeNet": "None", "netInterestIncome": "-371000", "interestIncome": "225000", "interestExpense": "596000", "nonInterestIncome": "None", "otherNonOperatingIncome": "-408000", "depreciation": "None", "depreciationAndAmortization": "1762000", "incomeBeforeTax": "-25774000", "incomeTaxExpense": "26000", "interestAndDebtExpense": "None", "netIncomeFromContinuingOperations": "-25800000", "comprehensiveIncomeNetOfTax": "None", "ebit": "-25178000", "ebitda": "-23416000", "netIncome": "-25800000"}, {"fiscalDateEnding": "2022-12-31", "reportedCurrency": "USD", "grossProfit": "20368000", "totalRevenue": "54902000", "costOfRevenue": "34534000", "costofGoodsAndServicesSold": "34534000", "operatingIncome": "-22795000", "sellingGeneralAndAdministrative": "8758000", "researchAndDevelopment": "1430000", "operatingExpenses": "43163000", "investmentIncomeNet": "None", "netInterestIncome": "-560000", "interestIncome": "93000", "interestExpense": "653000", "nonInterestIncome": "None", "otherNonOperatingIncome": "905000", "depreciation": "None", "depreciationAndAmortization": "1758000", "incomeBeforeTax": "-20438000", "incomeTaxExpense": "-133000", "interestAndDebtExpense": "None", "netIncomeFromContinuingOperations": "-20305000", "comprehensiveIncomeNetOfTax": "None", "ebit": "-19785000", "ebitda": "-18027000", "netIncome": "-20305000"}, {"fiscalDateEnding": "2022-09-30", "reportedCurrency": "USD", "grossProfit": "30191000", "totalRevenue": "66326000", "costOfRevenue": "36135000", "costofGoodsAndServicesSold": "36135000", "operatingIncome": "-108941000", "sellingGeneralAndAdministrative": "10369000", "researchAndDevelopment": "1706000", "operatingExpenses": "139132000", "investmentIncomeNet": "None", "netInterestIncome": "-904000", "interestIncome": "0", "interestExpense": "904000", "nonInterestIncome": "None", "otherNonOperatingIncome": "5702000", "depreciation": "None", "depreciationAndAmortization": "1869000", "incomeBeforeTax": "-116977000", "incomeTaxExpense": "-75000", "interestAndDebtExpense": "None", "netIncomeFromContinuingOperations": "-116902000", "comprehensiveIncomeNetOfTax": "None", "ebit": "-116073000", "ebitda": "-114204000", "netIncome": "-116902000"}, {"fiscalDateEnding": "2022-06-30", "reportedCurrency": "USD", "grossProfit": "31351000", "totalRevenue": "58268000", "costOfRevenue": "26917000", "costofGoodsAndServicesSold": "26917000", "operatingIncome": "-10125000", "sellingGeneralAndAdministrative": "9571000", "researchAndDevelopment": "1730000", "operatingExpenses": "41476000", "investmentIncomeNet": "None", "netInterestIncome": "-338000", "interestIncome": "0", "interestExpense": "338000", "nonInterestIncome": "None", "otherNonOperatingIncome": "-6014000", "depreciation": "None", "depreciationAndAmortization": "2048000", "incomeBeforeTax": "-16477000", "incomeTaxExpense": "-168000", "interestAndDebtExpense": "None", "netIncomeFromContinuingOperations": "-16309000", "comprehensiveIncomeNetOfTax": "None", "ebit": "-16139000", "ebitda": "-14091000", "netIncome": "-16309000"}, {"fiscalDateEnding": "2022-03-31", "reportedCurrency": "USD", "grossProfit": "23607000", "totalRevenue": "41673000", "costOfRevenue": "18066000", "costofGoodsAndServicesSold": "18066000", "operatingIncome": "-36297000", "sellingGeneralAndAdministrative": "9541000", "researchAndDevelopment": "1144000", "operatingExpenses": "59904000", "investmentIncomeNet": "None", "netInterestIncome": "-802000", "interestIncome": "0", "interestExpense": "802000", "nonInterestIncome": "None", "otherNonOperatingIncome": "158000", "depreciation": "None", "depreciationAndAmortization": "1846000", "incomeBeforeTax": "-42776000", "incomeTaxExpense": "32724000", "interestAndDebtExpense": "None", "netIncomeFromContinuingOperations": "-42776000", "comprehensiveIncomeNetOfTax": "None", "ebit": "-41974000", "ebitda": "-40128000", "netIncome": "-42776000"}, {"fiscalDateEnding": "2021-12-31", "reportedCurrency": "USD", "grossProfit": "28881000", "totalRevenue": "63321000", "costOfRevenue": "34440000", "costofGoodsAndServicesSold": "34440000", "operatingIncome": "-3265000", "sellingGeneralAndAdministrative": "13292000", "researchAndDevelopment": "2617000", "operatingExpenses": "32146000", "investmentIncomeNet": "None", "netInterestIncome": "-774000", "interestIncome": "2000", "interestExpense": "780000", "nonInterestIncome": "None", "otherNonOperatingIncome": "-2098000", "depreciation": "None", "depreciationAndAmortization": "2569000", "incomeBeforeTax": "-6141000", "incomeTaxExpense": "468000", "interestAndDebtExpense": "None", "netIncomeFromContinuingOperations": "-5309000", "comprehensiveIncomeNetOfTax": "None", "ebit": "-5361000", "ebitda": "-2792000", "netIncome": "-6609000"}, {"fiscalDateEnding": "2021-09-30", "reportedCurrency": "USD", "grossProfit": "34175000", "totalRevenue": "68121000", "costOfRevenue": "33946000", "costofGoodsAndServicesSold": "33946000", "operatingIncome": "-7527000", "sellingGeneralAndAdministrative": "10843000", "researchAndDevelopment": "2767000", "operatingExpenses": "41702000", "investmentIncomeNet": "None", "netInterestIncome": "-2786000", "interestIncome": "133000", "interestExpense": "2919000", "nonInterestIncome": "None", "otherNonOperatingIncome": "-97502000", "depreciation": "None", "depreciationAndAmortization": "1872000", "incomeBeforeTax": "-110535000", "incomeTaxExpense": "21000", "interestAndDebtExpense": "None", "netIncomeFromContinuingOperations": "-110556000", "comprehensiveIncomeNetOfTax": "None", "ebit": "-107616000", "ebitda": "-105744000", "netIncome": "-110556000"}, {"fiscalDateEnding": "2021-06-30", "reportedCurrency": "USD", "grossProfit": "32743000", "totalRevenue": "68188000", "costOfRevenue": "35445000", "costofGoodsAndServicesSold": "35445000", "operatingIncome": "4468000", "sellingGeneralAndAdministrative": "9990000", "researchAndDevelopment": "2324000", "operatingExpenses": "28275000", "investmentIncomeNet": "None", "netInterestIncome": "-4675000", "interestIncome": "127000", "interestExpense": "4802000", "nonInterestIncome": "None", "otherNonOperatingIncome": "-32270000", "depreciation": "None", "depreciationAndAmortization": "1681000", "incomeBeforeTax": "-36265000", "incomeTaxExpense": "41000", "interestAndDebtExpense": "None", "netIncomeFromContinuingOperations": "-36306000", "comprehensiveIncomeNetOfTax": "None", "ebit": "-31463000", "ebitda": "-29782000", "netIncome": "-36306000"}, {"fiscalDateEnding": "2021-03-31", "reportedCurrency": "USD", "grossProfit": "26063000", "totalRevenue": "48136000", "costOfRevenue": "22073000", "costofGoodsAndServicesSold": "22073000", "operatingIncome": "-27751000", "sellingGeneralAndAdministrative": "10976000", "researchAndDevelopment": "2124000", "operatingExpenses": "53814000", "investmentIncomeNet": "None", "netInterestIncome": "-4420000", "interestIncome": "333000", "interestExpense": "4753000", "nonInterestIncome": "None", "otherNonOperatingIncome": "-30235000", "depreciation": "None", "depreciationAndAmortization": "1204000", "incomeBeforeTax": "-82553000", "incomeTaxExpense": "4387000", "interestAndDebtExpense": "None", "netIncomeFromContinuingOperations": "-82553000", "comprehensiveIncomeNetOfTax": "None", "ebit": "-77800000", "ebitda": "-76596000", "netIncome": "-82553000"}, {"fiscalDateEnding": "2020-12-31", "reportedCurrency": "USD", "grossProfit": "18752000", "totalRevenue": "41492000", "costOfRevenue": "22740000", "costofGoodsAndServicesSold": "22740000", "operatingIncome": "-19141000", "sellingGeneralAndAdministrative": "7077000", "researchAndDevelopment": "1552000", "operatingExpenses": "37893000", "investmentIncomeNet": "None", "netInterestIncome": "-1859000", "interestIncome": "2000", "interestExpense": "1861000", "nonInterestIncome": "None", "otherNonOperatingIncome": "None", "depreciation": "None", "depreciationAndAmortization": "373000", "incomeBeforeTax": "-44352000", "incomeTaxExpense": "2000", "interestAndDebtExpense": "None", "netIncomeFromContinuingOperations": "-44354000", "comprehensiveIncomeNetOfTax": "None", "ebit": "-42491000", "ebitda": "-42118000", "netIncome": "-44354000"}, {"fiscalDateEnding": "2020-09-30", "reportedCurrency": "USD", "grossProfit": "28095000", "totalRevenue": "58783000", "costOfRevenue": "30688000", "costofGoodsAndServicesSold": "30688000", "operatingIncome": "106000", "sellingGeneralAndAdministrative": "7199000", "researchAndDevelopment": "1846000", "operatingExpenses": "27989000", "investmentIncomeNet": "None", "netInterestIncome": "-934000", "interestIncome": "26000", "interestExpense": "960000", "nonInterestIncome": "None", "otherNonOperatingIncome": "None", "depreciation": "None", "depreciationAndAmortization": "100000", "incomeBeforeTax": "-805000", "incomeTaxExpense": "983000", "interestAndDebtExpense": "None", "netIncomeFromContinuingOperations": "-805000", "comprehensiveIncomeNetOfTax": "None", "ebit": "155000", "ebitda": "255000", "netIncome": "-805000"}, {"fiscalDateEnding": "2020-06-30", "reportedCurrency": "USD", "grossProfit": "27600000", "totalRevenue": "59800000", "costOfRevenue": "32200000", "costofGoodsAndServicesSold": "32200000", "operatingIncome": "-1821000", "sellingGeneralAndAdministrative": "8352000", "researchAndDevelopment": "2451000", "operatingExpenses": "29421000", "investmentIncomeNet": "None", "netInterestIncome": "-1077000", "interestIncome": "7000", "interestExpense": "1084000", "nonInterestIncome": "None", "otherNonOperatingIncome": "None", "depreciation": "None", "depreciationAndAmortization": "38000", "incomeBeforeTax": "-2892000", "incomeTaxExpense": "45000", "interestAndDebtExpense": "None", "netIncomeFromContinuingOperations": "-2937000", "comprehensiveIncomeNetOfTax": "None", "ebit": "-1808000", "ebitda": "-1770000", "netIncome": "-2937000"}, {"fiscalDateEnding": "2020-03-31", "reportedCurrency": "USD", "grossProfit": "10298000", "totalRevenue": "25628000", "costOfRevenue": "15330000", "costofGoodsAndServicesSold": "15330000", "operatingIncome": "-13896000", "sellingGeneralAndAdministrative": "8003000", "researchAndDevelopment": "2281000", "operatingExpenses": "24194000", "investmentIncomeNet": "None", "netInterestIncome": "-1109000", "interestIncome": "24000", "interestExpense": "1133000", "nonInterestIncome": "None", "otherNonOperatingIncome": "None", "depreciation": "None", "depreciationAndAmortization": "41000", "incomeBeforeTax": "-15030000", "incomeTaxExpense": "1108000", "interestAndDebtExpense": "None", "netIncomeFromContinuingOperations": "-15030000", "comprehensiveIncomeNetOfTax": "None", "ebit": "-13897000", "ebitda": "-13856000", "netIncome": "-15030000"}, {"fiscalDateEnding": "2019-12-31", "reportedCurrency": "USD", "grossProfit": "9082000", "totalRevenue": "25634000", "costOfRevenue": "16552000", "costofGoodsAndServicesSold": "16552000", "operatingIncome": "-30446000", "sellingGeneralAndAdministrative": "17727000", "researchAndDevelopment": "2476000", "operatingExpenses": "24095000", "investmentIncomeNet": "None", "netInterestIncome": "None", "interestIncome": "None", "interestExpense": "1076000", "nonInterestIncome": "None", "otherNonOperatingIncome": "None", "depreciation": "None", "depreciationAndAmortization": "47000", "incomeBeforeTax": "-16019000", "incomeTaxExpense": "6000", "interestAndDebtExpense": "None", "netIncomeFromContinuingOperations": "None", "comprehensiveIncomeNetOfTax": "None", "ebit": "-30376000", "ebitda": "-30329000", "netIncome": "-31458000"}, {"fiscalDateEnding": "2019-09-30", "reportedCurrency": "USD", "grossProfit": "17527000", "totalRevenue": "40603000", "costOfRevenue": "23076000", "costofGoodsAndServicesSold": "23076000", "operatingIncome": "-14071000", "sellingGeneralAndAdministrative": "10261000", "researchAndDevelopment": "2634000", "operatingExpenses": "27940000", "investmentIncomeNet": "None", "netInterestIncome": "None", "interestIncome": "None", "interestExpense": "955000", "nonInterestIncome": "None", "otherNonOperatingIncome": "None", "depreciation": "None", "depreciationAndAmortization": "41000", "incomeBeforeTax": "-14967000", "incomeTaxExpense": "8000", "interestAndDebtExpense": "None", "netIncomeFromContinuingOperations": "None", "comprehensiveIncomeNetOfTax": "None", "ebit": "-14012000", "ebitda": "-13971000", "netIncome": "-14975000"}, {"fiscalDateEnding": "2019-06-30", "reportedCurrency": "USD", "grossProfit": "11760000", "totalRevenue": "30368000", "costOfRevenue": "18608000", "costofGoodsAndServicesSold": "18608000", "operatingIncome": "-15596000", "sellingGeneralAndAdministrative": "10305000", "researchAndDevelopment": "1860000", "operatingExpenses": "18102000", "investmentIncomeNet": "None", "netInterestIncome": "None", "interestIncome": "None", "interestExpense": "1281000", "nonInterestIncome": "None", "otherNonOperatingIncome": "None", "depreciation": "None", "depreciationAndAmortization": "40000", "incomeBeforeTax": "-16864000", "incomeTaxExpense": "15000", "interestAndDebtExpense": "None", "netIncomeFromContinuingOperations": "None", "comprehensiveIncomeNetOfTax": "None", "ebit": "-15576000", "ebitda": "-15536000", "netIncome": "-16879000"}, {"fiscalDateEnding": "2019-03-31", "reportedCurrency": "USD", "grossProfit": "6671000", "totalRevenue": "17846000", "costOfRevenue": "11175000", "costofGoodsAndServicesSold": "11175000", "operatingIncome": "-7132000", "sellingGeneralAndAdministrative": "3366000", "researchAndDevelopment": "1163000", "operatingExpenses": "13803000", "investmentIncomeNet": "None", "netInterestIncome": "None", "interestIncome": "None", "interestExpense": "1213000", "nonInterestIncome": "None", "otherNonOperatingIncome": "None", "depreciation": "None", "depreciationAndAmortization": "55000", "incomeBeforeTax": "-8389000", "incomeTaxExpense": "1168000", "interestAndDebtExpense": "None", "netIncomeFromContinuingOperations": "None", "comprehensiveIncomeNetOfTax": "None", "ebit": "-7176000", "ebitda": "-7121000", "netIncome": "-8389000"}, {"fiscalDateEnding": "2018-12-31", "reportedCurrency": "USD", "grossProfit": "8326000", "totalRevenue": "19703000", "costOfRevenue": "11377000", "costofGoodsAndServicesSold": "11377000", "operatingIncome": "-7657000", "sellingGeneralAndAdministrative": "3187000", "researchAndDevelopment": "845000", "operatingExpenses": "15983000", "investmentIncomeNet": "None", "netInterestIncome": "None", "interestIncome": "None", "interestExpense": "851000", "nonInterestIncome": "None", "otherNonOperatingIncome": "None", "depreciation": "None", "depreciationAndAmortization": "65000", "incomeBeforeTax": "-8538000", "incomeTaxExpense": "52000", "interestAndDebtExpense": "None", "netIncomeFromContinuingOperations": "None", "comprehensiveIncomeNetOfTax": "None", "ebit": "-7657000", "ebitda": "-7592000", "netIncome": "-8590000"}, {"fiscalDateEnding": "2018-09-30", "reportedCurrency": "USD", "grossProfit": "10410000", "totalRevenue": "24672000", "costOfRevenue": "14262000", "costofGoodsAndServicesSold": "14262000", "operatingIncome": "-4707000", "sellingGeneralAndAdministrative": "2767000", "researchAndDevelopment": "790000", "operatingExpenses": "15117000", "investmentIncomeNet": "None", "netInterestIncome": "None", "interestIncome": "None", "interestExpense": "439000", "nonInterestIncome": "None", "otherNonOperatingIncome": "None", "depreciation": "None", "depreciationAndAmortization": "60000", "incomeBeforeTax": "-5127000", "incomeTaxExpense": "458000", "interestAndDebtExpense": "None", "netIncomeFromContinuingOperations": "None", "comprehensiveIncomeNetOfTax": "None", "ebit": "-4707000", "ebitda": "-4647000", "netIncome": "-5127000"}, {"fiscalDateEnding": "2018-06-30", "reportedCurrency": "USD", "grossProfit": "3780000", "totalRevenue": "14588000", "costOfRevenue": "10808000", "costofGoodsAndServicesSold": "10808000", "operatingIncome": "-8410000", "sellingGeneralAndAdministrative": "3130000", "researchAndDevelopment": "897000", "operatingExpenses": "12190000", "investmentIncomeNet": "None", "netInterestIncome": "None", "interestIncome": "None", "interestExpense": "506000", "nonInterestIncome": "None", "otherNonOperatingIncome": "None", "depreciation": "None", "depreciationAndAmortization": "61000", "incomeBeforeTax": "-8932000", "incomeTaxExpense": "3000", "interestAndDebtExpense": "None", "netIncomeFromContinuingOperations": "None", "comprehensiveIncomeNetOfTax": "None", "ebit": "-8410000", "ebitda": "-8349000", "netIncome": "-8935000"}, {"fiscalDateEnding": "2018-03-31", "reportedCurrency": "USD", "grossProfit": "3467000", "totalRevenue": "14316000", "costOfRevenue": "10849000", "costofGoodsAndServicesSold": "10849000", "operatingIncome": "-8655000", "sellingGeneralAndAdministrative": "2206000", "researchAndDevelopment": "1123000", "operatingExpenses": "12122000", "investmentIncomeNet": "None", "netInterestIncome": "None", "interestIncome": "None", "interestExpense": "559000", "nonInterestIncome": "None", "otherNonOperatingIncome": "None", "depreciation": "None", "depreciationAndAmortization": "67000", "incomeBeforeTax": "-9171000", "incomeTaxExpense": "601000", "interestAndDebtExpense": "None", "netIncomeFromContinuingOperations": "None", "comprehensiveIncomeNetOfTax": "None", "ebit": "-8612000", "ebitda": "-8545000", "netIncome": "-9171000"}, {"fiscalDateEnding": "2017-12-31", "reportedCurrency": "None", "grossProfit": "5416000", "totalRevenue": "13114000", "costOfRevenue": "7698000", "costofGoodsAndServicesSold": "7698000", "operatingIncome": "-7589000", "sellingGeneralAndAdministrative": "None", "researchAndDevelopment": "1123000", "operatingExpenses": "13005000", "investmentIncomeNet": "None", "netInterestIncome": "None", "interestIncome": "None", "interestExpense": "343000", "nonInterestIncome": "None", "otherNonOperatingIncome": "None", "depreciation": "None", "depreciationAndAmortization": "None", "incomeBeforeTax": "-7898000", "incomeTaxExpense": "33000", "interestAndDebtExpense": "None", "netIncomeFromContinuingOperations": "None", "comprehensiveIncomeNetOfTax": "None", "ebit": "None", "ebitda": "-7555000", "netIncome": "-7931000"}, {"fiscalDateEnding": "2017-09-30", "reportedCurrency": "None", "grossProfit": "4331000", "totalRevenue": "12392000", "costOfRevenue": "8061000", "costofGoodsAndServicesSold": "8061000", "operatingIncome": "-6840000", "sellingGeneralAndAdministrative": "None", "researchAndDevelopment": "1002999", "operatingExpenses": "11171000", "investmentIncomeNet": "None", "netInterestIncome": "None", "interestIncome": "None", "interestExpense": "25000", "nonInterestIncome": "None", "otherNonOperatingIncome": "None", "depreciation": "None", "depreciationAndAmortization": "None", "incomeBeforeTax": "-6852000", "incomeTaxExpense": "None", "interestAndDebtExpense": "None", "netIncomeFromContinuingOperations": "None", "comprehensiveIncomeNetOfTax": "None", "ebit": "None", "ebitda": "-6827000", "netIncome": "-6852000"}, {"fiscalDateEnding": "2017-06-30", "reportedCurrency": "None", "grossProfit": "1836000", "totalRevenue": "5631000", "costOfRevenue": "3795000", "costofGoodsAndServicesSold": "3795000", "operatingIncome": "-4056000", "sellingGeneralAndAdministrative": "None", "researchAndDevelopment": "736000", "operatingExpenses": "5892000", "investmentIncomeNet": "None", "netInterestIncome": "None", "interestIncome": "None", "interestExpense": "22000", "nonInterestIncome": "None", "otherNonOperatingIncome": "None", "depreciation": "None", "depreciationAndAmortization": "None", "incomeBeforeTax": "-4070999", "incomeTaxExpense": "5000", "interestAndDebtExpense": "None", "netIncomeFromContinuingOperations": "None", "comprehensiveIncomeNetOfTax": "None", "ebit": "None", "ebitda": "-4049000", "netIncome": "-4075999"}, {"fiscalDateEnding": "2017-03-31", "reportedCurrency": "None", "grossProfit": "2095000", "totalRevenue": "5322000", "costOfRevenue": "3227000", "costofGoodsAndServicesSold": "3227000", "operatingIncome": "-4107999", "sellingGeneralAndAdministrative": "None", "researchAndDevelopment": "836000", "operatingExpenses": "6203000", "investmentIncomeNet": "None", "netInterestIncome": "None", "interestIncome": "None", "interestExpense": "22000", "nonInterestIncome": "None", "otherNonOperatingIncome": "None", "depreciation": "None", "depreciationAndAmortization": "None", "incomeBeforeTax": "-4208000", "incomeTaxExpense": "None", "interestAndDebtExpense": "None", "netIncomeFromContinuingOperations": "None", "comprehensiveIncomeNetOfTax": "None", "ebit": "None", "ebitda": "-4186000", "netIncome": "-4208000"}]}