{"symbol": "ALLT", "annualReports": [{"fiscalDateEnding": "2024-12-31", "reportedCurrency": "USD", "grossProfit": "63690000", "totalRevenue": "92195000", "costOfRevenue": "28505000", "costofGoodsAndServicesSold": "28505000", "operatingIncome": "-6014000", "sellingGeneralAndAdministrative": "12684000", "researchAndDevelopment": "26112000", "operatingExpenses": "69704000", "investmentIncomeNet": "None", "netInterestIncome": "2570000", "interestIncome": "2570000", "interestExpense": "0", "nonInterestIncome": "None", "otherNonOperatingIncome": "None", "depreciation": "None", "depreciationAndAmortization": "6224000", "incomeBeforeTax": "-4104000", "incomeTaxExpense": "1765000", "interestAndDebtExpense": "None", "netIncomeFromContinuingOperations": "-5869000", "comprehensiveIncomeNetOfTax": "None", "ebit": "-4104000", "ebitda": "2120000", "netIncome": "-5869000"}, {"fiscalDateEnding": "2023-12-31", "reportedCurrency": "USD", "grossProfit": "52686000", "totalRevenue": "93150000", "costOfRevenue": "40464000", "costofGoodsAndServicesSold": "40464000", "operatingIncome": "-64935000", "sellingGeneralAndAdministrative": "34656000", "researchAndDevelopment": "39115000", "operatingExpenses": "117621000", "investmentIncomeNet": "None", "netInterestIncome": "3058000", "interestIncome": "3073000", "interestExpense": "72000", "nonInterestIncome": "None", "otherNonOperatingIncome": "None", "depreciation": "None", "depreciationAndAmortization": "6518000", "incomeBeforeTax": "-61720000", "incomeTaxExpense": "1084000", "interestAndDebtExpense": "None", "netIncomeFromContinuingOperations": "-51193000", "comprehensiveIncomeNetOfTax": "None", "ebit": "-61648000", "ebitda": "-55130000", "netIncome": "-62804000"}, {"fiscalDateEnding": "2022-12-31", "reportedCurrency": "USD", "grossProfit": "82906000", "totalRevenue": "122737000", "costOfRevenue": "39831000", "costofGoodsAndServicesSold": "39831000", "operatingIncome": "-32269000", "sellingGeneralAndAdministrative": "15982000", "researchAndDevelopment": "49800000", "operatingExpenses": "115175000", "investmentIncomeNet": "None", "netInterestIncome": "2134000", "interestIncome": "1880000", "interestExpense": "38000", "nonInterestIncome": "None", "otherNonOperatingIncome": "None", "depreciation": "None", "depreciationAndAmortization": "7352000", "incomeBeforeTax": "-30135000", "incomeTaxExpense": "1895000", "interestAndDebtExpense": "None", "netIncomeFromContinuingOperations": "-32030000", "comprehensiveIncomeNetOfTax": "None", "ebit": "-30097000", "ebitda": "-22745000", "netIncome": "-32030000"}, {"fiscalDateEnding": "2021-12-31", "reportedCurrency": "USD", "grossProfit": "101047000", "totalRevenue": "145600000", "costOfRevenue": "44553000", "costofGoodsAndServicesSold": "44553000", "operatingIncome": "-13528000", "sellingGeneralAndAdministrative": "15145000", "researchAndDevelopment": "47093000", "operatingExpenses": "114575000", "investmentIncomeNet": "None", "netInterestIncome": "339000", "interestIncome": "1045000", "interestExpense": "76000", "nonInterestIncome": "None", "otherNonOperatingIncome": "None", "depreciation": "None", "depreciationAndAmortization": "5575000", "incomeBeforeTax": "-13189000", "incomeTaxExpense": "1851000", "interestAndDebtExpense": "None", "netIncomeFromContinuingOperations": "-15040000", "comprehensiveIncomeNetOfTax": "None", "ebit": "-13113000", "ebitda": "-7538000", "netIncome": "-15040000"}, {"fiscalDateEnding": "2020-12-31", "reportedCurrency": "USD", "grossProfit": "95840000", "totalRevenue": "135922000", "costOfRevenue": "40082000", "costofGoodsAndServicesSold": "40082000", "operatingIncome": "-9029000", "sellingGeneralAndAdministrative": "13894000", "researchAndDevelopment": "43447000", "operatingExpenses": "104869000", "investmentIncomeNet": "None", "netInterestIncome": "1857000", "interestIncome": "1857000", "interestExpense": "128000", "nonInterestIncome": "None", "otherNonOperatingIncome": "None", "depreciation": "None", "depreciationAndAmortization": "4312000", "incomeBeforeTax": "-7172000", "incomeTaxExpense": "2176000", "interestAndDebtExpense": "None", "netIncomeFromContinuingOperations": "-9348000", "comprehensiveIncomeNetOfTax": "None", "ebit": "-7044000", "ebitda": "-2732000", "netIncome": "-9348000"}, {"fiscalDateEnding": "2019-12-31", "reportedCurrency": "USD", "grossProfit": "76266000", "totalRevenue": "110100000", "costOfRevenue": "33834000", "costofGoodsAndServicesSold": "33834000", "operatingIncome": "-8978000", "sellingGeneralAndAdministrative": "6678000", "researchAndDevelopment": "31461000", "operatingExpenses": "85244000", "investmentIncomeNet": "None", "netInterestIncome": "2294000", "interestIncome": "2551000", "interestExpense": "257000", "nonInterestIncome": "None", "otherNonOperatingIncome": "None", "depreciation": "None", "depreciationAndAmortization": "4359000", "incomeBeforeTax": "-7018000", "incomeTaxExpense": "1641000", "interestAndDebtExpense": "None", "netIncomeFromContinuingOperations": "-8659000", "comprehensiveIncomeNetOfTax": "None", "ebit": "-6761000", "ebitda": "-2402000", "netIncome": "-8659000"}, {"fiscalDateEnding": "2018-12-31", "reportedCurrency": "USD", "grossProfit": "66488000", "totalRevenue": "95837000", "costOfRevenue": "29349000", "costofGoodsAndServicesSold": "29349000", "operatingIncome": "-10195000", "sellingGeneralAndAdministrative": "10416000", "researchAndDevelopment": "25418000", "operatingExpenses": "76683000", "investmentIncomeNet": "None", "netInterestIncome": "1903000", "interestIncome": "2696000", "interestExpense": "793000", "nonInterestIncome": "None", "otherNonOperatingIncome": "None", "depreciation": "None", "depreciationAndAmortization": "3834000", "incomeBeforeTax": "-7987000", "incomeTaxExpense": "2428000", "interestAndDebtExpense": "None", "netIncomeFromContinuingOperations": "-10415000", "comprehensiveIncomeNetOfTax": "None", "ebit": "-7194000", "ebitda": "-3360000", "netIncome": "-10415000"}, {"fiscalDateEnding": "2017-12-31", "reportedCurrency": "USD", "grossProfit": "53462000", "totalRevenue": "81992000", "costOfRevenue": "28530000", "costofGoodsAndServicesSold": "28530000", "operatingIncome": "-17402000", "sellingGeneralAndAdministrative": "10696000", "researchAndDevelopment": "21852000", "operatingExpenses": "70864000", "investmentIncomeNet": "None", "netInterestIncome": "1496000", "interestIncome": "2513000", "interestExpense": "1017000", "nonInterestIncome": "None", "otherNonOperatingIncome": "None", "depreciation": "None", "depreciationAndAmortization": "3668000", "incomeBeforeTax": "-16508000", "incomeTaxExpense": "1564000", "interestAndDebtExpense": "None", "netIncomeFromContinuingOperations": "-18072000", "comprehensiveIncomeNetOfTax": "None", "ebit": "-16508000", "ebitda": "-12840000", "netIncome": "-18072000"}, {"fiscalDateEnding": "2016-12-31", "reportedCurrency": "USD", "grossProfit": "62474000", "totalRevenue": "90369000", "costOfRevenue": "27895000", "costofGoodsAndServicesSold": "27895000", "operatingIncome": "-6849000", "sellingGeneralAndAdministrative": "9812000", "researchAndDevelopment": "24221000", "operatingExpenses": "69323000", "investmentIncomeNet": "None", "netInterestIncome": "1245000", "interestIncome": "2466000", "interestExpense": "1221000", "nonInterestIncome": "None", "otherNonOperatingIncome": "None", "depreciation": "None", "depreciationAndAmortization": "4043000", "incomeBeforeTax": "-5790000", "incomeTaxExpense": "2204000", "interestAndDebtExpense": "None", "netIncomeFromContinuingOperations": "-7994000", "comprehensiveIncomeNetOfTax": "None", "ebit": "-5790000", "ebitda": "-1747000", "netIncome": "-7994000"}, {"fiscalDateEnding": "2015-12-31", "reportedCurrency": "USD", "grossProfit": "66540000", "totalRevenue": "99967000", "costOfRevenue": "33427000", "costofGoodsAndServicesSold": "33427000", "operatingIncome": "-15902000", "sellingGeneralAndAdministrative": "12702000", "researchAndDevelopment": "26422000", "operatingExpenses": "82442000", "investmentIncomeNet": "None", "netInterestIncome": "None", "interestIncome": "None", "interestExpense": "1278000", "nonInterestIncome": "None", "otherNonOperatingIncome": "None", "depreciation": "None", "depreciationAndAmortization": "11152000", "incomeBeforeTax": "-16486000", "incomeTaxExpense": "3356000", "interestAndDebtExpense": "None", "netIncomeFromContinuingOperations": "-19842000", "comprehensiveIncomeNetOfTax": "None", "ebit": "-21930000", "ebitda": "-10778000", "netIncome": "-19842000"}, {"fiscalDateEnding": "2014-12-31", "reportedCurrency": "USD", "grossProfit": "82447000", "totalRevenue": "117186000", "costOfRevenue": "34739000", "costofGoodsAndServicesSold": "34739000", "operatingIncome": "-3107000", "sellingGeneralAndAdministrative": "11941000", "researchAndDevelopment": "29014000", "operatingExpenses": "85554000", "investmentIncomeNet": "None", "netInterestIncome": "None", "interestIncome": "None", "interestExpense": "1066000", "nonInterestIncome": "None", "otherNonOperatingIncome": "None", "depreciation": "None", "depreciationAndAmortization": "5166000", "incomeBeforeTax": "-2447000", "incomeTaxExpense": "50000", "interestAndDebtExpense": "None", "netIncomeFromContinuingOperations": "-2497000", "comprehensiveIncomeNetOfTax": "None", "ebit": "-1381000", "ebitda": "3785000", "netIncome": "-2497000"}, {"fiscalDateEnding": "2013-12-31", "reportedCurrency": "USD", "grossProfit": "69727000", "totalRevenue": "96545000", "costOfRevenue": "26818000", "costofGoodsAndServicesSold": "26818000", "operatingIncome": "-7064000", "sellingGeneralAndAdministrative": "9952000", "researchAndDevelopment": "27022000", "operatingExpenses": "76791000", "investmentIncomeNet": "None", "netInterestIncome": "None", "interestIncome": "None", "interestExpense": "584000", "nonInterestIncome": "None", "otherNonOperatingIncome": "None", "depreciation": "None", "depreciationAndAmortization": "6338000", "incomeBeforeTax": "-6337000", "incomeTaxExpense": "120000", "interestAndDebtExpense": "None", "netIncomeFromContinuingOperations": "-6457000", "comprehensiveIncomeNetOfTax": "None", "ebit": "-6337000", "ebitda": "1000", "netIncome": "-6457000"}, {"fiscalDateEnding": "2012-12-31", "reportedCurrency": "USD", "grossProfit": "57829000", "totalRevenue": "104752000", "costOfRevenue": "46923000", "costofGoodsAndServicesSold": "46923000", "operatingIncome": "-9022000", "sellingGeneralAndAdministrative": "10664000", "researchAndDevelopment": "22060000", "operatingExpenses": "66851000", "investmentIncomeNet": "None", "netInterestIncome": "None", "interestIncome": "None", "interestExpense": "212000", "nonInterestIncome": "None", "otherNonOperatingIncome": "None", "depreciation": "None", "depreciationAndAmortization": "5067000", "incomeBeforeTax": "-7664000", "incomeTaxExpense": "-926000", "interestAndDebtExpense": "None", "netIncomeFromContinuingOperations": "None", "comprehensiveIncomeNetOfTax": "None", "ebit": "-7664000", "ebitda": "-2597000", "netIncome": "-6738000"}, {"fiscalDateEnding": "2011-12-31", "reportedCurrency": "USD", "grossProfit": "55578000", "totalRevenue": "77753000", "costOfRevenue": "22175000", "costofGoodsAndServicesSold": "22175000", "operatingIncome": "8339000", "sellingGeneralAndAdministrative": "7474000", "researchAndDevelopment": "13222000", "operatingExpenses": "47239000", "investmentIncomeNet": "None", "netInterestIncome": "None", "interestIncome": "None", "interestExpense": "16000", "nonInterestIncome": "None", "otherNonOperatingIncome": "None", "depreciation": "None", "depreciationAndAmortization": "2875000", "incomeBeforeTax": "8754000", "incomeTaxExpense": "-55000", "interestAndDebtExpense": "None", "netIncomeFromContinuingOperations": "None", "comprehensiveIncomeNetOfTax": "None", "ebit": "8757000", "ebitda": "11632000", "netIncome": "8809000"}, {"fiscalDateEnding": "2010-12-31", "reportedCurrency": "USD", "grossProfit": "40987000", "totalRevenue": "56972000", "costOfRevenue": "15985000", "costofGoodsAndServicesSold": "15985000", "operatingIncome": "2229000", "sellingGeneralAndAdministrative": "5473000", "researchAndDevelopment": "11264000", "operatingExpenses": "38758000", "investmentIncomeNet": "None", "netInterestIncome": "None", "interestIncome": "None", "interestExpense": "7907000", "nonInterestIncome": "None", "otherNonOperatingIncome": "None", "depreciation": "None", "depreciationAndAmortization": "2700000", "incomeBeforeTax": "-5678000", "incomeTaxExpense": "84000", "interestAndDebtExpense": "None", "netIncomeFromContinuingOperations": "None", "comprehensiveIncomeNetOfTax": "None", "ebit": "2229000", "ebitda": "4929000", "netIncome": "-5762000"}, {"fiscalDateEnding": "2009-12-31", "reportedCurrency": "USD", "grossProfit": "29916000", "totalRevenue": "41751000", "costOfRevenue": "11835000", "costofGoodsAndServicesSold": "11835000", "operatingIncome": "-5298000", "sellingGeneralAndAdministrative": "5541000", "researchAndDevelopment": "9265000", "operatingExpenses": "35214000", "investmentIncomeNet": "None", "netInterestIncome": "None", "interestIncome": "None", "interestExpense": "137000", "nonInterestIncome": "None", "otherNonOperatingIncome": "None", "depreciation": "None", "depreciationAndAmortization": "2584000", "incomeBeforeTax": "-7609000", "incomeTaxExpense": "63000", "interestAndDebtExpense": "None", "netIncomeFromContinuingOperations": "None", "comprehensiveIncomeNetOfTax": "None", "ebit": "-5298000", "ebitda": "-2714000", "netIncome": "-7672000"}, {"fiscalDateEnding": "2008-12-31", "reportedCurrency": "USD", "grossProfit": "27405000", "totalRevenue": "37101000", "costOfRevenue": "9696000", "costofGoodsAndServicesSold": "9696000", "operatingIncome": "-10758000", "sellingGeneralAndAdministrative": "6174000", "researchAndDevelopment": "12130000", "operatingExpenses": "38163000", "investmentIncomeNet": "None", "netInterestIncome": "None", "interestIncome": "None", "interestExpense": "335000", "nonInterestIncome": "None", "otherNonOperatingIncome": "None", "depreciation": "None", "depreciationAndAmortization": "2107000", "incomeBeforeTax": "-16275000", "incomeTaxExpense": "220000", "interestAndDebtExpense": "None", "netIncomeFromContinuingOperations": "None", "comprehensiveIncomeNetOfTax": "None", "ebit": "-10758000", "ebitda": "-8651000", "netIncome": "-16495000"}, {"fiscalDateEnding": "2007-12-31", "reportedCurrency": "USD", "grossProfit": "24483000", "totalRevenue": "32502000", "costOfRevenue": "8019000", "costofGoodsAndServicesSold": "8019000", "operatingIncome": "-8565000", "sellingGeneralAndAdministrative": "10200", "researchAndDevelopment": "9384000", "operatingExpenses": "33048000", "investmentIncomeNet": "None", "netInterestIncome": "None", "interestIncome": "None", "interestExpense": "0", "nonInterestIncome": "None", "otherNonOperatingIncome": "None", "depreciation": "None", "depreciationAndAmortization": "1524000", "incomeBeforeTax": "-9410000", "incomeTaxExpense": "530000", "interestAndDebtExpense": "None", "netIncomeFromContinuingOperations": "None", "comprehensiveIncomeNetOfTax": "None", "ebit": "-8565000", "ebitda": "-7041000", "netIncome": "-9940000"}, {"fiscalDateEnding": "2006-12-31", "reportedCurrency": "USD", "grossProfit": "26547000", "totalRevenue": "34144000", "costOfRevenue": "7597000", "costofGoodsAndServicesSold": "7597000", "operatingIncome": "97000", "sellingGeneralAndAdministrative": "26450000", "researchAndDevelopment": "7529000", "operatingExpenses": "26450000", "investmentIncomeNet": "None", "netInterestIncome": "None", "interestIncome": "None", "interestExpense": "0", "nonInterestIncome": "None", "otherNonOperatingIncome": "None", "depreciation": "None", "depreciationAndAmortization": "963000", "incomeBeforeTax": "727000", "incomeTaxExpense": "111000", "interestAndDebtExpense": "None", "netIncomeFromContinuingOperations": "None", "comprehensiveIncomeNetOfTax": "None", "ebit": "97000", "ebitda": "1060000", "netIncome": "616000"}, {"fiscalDateEnding": "2005-12-31", "reportedCurrency": "USD", "grossProfit": "17553000", "totalRevenue": "22972000", "costOfRevenue": "5419000", "costofGoodsAndServicesSold": "5419000", "operatingIncome": "-2639000", "sellingGeneralAndAdministrative": "20192000", "researchAndDevelopment": "5925000", "operatingExpenses": "20192000", "investmentIncomeNet": "None", "netInterestIncome": "None", "interestIncome": "None", "interestExpense": "0", "nonInterestIncome": "None", "otherNonOperatingIncome": "None", "depreciation": "None", "depreciationAndAmortization": "632000", "incomeBeforeTax": "-2594000", "incomeTaxExpense": "-218000", "interestAndDebtExpense": "None", "netIncomeFromContinuingOperations": "None", "comprehensiveIncomeNetOfTax": "None", "ebit": "-2639000", "ebitda": "-2007000", "netIncome": "-2376000"}], "quarterlyReports": [{"fiscalDateEnding": "2025-09-30", "reportedCurrency": "USD", "grossProfit": "18031000", "totalRevenue": "26405000", "costOfRevenue": "8374000", "costofGoodsAndServicesSold": "8374000", "operatingIncome": "2150000", "sellingGeneralAndAdministrative": "11227000", "researchAndDevelopment": "5489000", "operatingExpenses": "15881000", "investmentIncomeNet": "None", "netInterestIncome": "676000", "interestIncome": "None", "interestExpense": "None", "nonInterestIncome": "None", "otherNonOperatingIncome": "None", "depreciation": "None", "depreciationAndAmortization": "835000", "incomeBeforeTax": "3019000", "incomeTaxExpense": "195000", "interestAndDebtExpense": "None", "netIncomeFromContinuingOperations": "2824000", "comprehensiveIncomeNetOfTax": "None", "ebit": "3019000", "ebitda": "3854000", "netIncome": "2824000"}, {"fiscalDateEnding": "2025-06-30", "reportedCurrency": "USD", "grossProfit": "17330000", "totalRevenue": "24051000", "costOfRevenue": "6721000", "costofGoodsAndServicesSold": "6721000", "operatingIncome": "-407000", "sellingGeneralAndAdministrative": "3215000", "researchAndDevelopment": "7261000", "operatingExpenses": "17737000", "investmentIncomeNet": "None", "netInterestIncome": "359000", "interestIncome": "359000", "interestExpense": "None", "nonInterestIncome": "None", "otherNonOperatingIncome": "None", "depreciation": "None", "depreciationAndAmortization": "1073000", "incomeBeforeTax": "-1358000", "incomeTaxExpense": "332000", "interestAndDebtExpense": "None", "netIncomeFromContinuingOperations": "-1690000", "comprehensiveIncomeNetOfTax": "None", "ebit": "-407000", "ebitda": "666000", "netIncome": "-1690000"}, {"fiscalDateEnding": "2025-03-31", "reportedCurrency": "USD", "grossProfit": "16047000", "totalRevenue": "23150000", "costOfRevenue": "7103000", "costofGoodsAndServicesSold": "7103000", "operatingIncome": "-709000", "sellingGeneralAndAdministrative": "3427000", "researchAndDevelopment": "5991000", "operatingExpenses": "16756000", "investmentIncomeNet": "None", "netInterestIncome": "673000", "interestIncome": "673000", "interestExpense": "None", "nonInterestIncome": "None", "otherNonOperatingIncome": "None", "depreciation": "None", "depreciationAndAmortization": "1319000", "incomeBeforeTax": "-36000", "incomeTaxExpense": "296000", "interestAndDebtExpense": "None", "netIncomeFromContinuingOperations": "-332000", "comprehensiveIncomeNetOfTax": "None", "ebit": "-709000", "ebitda": "610000", "netIncome": "-332000"}, {"fiscalDateEnding": "2024-12-31", "reportedCurrency": "USD", "grossProfit": "17053000", "totalRevenue": "24906000", "costOfRevenue": "7853000", "costofGoodsAndServicesSold": "7853000", "operatingIncome": "312000", "sellingGeneralAndAdministrative": "3518000", "researchAndDevelopment": "5715000", "operatingExpenses": "16741000", "investmentIncomeNet": "None", "netInterestIncome": "1028000", "interestIncome": "None", "interestExpense": "None", "nonInterestIncome": "None", "otherNonOperatingIncome": "None", "depreciation": "None", "depreciationAndAmortization": "2299000", "incomeBeforeTax": "680000", "incomeTaxExpense": "439000", "interestAndDebtExpense": "None", "netIncomeFromContinuingOperations": "241000", "comprehensiveIncomeNetOfTax": "None", "ebit": "311000", "ebitda": "2610000", "netIncome": "241000"}, {"fiscalDateEnding": "2024-09-30", "reportedCurrency": "USD", "grossProfit": "16364000", "totalRevenue": "23235000", "costOfRevenue": "6871000", "costofGoodsAndServicesSold": "6871000", "operatingIncome": "-217000", "sellingGeneralAndAdministrative": "2960000", "researchAndDevelopment": "5922000", "operatingExpenses": "16581000", "investmentIncomeNet": "None", "netInterestIncome": "513000", "interestIncome": "None", "interestExpense": "None", "nonInterestIncome": "None", "otherNonOperatingIncome": "None", "depreciation": "None", "depreciationAndAmortization": "1249000", "incomeBeforeTax": "296000", "incomeTaxExpense": "540000", "interestAndDebtExpense": "None", "netIncomeFromContinuingOperations": "-244000", "comprehensiveIncomeNetOfTax": "None", "ebit": "-217000", "ebitda": "1032000", "netIncome": "-244000"}, {"fiscalDateEnding": "2024-06-30", "reportedCurrency": "USD", "grossProfit": "15175000", "totalRevenue": "22164000", "costOfRevenue": "6989000", "costofGoodsAndServicesSold": "6989000", "operatingIncome": "-3366000", "sellingGeneralAndAdministrative": "3304000", "researchAndDevelopment": "7326000", "operatingExpenses": "18541000", "investmentIncomeNet": "None", "netInterestIncome": "489000", "interestIncome": "489000", "interestExpense": "None", "nonInterestIncome": "None", "otherNonOperatingIncome": "None", "depreciation": "None", "depreciationAndAmortization": "1309000", "incomeBeforeTax": "-2877000", "incomeTaxExpense": "479000", "interestAndDebtExpense": "None", "netIncomeFromContinuingOperations": "-3356000", "comprehensiveIncomeNetOfTax": "None", "ebit": "-3366000", "ebitda": "-2057000", "netIncome": "-3356000"}, {"fiscalDateEnding": "2024-03-31", "reportedCurrency": "USD", "grossProfit": "15098000", "totalRevenue": "21890000", "costOfRevenue": "6792000", "costofGoodsAndServicesSold": "6792000", "operatingIncome": "-2743000", "sellingGeneralAndAdministrative": "2902000", "researchAndDevelopment": "7149000", "operatingExpenses": "17841000", "investmentIncomeNet": "None", "netInterestIncome": "540000", "interestIncome": "None", "interestExpense": "None", "nonInterestIncome": "None", "otherNonOperatingIncome": "None", "depreciation": "None", "depreciationAndAmortization": "1367000", "incomeBeforeTax": "-2203000", "incomeTaxExpense": "307000", "interestAndDebtExpense": "None", "netIncomeFromContinuingOperations": "-2510000", "comprehensiveIncomeNetOfTax": "None", "ebit": "-2743000", "ebitda": "-1376000", "netIncome": "-2510000"}, {"fiscalDateEnding": "2023-12-31", "reportedCurrency": "USD", "grossProfit": "11401000", "totalRevenue": "24342000", "costOfRevenue": "12941000", "costofGoodsAndServicesSold": "12941000", "operatingIncome": "-18914000", "sellingGeneralAndAdministrative": "22373000", "researchAndDevelopment": "7942000", "operatingExpenses": "30315000", "investmentIncomeNet": "None", "netInterestIncome": "447000", "interestIncome": "None", "interestExpense": "None", "nonInterestIncome": "None", "otherNonOperatingIncome": "None", "depreciation": "None", "depreciationAndAmortization": "3404000", "incomeBeforeTax": "-18253000", "incomeTaxExpense": "96000", "interestAndDebtExpense": "None", "netIncomeFromContinuingOperations": "-18349000", "comprehensiveIncomeNetOfTax": "None", "ebit": "-18914000", "ebitda": "-15510000", "netIncome": "-18349000"}, {"fiscalDateEnding": "2023-09-30", "reportedCurrency": "USD", "grossProfit": "10470000", "totalRevenue": "22635000", "costOfRevenue": "12165000", "costofGoodsAndServicesSold": "12165000", "operatingIncome": "-12663000", "sellingGeneralAndAdministrative": "2822000", "researchAndDevelopment": "9927000", "operatingExpenses": "23133000", "investmentIncomeNet": "None", "netInterestIncome": "775000", "interestIncome": "None", "interestExpense": "15000", "nonInterestIncome": "None", "otherNonOperatingIncome": "None", "depreciation": "None", "depreciationAndAmortization": "1528000", "incomeBeforeTax": "-11888000", "incomeTaxExpense": "473000", "interestAndDebtExpense": "None", "netIncomeFromContinuingOperations": "-12361000", "comprehensiveIncomeNetOfTax": "None", "ebit": "-12663000", "ebitda": "-11135000", "netIncome": "-12361000"}, {"fiscalDateEnding": "2023-06-30", "reportedCurrency": "USD", "grossProfit": "17340000", "totalRevenue": "25047000", "costOfRevenue": "7707000", "costofGoodsAndServicesSold": "7707000", "operatingIncome": "-21492000", "sellingGeneralAndAdministrative": "17558000", "researchAndDevelopment": "10752000", "operatingExpenses": "38832000", "investmentIncomeNet": "None", "netInterestIncome": "985000", "interestIncome": "985000", "interestExpense": "None", "nonInterestIncome": "None", "otherNonOperatingIncome": "None", "depreciation": "None", "depreciationAndAmortization": "1604000", "incomeBeforeTax": "-20507000", "incomeTaxExpense": "225000", "interestAndDebtExpense": "None", "netIncomeFromContinuingOperations": "-20732000", "comprehensiveIncomeNetOfTax": "None", "ebit": "-21492000", "ebitda": "-19888000", "netIncome": "-20732000"}, {"fiscalDateEnding": "2023-03-31", "reportedCurrency": "USD", "grossProfit": "13475000", "totalRevenue": "21126000", "costOfRevenue": "7651000", "costofGoodsAndServicesSold": "7651000", "operatingIncome": "-11866000", "sellingGeneralAndAdministrative": "3960000", "researchAndDevelopment": "10494000", "operatingExpenses": "25341000", "investmentIncomeNet": "None", "netInterestIncome": "794000", "interestIncome": "None", "interestExpense": "14000", "nonInterestIncome": "None", "otherNonOperatingIncome": "None", "depreciation": "None", "depreciationAndAmortization": "1596000", "incomeBeforeTax": "-11072000", "incomeTaxExpense": "290000", "interestAndDebtExpense": "None", "netIncomeFromContinuingOperations": "-11362000", "comprehensiveIncomeNetOfTax": "None", "ebit": "-11866000", "ebitda": "-10270000", "netIncome": "-11362000"}, {"fiscalDateEnding": "2022-12-31", "reportedCurrency": "USD", "grossProfit": "21895000", "totalRevenue": "33029000", "costOfRevenue": "11134000", "costofGoodsAndServicesSold": "11134000", "operatingIncome": "-7060000", "sellingGeneralAndAdministrative": "3703000", "researchAndDevelopment": "12371000", "operatingExpenses": "28955000", "investmentIncomeNet": "None", "netInterestIncome": "796000", "interestIncome": "542000", "interestExpense": "796000", "nonInterestIncome": "None", "otherNonOperatingIncome": "None", "depreciation": "None", "depreciationAndAmortization": "2528000", "incomeBeforeTax": "-6264000", "incomeTaxExpense": "474000", "interestAndDebtExpense": "None", "netIncomeFromContinuingOperations": "-6738000", "comprehensiveIncomeNetOfTax": "None", "ebit": "-6264000", "ebitda": "-3736000", "netIncome": "-6738000"}, {"fiscalDateEnding": "2022-09-30", "reportedCurrency": "USD", "grossProfit": "16377000", "totalRevenue": "25040000", "costOfRevenue": "8663000", "costofGoodsAndServicesSold": "8663000", "operatingIncome": "-13084000", "sellingGeneralAndAdministrative": "3939000", "researchAndDevelopment": "12919000", "operatingExpenses": "29461000", "investmentIncomeNet": "None", "netInterestIncome": "471000", "interestIncome": "471000", "interestExpense": "471000", "nonInterestIncome": "None", "otherNonOperatingIncome": "None", "depreciation": "None", "depreciationAndAmortization": "1608000", "incomeBeforeTax": "-12613000", "incomeTaxExpense": "319000", "interestAndDebtExpense": "None", "netIncomeFromContinuingOperations": "-12932000", "comprehensiveIncomeNetOfTax": "None", "ebit": "-13084000", "ebitda": "-11476000", "netIncome": "-12932000"}, {"fiscalDateEnding": "2022-06-30", "reportedCurrency": "USD", "grossProfit": "22530000", "totalRevenue": "32772000", "costOfRevenue": "10242000", "costofGoodsAndServicesSold": "10242000", "operatingIncome": "-6473000", "sellingGeneralAndAdministrative": "4303000", "researchAndDevelopment": "12480000", "operatingExpenses": "29003000", "investmentIncomeNet": "None", "netInterestIncome": "620000", "interestIncome": "620000", "interestExpense": "620000", "nonInterestIncome": "None", "otherNonOperatingIncome": "None", "depreciation": "None", "depreciationAndAmortization": "1567000", "incomeBeforeTax": "-5853000", "incomeTaxExpense": "380000", "interestAndDebtExpense": "None", "netIncomeFromContinuingOperations": "-6233000", "comprehensiveIncomeNetOfTax": "None", "ebit": "-6473000", "ebitda": "-4906000", "netIncome": "-6233000"}, {"fiscalDateEnding": "2022-03-31", "reportedCurrency": "USD", "grossProfit": "22104000", "totalRevenue": "31896000", "costOfRevenue": "9792000", "costofGoodsAndServicesSold": "9792000", "operatingIncome": "-5652000", "sellingGeneralAndAdministrative": "4037000", "researchAndDevelopment": "12030000", "operatingExpenses": "27756000", "investmentIncomeNet": "None", "netInterestIncome": "247000", "interestIncome": "None", "interestExpense": "247000", "nonInterestIncome": "None", "otherNonOperatingIncome": "None", "depreciation": "None", "depreciationAndAmortization": "1649000", "incomeBeforeTax": "-5405000", "incomeTaxExpense": "722000", "interestAndDebtExpense": "None", "netIncomeFromContinuingOperations": "-6127000", "comprehensiveIncomeNetOfTax": "None", "ebit": "-5652000", "ebitda": "-4003000", "netIncome": "-6127000"}, {"fiscalDateEnding": "2021-12-31", "reportedCurrency": "USD", "grossProfit": "28458000", "totalRevenue": "40974000", "costOfRevenue": "12516000", "costofGoodsAndServicesSold": "12516000", "operatingIncome": "-3717000", "sellingGeneralAndAdministrative": "4145000", "researchAndDevelopment": "13005000", "operatingExpenses": "32175000", "investmentIncomeNet": "None", "netInterestIncome": "176000", "interestIncome": "None", "interestExpense": "None", "nonInterestIncome": "None", "otherNonOperatingIncome": "None", "depreciation": "None", "depreciationAndAmortization": "1490000", "incomeBeforeTax": "-3541000", "incomeTaxExpense": "489000", "interestAndDebtExpense": "None", "netIncomeFromContinuingOperations": "-4030000", "comprehensiveIncomeNetOfTax": "None", "ebit": "-3302000", "ebitda": "-1812000", "netIncome": "-4030000"}, {"fiscalDateEnding": "2021-09-30", "reportedCurrency": "USD", "grossProfit": "26531000", "totalRevenue": "38155000", "costOfRevenue": "11624000", "costofGoodsAndServicesSold": "11624000", "operatingIncome": "-2238000", "sellingGeneralAndAdministrative": "3720000", "researchAndDevelopment": "12148000", "operatingExpenses": "28769000", "investmentIncomeNet": "None", "netInterestIncome": "-146000", "interestIncome": "None", "interestExpense": "146000", "nonInterestIncome": "None", "otherNonOperatingIncome": "None", "depreciation": "None", "depreciationAndAmortization": "1386000", "incomeBeforeTax": "-2384000", "incomeTaxExpense": "689000", "interestAndDebtExpense": "None", "netIncomeFromContinuingOperations": "-3073000", "comprehensiveIncomeNetOfTax": "None", "ebit": "-2238000", "ebitda": "-852000", "netIncome": "-3073000"}, {"fiscalDateEnding": "2021-06-30", "reportedCurrency": "USD", "grossProfit": "24466000", "totalRevenue": "35288000", "costOfRevenue": "10822000", "costofGoodsAndServicesSold": "10822000", "operatingIncome": "-3805000", "sellingGeneralAndAdministrative": "4080000", "researchAndDevelopment": "11373000", "operatingExpenses": "28271000", "investmentIncomeNet": "None", "netInterestIncome": "194000", "interestIncome": "194000", "interestExpense": "None", "nonInterestIncome": "None", "otherNonOperatingIncome": "None", "depreciation": "None", "depreciationAndAmortization": "1375000", "incomeBeforeTax": "-3611000", "incomeTaxExpense": "368000", "interestAndDebtExpense": "None", "netIncomeFromContinuingOperations": "-3979000", "comprehensiveIncomeNetOfTax": "None", "ebit": "-3805000", "ebitda": "-2430000", "netIncome": "-3979000"}, {"fiscalDateEnding": "2021-03-31", "reportedCurrency": "USD", "grossProfit": "21592000", "totalRevenue": "31183000", "costOfRevenue": "9591000", "costofGoodsAndServicesSold": "9591000", "operatingIncome": "-3768000", "sellingGeneralAndAdministrative": "3200000", "researchAndDevelopment": "10567000", "operatingExpenses": "25360000", "investmentIncomeNet": "None", "netInterestIncome": "115000", "interestIncome": "115000", "interestExpense": "None", "nonInterestIncome": "None", "otherNonOperatingIncome": "None", "depreciation": "None", "depreciationAndAmortization": "1325000", "incomeBeforeTax": "-3653000", "incomeTaxExpense": "305000", "interestAndDebtExpense": "None", "netIncomeFromContinuingOperations": "-3958000", "comprehensiveIncomeNetOfTax": "None", "ebit": "-3768000", "ebitda": "-2443000", "netIncome": "-3958000"}, {"fiscalDateEnding": "2020-12-31", "reportedCurrency": "USD", "grossProfit": "27464000", "totalRevenue": "39091000", "costOfRevenue": "11627000", "costofGoodsAndServicesSold": "11627000", "operatingIncome": "-1157000", "sellingGeneralAndAdministrative": "3223000", "researchAndDevelopment": "12611000", "operatingExpenses": "28621000", "investmentIncomeNet": "None", "netInterestIncome": "343000", "interestIncome": "343000", "interestExpense": "None", "nonInterestIncome": "None", "otherNonOperatingIncome": "None", "depreciation": "None", "depreciationAndAmortization": "1193000", "incomeBeforeTax": "-814000", "incomeTaxExpense": "867000", "interestAndDebtExpense": "None", "netIncomeFromContinuingOperations": "-1681000", "comprehensiveIncomeNetOfTax": "None", "ebit": "-814000", "ebitda": "379000", "netIncome": "-1681000"}, {"fiscalDateEnding": "2020-09-30", "reportedCurrency": "USD", "grossProfit": "23745000", "totalRevenue": "34752000", "costOfRevenue": "11007000", "costofGoodsAndServicesSold": "11007000", "operatingIncome": "-2511000", "sellingGeneralAndAdministrative": "3076000", "researchAndDevelopment": "11741000", "operatingExpenses": "26256000", "investmentIncomeNet": "None", "netInterestIncome": "646000", "interestIncome": "646000", "interestExpense": "None", "nonInterestIncome": "None", "otherNonOperatingIncome": "None", "depreciation": "None", "depreciationAndAmortization": "1130000", "incomeBeforeTax": "-1865000", "incomeTaxExpense": "528000", "interestAndDebtExpense": "None", "netIncomeFromContinuingOperations": "-2393000", "comprehensiveIncomeNetOfTax": "None", "ebit": "-2511000", "ebitda": "-1381000", "netIncome": "-2393000"}, {"fiscalDateEnding": "2020-06-30", "reportedCurrency": "USD", "grossProfit": "22952000", "totalRevenue": "32790000", "costOfRevenue": "9838000", "costofGoodsAndServicesSold": "9838000", "operatingIncome": "-3778000", "sellingGeneralAndAdministrative": "4554000", "researchAndDevelopment": "10396000", "operatingExpenses": "26730000", "investmentIncomeNet": "None", "netInterestIncome": "717000", "interestIncome": "717000", "interestExpense": "None", "nonInterestIncome": "None", "otherNonOperatingIncome": "None", "depreciation": "None", "depreciationAndAmortization": "1049000", "incomeBeforeTax": "-3061000", "incomeTaxExpense": "553000", "interestAndDebtExpense": "None", "netIncomeFromContinuingOperations": "-3614000", "comprehensiveIncomeNetOfTax": "None", "ebit": "-3778000", "ebitda": "-2729000", "netIncome": "-3614000"}, {"fiscalDateEnding": "2020-03-31", "reportedCurrency": "USD", "grossProfit": "21679000", "totalRevenue": "29289000", "costOfRevenue": "7610000", "costofGoodsAndServicesSold": "7610000", "operatingIncome": "-1583000", "sellingGeneralAndAdministrative": "3041000", "researchAndDevelopment": "8699000", "operatingExpenses": "23262000", "investmentIncomeNet": "None", "netInterestIncome": "151000", "interestIncome": "151000", "interestExpense": "None", "nonInterestIncome": "None", "otherNonOperatingIncome": "None", "depreciation": "None", "depreciationAndAmortization": "940000", "incomeBeforeTax": "-1432000", "incomeTaxExpense": "228000", "interestAndDebtExpense": "None", "netIncomeFromContinuingOperations": "-1660000", "comprehensiveIncomeNetOfTax": "None", "ebit": "-1583000", "ebitda": "-643000", "netIncome": "-1660000"}, {"fiscalDateEnding": "2019-12-31", "reportedCurrency": "USD", "grossProfit": "20783000", "totalRevenue": "30567000", "costOfRevenue": "9784000", "costofGoodsAndServicesSold": "9784000", "operatingIncome": "-1920000", "sellingGeneralAndAdministrative": "1954000", "researchAndDevelopment": "8563000", "operatingExpenses": "22703000", "investmentIncomeNet": "None", "netInterestIncome": "934000", "interestIncome": "1191000", "interestExpense": "257000", "nonInterestIncome": "None", "otherNonOperatingIncome": "None", "depreciation": "None", "depreciationAndAmortization": "1178000", "incomeBeforeTax": "-1320000", "incomeTaxExpense": "362000", "interestAndDebtExpense": "None", "netIncomeFromContinuingOperations": "-1682000", "comprehensiveIncomeNetOfTax": "None", "ebit": "815000", "ebitda": "1993000", "netIncome": "-1682000"}, {"fiscalDateEnding": "2019-09-30", "reportedCurrency": "USD", "grossProfit": "19181000", "totalRevenue": "27637000", "costOfRevenue": "8456000", "costofGoodsAndServicesSold": "8456000", "operatingIncome": "-2239000", "sellingGeneralAndAdministrative": "1096000", "researchAndDevelopment": "8091000", "operatingExpenses": "21420000", "investmentIncomeNet": "None", "netInterestIncome": "257000", "interestIncome": "257000", "interestExpense": "None", "nonInterestIncome": "None", "otherNonOperatingIncome": "None", "depreciation": "None", "depreciationAndAmortization": "1107000", "incomeBeforeTax": "-1982000", "incomeTaxExpense": "129000", "interestAndDebtExpense": "None", "netIncomeFromContinuingOperations": "-2111000", "comprehensiveIncomeNetOfTax": "None", "ebit": "-1982000", "ebitda": "-875000", "netIncome": "-2111000"}, {"fiscalDateEnding": "2019-06-30", "reportedCurrency": "USD", "grossProfit": "18253000", "totalRevenue": "26554000", "costOfRevenue": "8301000", "costofGoodsAndServicesSold": "8301000", "operatingIncome": "-1512000", "sellingGeneralAndAdministrative": "923000", "researchAndDevelopment": "7633000", "operatingExpenses": "19765000", "investmentIncomeNet": "None", "netInterestIncome": "571000", "interestIncome": "571000", "interestExpense": "None", "nonInterestIncome": "None", "otherNonOperatingIncome": "None", "depreciation": "None", "depreciationAndAmortization": "1038000", "incomeBeforeTax": "-941000", "incomeTaxExpense": "592000", "interestAndDebtExpense": "None", "netIncomeFromContinuingOperations": "-1533000", "comprehensiveIncomeNetOfTax": "None", "ebit": "-941000", "ebitda": "97000", "netIncome": "-1533000"}, {"fiscalDateEnding": "2019-03-31", "reportedCurrency": "USD", "grossProfit": "18049000", "totalRevenue": "25342000", "costOfRevenue": "7293000", "costofGoodsAndServicesSold": "7293000", "operatingIncome": "-3307000", "sellingGeneralAndAdministrative": "2705000", "researchAndDevelopment": "7174000", "operatingExpenses": "21356000", "investmentIncomeNet": "None", "netInterestIncome": "532000", "interestIncome": "532000", "interestExpense": "None", "nonInterestIncome": "None", "otherNonOperatingIncome": "None", "depreciation": "None", "depreciationAndAmortization": "1036000", "incomeBeforeTax": "-2775000", "incomeTaxExpense": "558000", "interestAndDebtExpense": "None", "netIncomeFromContinuingOperations": "-3333000", "comprehensiveIncomeNetOfTax": "None", "ebit": "-3307000", "ebitda": "-2271000", "netIncome": "-3333000"}, {"fiscalDateEnding": "2018-12-31", "reportedCurrency": "USD", "grossProfit": "18589000", "totalRevenue": "26885000", "costOfRevenue": "8296000", "costofGoodsAndServicesSold": "8296000", "operatingIncome": "-1413000", "sellingGeneralAndAdministrative": "2616000", "researchAndDevelopment": "6632000", "operatingExpenses": "20002000", "investmentIncomeNet": "None", "netInterestIncome": "None", "interestIncome": "None", "interestExpense": "0", "nonInterestIncome": "None", "otherNonOperatingIncome": "None", "depreciation": "None", "depreciationAndAmortization": "1009000", "incomeBeforeTax": "-812000", "incomeTaxExpense": "1005000", "interestAndDebtExpense": "None", "netIncomeFromContinuingOperations": "-1816000", "comprehensiveIncomeNetOfTax": "None", "ebit": "-1714000", "ebitda": "-705000", "netIncome": "-1817000"}, {"fiscalDateEnding": "2018-09-30", "reportedCurrency": "USD", "grossProfit": "16800000", "totalRevenue": "24217000", "costOfRevenue": "7417000", "costofGoodsAndServicesSold": "7417000", "operatingIncome": "-2530000", "sellingGeneralAndAdministrative": "2755000", "researchAndDevelopment": "6695000", "operatingExpenses": "19330000", "investmentIncomeNet": "None", "netInterestIncome": "None", "interestIncome": "None", "interestExpense": "0", "nonInterestIncome": "None", "otherNonOperatingIncome": "None", "depreciation": "None", "depreciationAndAmortization": "957000", "incomeBeforeTax": "-1959000", "incomeTaxExpense": "536000", "interestAndDebtExpense": "None", "netIncomeFromContinuingOperations": "-2495000", "comprehensiveIncomeNetOfTax": "None", "ebit": "-2418000", "ebitda": "-1461000", "netIncome": "-2495000"}, {"fiscalDateEnding": "2018-06-30", "reportedCurrency": "USD", "grossProfit": "16291000", "totalRevenue": "23003000", "costOfRevenue": "6712000", "costofGoodsAndServicesSold": "6712000", "operatingIncome": "-2768000", "sellingGeneralAndAdministrative": "2579000", "researchAndDevelopment": "6298000", "operatingExpenses": "19059000", "investmentIncomeNet": "None", "netInterestIncome": "None", "interestIncome": "None", "interestExpense": "0", "nonInterestIncome": "None", "otherNonOperatingIncome": "None", "depreciation": "None", "depreciationAndAmortization": "962000", "incomeBeforeTax": "-1962000", "incomeTaxExpense": "455000", "interestAndDebtExpense": "None", "netIncomeFromContinuingOperations": "-2417000", "comprehensiveIncomeNetOfTax": "None", "ebit": "-2617000", "ebitda": "-1655000", "netIncome": "-2417000"}, {"fiscalDateEnding": "2018-03-31", "reportedCurrency": "USD", "grossProfit": "14808000", "totalRevenue": "21732000", "costOfRevenue": "6924000", "costofGoodsAndServicesSold": "6924000", "operatingIncome": "-3484000", "sellingGeneralAndAdministrative": "2466000", "researchAndDevelopment": "5793000", "operatingExpenses": "18292000", "investmentIncomeNet": "None", "netInterestIncome": "None", "interestIncome": "None", "interestExpense": "0", "nonInterestIncome": "None", "otherNonOperatingIncome": "None", "depreciation": "None", "depreciationAndAmortization": "905000", "incomeBeforeTax": "-3254000", "incomeTaxExpense": "432000", "interestAndDebtExpense": "None", "netIncomeFromContinuingOperations": "-3686000", "comprehensiveIncomeNetOfTax": "None", "ebit": "-3446000", "ebitda": "-2541000", "netIncome": "-3686000"}, {"fiscalDateEnding": "2017-12-31", "reportedCurrency": "USD", "grossProfit": "15488000", "totalRevenue": "23198000", "costOfRevenue": "7710000", "costofGoodsAndServicesSold": "7710000", "operatingIncome": "-4262000", "sellingGeneralAndAdministrative": "3187000", "researchAndDevelopment": "5753000", "operatingExpenses": "19750000", "investmentIncomeNet": "None", "netInterestIncome": "None", "interestIncome": "None", "interestExpense": "0", "nonInterestIncome": "None", "otherNonOperatingIncome": "None", "depreciation": "None", "depreciationAndAmortization": "998000", "incomeBeforeTax": "-3924000", "incomeTaxExpense": "416000", "interestAndDebtExpense": "None", "netIncomeFromContinuingOperations": "4925000", "comprehensiveIncomeNetOfTax": "None", "ebit": "-3924000", "ebitda": "-2926000", "netIncome": "-4340000"}, {"fiscalDateEnding": "2017-09-30", "reportedCurrency": "USD", "grossProfit": "13017000", "totalRevenue": "20857000", "costOfRevenue": "7840000", "costofGoodsAndServicesSold": "7840000", "operatingIncome": "-4413000", "sellingGeneralAndAdministrative": "2449000", "researchAndDevelopment": "5202000", "operatingExpenses": "17430000", "investmentIncomeNet": "None", "netInterestIncome": "None", "interestIncome": "None", "interestExpense": "0", "nonInterestIncome": "None", "otherNonOperatingIncome": "None", "depreciation": "None", "depreciationAndAmortization": "861000", "incomeBeforeTax": "-4331000", "incomeTaxExpense": "294000", "interestAndDebtExpense": "None", "netIncomeFromContinuingOperations": "-39275000", "comprehensiveIncomeNetOfTax": "None", "ebit": "-4249000", "ebitda": "-3388000", "netIncome": "-4625000"}, {"fiscalDateEnding": "2017-06-30", "reportedCurrency": "USD", "grossProfit": "12840000", "totalRevenue": "19502000", "costOfRevenue": "6662000", "costofGoodsAndServicesSold": "6662000", "operatingIncome": "-3790000", "sellingGeneralAndAdministrative": "2519000", "researchAndDevelopment": "5364000", "operatingExpenses": "16630000", "investmentIncomeNet": "None", "netInterestIncome": "None", "interestIncome": "None", "interestExpense": "0", "nonInterestIncome": "None", "otherNonOperatingIncome": "None", "depreciation": "None", "depreciationAndAmortization": "911000", "incomeBeforeTax": "-3678000", "incomeTaxExpense": "352000", "interestAndDebtExpense": "None", "netIncomeFromContinuingOperations": "21355000", "comprehensiveIncomeNetOfTax": "None", "ebit": "-3790000", "ebitda": "-2879000", "netIncome": "-4030000"}, {"fiscalDateEnding": "2017-03-31", "reportedCurrency": "USD", "grossProfit": "12117000", "totalRevenue": "18435000", "costOfRevenue": "6318000", "costofGoodsAndServicesSold": "6318000", "operatingIncome": "-4937000", "sellingGeneralAndAdministrative": "2541000", "researchAndDevelopment": "5533000", "operatingExpenses": "17054000", "investmentIncomeNet": "None", "netInterestIncome": "None", "interestIncome": "None", "interestExpense": "0", "nonInterestIncome": "None", "otherNonOperatingIncome": "None", "depreciation": "None", "depreciationAndAmortization": "896000", "incomeBeforeTax": "-4575000", "incomeTaxExpense": "502000", "interestAndDebtExpense": "None", "netIncomeFromContinuingOperations": "-5077000", "comprehensiveIncomeNetOfTax": "None", "ebit": "-4848000", "ebitda": "-3952000", "netIncome": "-5077000"}, {"fiscalDateEnding": "2016-12-31", "reportedCurrency": "USD", "grossProfit": "16139000", "totalRevenue": "23487000", "costOfRevenue": "7348000", "costofGoodsAndServicesSold": "7348000", "operatingIncome": "1292000", "sellingGeneralAndAdministrative": "1910000", "researchAndDevelopment": "5461000", "operatingExpenses": "14847000", "investmentIncomeNet": "None", "netInterestIncome": "None", "interestIncome": "None", "interestExpense": "0", "nonInterestIncome": "None", "otherNonOperatingIncome": "None", "depreciation": "None", "depreciationAndAmortization": "1068000", "incomeBeforeTax": "1715000", "incomeTaxExpense": "773000", "interestAndDebtExpense": "None", "netIncomeFromContinuingOperations": "-7994000", "comprehensiveIncomeNetOfTax": "None", "ebit": "2000", "ebitda": "1070000", "netIncome": "941000"}, {"fiscalDateEnding": "2016-09-30", "reportedCurrency": "USD", "grossProfit": "14105000", "totalRevenue": "20985000", "costOfRevenue": "6880000", "costofGoodsAndServicesSold": "6880000", "operatingIncome": "-3169000", "sellingGeneralAndAdministrative": "2635000", "researchAndDevelopment": "5942000", "operatingExpenses": "17274000", "investmentIncomeNet": "None", "netInterestIncome": "None", "interestIncome": "None", "interestExpense": "0", "nonInterestIncome": "None", "otherNonOperatingIncome": "None", "depreciation": "None", "depreciationAndAmortization": "1029000", "incomeBeforeTax": "-2860000", "incomeTaxExpense": "561000", "interestAndDebtExpense": "None", "netIncomeFromContinuingOperations": "0", "comprehensiveIncomeNetOfTax": "None", "ebit": "-2860000", "ebitda": "-1831000", "netIncome": "-3421000"}, {"fiscalDateEnding": "2016-06-30", "reportedCurrency": "USD", "grossProfit": "16434000", "totalRevenue": "22958000", "costOfRevenue": "6524000", "costofGoodsAndServicesSold": "6524000", "operatingIncome": "-939000", "sellingGeneralAndAdministrative": "2570000", "researchAndDevelopment": "5957000", "operatingExpenses": "17373000", "investmentIncomeNet": "None", "netInterestIncome": "None", "interestIncome": "None", "interestExpense": "0", "nonInterestIncome": "None", "otherNonOperatingIncome": "None", "depreciation": "None", "depreciationAndAmortization": "961000", "incomeBeforeTax": "-728000", "incomeTaxExpense": "499000", "interestAndDebtExpense": "None", "netIncomeFromContinuingOperations": "0", "comprehensiveIncomeNetOfTax": "None", "ebit": "-939000", "ebitda": "22000", "netIncome": "-1227000"}, {"fiscalDateEnding": "2016-03-31", "reportedCurrency": "USD", "grossProfit": "15795000", "totalRevenue": "22938000", "costOfRevenue": "7143000", "costofGoodsAndServicesSold": "7143000", "operatingIncome": "-4035000", "sellingGeneralAndAdministrative": "2697000", "researchAndDevelopment": "6862000", "operatingExpenses": "19830000", "investmentIncomeNet": "None", "netInterestIncome": "None", "interestIncome": "None", "interestExpense": "0", "nonInterestIncome": "None", "otherNonOperatingIncome": "None", "depreciation": "None", "depreciationAndAmortization": "986000", "incomeBeforeTax": "-3920000", "incomeTaxExpense": "370000", "interestAndDebtExpense": "None", "netIncomeFromContinuingOperations": "0", "comprehensiveIncomeNetOfTax": "None", "ebit": "-4035000", "ebitda": "-3049000", "netIncome": "-4290000"}, {"fiscalDateEnding": "2015-12-31", "reportedCurrency": "USD", "grossProfit": "12197000", "totalRevenue": "25382000", "costOfRevenue": "13185000", "costofGoodsAndServicesSold": "13185000", "operatingIncome": "-7630000", "sellingGeneralAndAdministrative": "3209000", "researchAndDevelopment": "6476000", "operatingExpenses": "19827000", "investmentIncomeNet": "None", "netInterestIncome": "None", "interestIncome": "None", "interestExpense": "1278000", "nonInterestIncome": "None", "otherNonOperatingIncome": "None", "depreciation": "None", "depreciationAndAmortization": "7017000", "incomeBeforeTax": "-7398000", "incomeTaxExpense": "2982000", "interestAndDebtExpense": "None", "netIncomeFromContinuingOperations": "-19842000", "comprehensiveIncomeNetOfTax": "None", "ebit": "-12675000", "ebitda": "-5658000", "netIncome": "-10380000"}, {"fiscalDateEnding": "2015-09-30", "reportedCurrency": "USD", "grossProfit": "17419000", "totalRevenue": "23461000", "costOfRevenue": "6042000", "costofGoodsAndServicesSold": "6042000", "operatingIncome": "-2426000", "sellingGeneralAndAdministrative": "2867000", "researchAndDevelopment": "6446000", "operatingExpenses": "19845000", "investmentIncomeNet": "None", "netInterestIncome": "None", "interestIncome": "None", "interestExpense": "910000", "nonInterestIncome": "None", "otherNonOperatingIncome": "None", "depreciation": "None", "depreciationAndAmortization": "1504000", "incomeBeforeTax": "-3336000", "incomeTaxExpense": "67000", "interestAndDebtExpense": "None", "netIncomeFromContinuingOperations": "0", "comprehensiveIncomeNetOfTax": "None", "ebit": "-2426000", "ebitda": "-922000", "netIncome": "-3403000"}, {"fiscalDateEnding": "2015-06-30", "reportedCurrency": "USD", "grossProfit": "15160000", "totalRevenue": "21592000", "costOfRevenue": "6432000", "costofGoodsAndServicesSold": "6432000", "operatingIncome": "-5742000", "sellingGeneralAndAdministrative": "3375000", "researchAndDevelopment": "6691000", "operatingExpenses": "20902000", "investmentIncomeNet": "None", "netInterestIncome": "None", "interestIncome": "None", "interestExpense": "111000", "nonInterestIncome": "None", "otherNonOperatingIncome": "None", "depreciation": "None", "depreciationAndAmortization": "1419000", "incomeBeforeTax": "-5853000", "incomeTaxExpense": "171000", "interestAndDebtExpense": "None", "netIncomeFromContinuingOperations": "0", "comprehensiveIncomeNetOfTax": "None", "ebit": "-5742000", "ebitda": "-4323000", "netIncome": "-6024000"}, {"fiscalDateEnding": "2015-03-31", "reportedCurrency": "USD", "grossProfit": "21763000", "totalRevenue": "29532000", "costOfRevenue": "7769000", "costofGoodsAndServicesSold": "7769000", "operatingIncome": "-104000", "sellingGeneralAndAdministrative": "3250000", "researchAndDevelopment": "6809000", "operatingExpenses": "21867000", "investmentIncomeNet": "None", "netInterestIncome": "None", "interestIncome": "None", "interestExpense": "0", "nonInterestIncome": "None", "otherNonOperatingIncome": "None", "depreciation": "None", "depreciationAndAmortization": "1211000", "incomeBeforeTax": "101000", "incomeTaxExpense": "135000", "interestAndDebtExpense": "None", "netIncomeFromContinuingOperations": "0", "comprehensiveIncomeNetOfTax": "None", "ebit": "-104000", "ebitda": "1107000", "netIncome": "-34000"}, {"fiscalDateEnding": "2014-12-31", "reportedCurrency": "USD", "grossProfit": "20207000", "totalRevenue": "30635000", "costOfRevenue": "10428000", "costofGoodsAndServicesSold": "10428000", "operatingIncome": "-2538000", "sellingGeneralAndAdministrative": "3325000", "researchAndDevelopment": "7365000", "operatingExpenses": "22745000", "investmentIncomeNet": "None", "netInterestIncome": "None", "interestIncome": "None", "interestExpense": "0", "nonInterestIncome": "None", "otherNonOperatingIncome": "None", "depreciation": "None", "depreciationAndAmortization": "1453000", "incomeBeforeTax": "-2338000", "incomeTaxExpense": "-84000", "interestAndDebtExpense": "None", "netIncomeFromContinuingOperations": "-2497000", "comprehensiveIncomeNetOfTax": "None", "ebit": "-1471000", "ebitda": "-18000", "netIncome": "-2254000"}, {"fiscalDateEnding": "2014-09-30", "reportedCurrency": "USD", "grossProfit": "22042000", "totalRevenue": "30101000", "costOfRevenue": "8059000", "costofGoodsAndServicesSold": "8059000", "operatingIncome": "593000", "sellingGeneralAndAdministrative": "2798000", "researchAndDevelopment": "7240000", "operatingExpenses": "21449000", "investmentIncomeNet": "None", "netInterestIncome": "None", "interestIncome": "None", "interestExpense": "0", "nonInterestIncome": "None", "otherNonOperatingIncome": "None", "depreciation": "None", "depreciationAndAmortization": "1221000", "incomeBeforeTax": "817000", "incomeTaxExpense": "52000", "interestAndDebtExpense": "None", "netIncomeFromContinuingOperations": "0", "comprehensiveIncomeNetOfTax": "None", "ebit": "593000", "ebitda": "1814000", "netIncome": "765000"}, {"fiscalDateEnding": "2014-06-30", "reportedCurrency": "USD", "grossProfit": "20110000", "totalRevenue": "28166000", "costOfRevenue": "8056000", "costofGoodsAndServicesSold": "8056000", "operatingIncome": "-646000", "sellingGeneralAndAdministrative": "2931000", "researchAndDevelopment": "7188000", "operatingExpenses": "20756000", "investmentIncomeNet": "None", "netInterestIncome": "None", "interestIncome": "None", "interestExpense": "0", "nonInterestIncome": "None", "otherNonOperatingIncome": "None", "depreciation": "None", "depreciationAndAmortization": "1227000", "incomeBeforeTax": "-559000", "incomeTaxExpense": "61000", "interestAndDebtExpense": "None", "netIncomeFromContinuingOperations": "0", "comprehensiveIncomeNetOfTax": "None", "ebit": "-646000", "ebitda": "581000", "netIncome": "-620000"}, {"fiscalDateEnding": "2014-03-31", "reportedCurrency": "USD", "grossProfit": "20089000", "totalRevenue": "28284000", "costOfRevenue": "8195000", "costofGoodsAndServicesSold": "8195000", "operatingIncome": "-516000", "sellingGeneralAndAdministrative": "2887000", "researchAndDevelopment": "7221000", "operatingExpenses": "20605000", "investmentIncomeNet": "None", "netInterestIncome": "None", "interestIncome": "None", "interestExpense": "0", "nonInterestIncome": "None", "otherNonOperatingIncome": "None", "depreciation": "None", "depreciationAndAmortization": "1265000", "incomeBeforeTax": "-367000", "incomeTaxExpense": "21000", "interestAndDebtExpense": "None", "netIncomeFromContinuingOperations": "0", "comprehensiveIncomeNetOfTax": "None", "ebit": "-516000", "ebitda": "749000", "netIncome": "-388000"}, {"fiscalDateEnding": "2013-12-31", "reportedCurrency": "USD", "grossProfit": "19514000", "totalRevenue": "27271000", "costOfRevenue": "7757000", "costofGoodsAndServicesSold": "7757000", "operatingIncome": "1071000", "sellingGeneralAndAdministrative": "1707000", "researchAndDevelopment": "6623000", "operatingExpenses": "18443000", "investmentIncomeNet": "None", "netInterestIncome": "None", "interestIncome": "None", "interestExpense": "0", "nonInterestIncome": "None", "otherNonOperatingIncome": "None", "depreciation": "None", "depreciationAndAmortization": "1987000", "incomeBeforeTax": "1215000", "incomeTaxExpense": "30000", "interestAndDebtExpense": "None", "netIncomeFromContinuingOperations": "-6457000", "comprehensiveIncomeNetOfTax": "None", "ebit": "996000", "ebitda": "2983000", "netIncome": "1185000"}, {"fiscalDateEnding": "2013-09-30", "reportedCurrency": "USD", "grossProfit": "17381000", "totalRevenue": "23949000", "costOfRevenue": "6568000", "costofGoodsAndServicesSold": "6568000", "operatingIncome": "-2142000", "sellingGeneralAndAdministrative": "2942000", "researchAndDevelopment": "6599000", "operatingExpenses": "19523000", "investmentIncomeNet": "None", "netInterestIncome": "None", "interestIncome": "None", "interestExpense": "0", "nonInterestIncome": "None", "otherNonOperatingIncome": "None", "depreciation": "None", "depreciationAndAmortization": "1482000", "incomeBeforeTax": "-1913000", "incomeTaxExpense": "17000", "interestAndDebtExpense": "None", "netIncomeFromContinuingOperations": "0", "comprehensiveIncomeNetOfTax": "None", "ebit": "-2142000", "ebitda": "-660000", "netIncome": "-1930000"}, {"fiscalDateEnding": "2013-06-30", "reportedCurrency": "USD", "grossProfit": "15459000", "totalRevenue": "21212000", "costOfRevenue": "5753000", "costofGoodsAndServicesSold": "5753000", "operatingIncome": "-4001000", "sellingGeneralAndAdministrative": "2666000", "researchAndDevelopment": "6898000", "operatingExpenses": "19460000", "investmentIncomeNet": "None", "netInterestIncome": "None", "interestIncome": "None", "interestExpense": "0", "nonInterestIncome": "None", "otherNonOperatingIncome": "None", "depreciation": "None", "depreciationAndAmortization": "1427000", "incomeBeforeTax": "-3833000", "incomeTaxExpense": "32000", "interestAndDebtExpense": "None", "netIncomeFromContinuingOperations": "0", "comprehensiveIncomeNetOfTax": "None", "ebit": "-4001000", "ebitda": "-2574000", "netIncome": "-3865000"}, {"fiscalDateEnding": "2013-03-31", "reportedCurrency": "USD", "grossProfit": "17374000", "totalRevenue": "24114000", "costOfRevenue": "6740000", "costofGoodsAndServicesSold": "6740000", "operatingIncome": "-1993000", "sellingGeneralAndAdministrative": "2638000", "researchAndDevelopment": "6902000", "operatingExpenses": "19367000", "investmentIncomeNet": "None", "netInterestIncome": "None", "interestIncome": "None", "interestExpense": "0", "nonInterestIncome": "None", "otherNonOperatingIncome": "None", "depreciation": "None", "depreciationAndAmortization": "1442000", "incomeBeforeTax": "-1806000", "incomeTaxExpense": "41000", "interestAndDebtExpense": "None", "netIncomeFromContinuingOperations": "0", "comprehensiveIncomeNetOfTax": "None", "ebit": "-1993000", "ebitda": "-551000", "netIncome": "-1847000"}, {"fiscalDateEnding": "2012-12-31", "reportedCurrency": "USD", "grossProfit": "2558000", "totalRevenue": "26362000", "costOfRevenue": "23804000", "costofGoodsAndServicesSold": "23804000", "operatingIncome": "-16357000", "sellingGeneralAndAdministrative": "2560000", "researchAndDevelopment": "6648000", "operatingExpenses": "18915000", "investmentIncomeNet": "None", "netInterestIncome": "None", "interestIncome": "None", "interestExpense": "0", "nonInterestIncome": "None", "otherNonOperatingIncome": "None", "depreciation": "None", "depreciationAndAmortization": "2003000", "incomeBeforeTax": "-16030000", "incomeTaxExpense": "-969000", "interestAndDebtExpense": "None", "netIncomeFromContinuingOperations": "0", "comprehensiveIncomeNetOfTax": "None", "ebit": "-16871000", "ebitda": "-14868000", "netIncome": "-15061000"}, {"fiscalDateEnding": "2012-09-30", "reportedCurrency": "USD", "grossProfit": "19304000", "totalRevenue": "27768000", "costOfRevenue": "8464000", "costofGoodsAndServicesSold": "8464000", "operatingIncome": "2025000", "sellingGeneralAndAdministrative": "2671000", "researchAndDevelopment": "6069000", "operatingExpenses": "17279000", "investmentIncomeNet": "None", "netInterestIncome": "None", "interestIncome": "None", "interestExpense": "0", "nonInterestIncome": "None", "otherNonOperatingIncome": "None", "depreciation": "None", "depreciationAndAmortization": "1548000", "incomeBeforeTax": "2407000", "incomeTaxExpense": "19000", "interestAndDebtExpense": "None", "netIncomeFromContinuingOperations": "0", "comprehensiveIncomeNetOfTax": "None", "ebit": "2527000", "ebitda": "4075000", "netIncome": "2388000"}, {"fiscalDateEnding": "2012-06-30", "reportedCurrency": "USD", "grossProfit": "18650000", "totalRevenue": "26405000", "costOfRevenue": "7755000", "costofGoodsAndServicesSold": "7755000", "operatingIncome": "2533000", "sellingGeneralAndAdministrative": "2659000", "researchAndDevelopment": "5332000", "operatingExpenses": "16117000", "investmentIncomeNet": "None", "netInterestIncome": "None", "interestIncome": "None", "interestExpense": "0", "nonInterestIncome": "None", "otherNonOperatingIncome": "None", "depreciation": "None", "depreciationAndAmortization": "980000", "incomeBeforeTax": "2720000", "incomeTaxExpense": "21000", "interestAndDebtExpense": "None", "netIncomeFromContinuingOperations": "0", "comprehensiveIncomeNetOfTax": "None", "ebit": "2533000", "ebitda": "3513000", "netIncome": "2699000"}, {"fiscalDateEnding": "2012-03-31", "reportedCurrency": "USD", "grossProfit": "17316000", "totalRevenue": "24217000", "costOfRevenue": "6901000", "costofGoodsAndServicesSold": "6901000", "operatingIncome": "2777000", "sellingGeneralAndAdministrative": "2774000", "researchAndDevelopment": "4010000", "operatingExpenses": "14539000", "investmentIncomeNet": "None", "netInterestIncome": "None", "interestIncome": "None", "interestExpense": "7514000", "nonInterestIncome": "None", "otherNonOperatingIncome": "None", "depreciation": "None", "depreciationAndAmortization": "676000", "incomeBeforeTax": "3239000", "incomeTaxExpense": "3000", "interestAndDebtExpense": "None", "netIncomeFromContinuingOperations": "0", "comprehensiveIncomeNetOfTax": "None", "ebit": "2777000", "ebitda": "3453000", "netIncome": "3236000"}, {"fiscalDateEnding": "2011-12-31", "reportedCurrency": "USD", "grossProfit": "15738000", "totalRevenue": "22028000", "costOfRevenue": "6290000", "costofGoodsAndServicesSold": "6290000", "operatingIncome": "3089000", "sellingGeneralAndAdministrative": "1689000", "researchAndDevelopment": "3692000", "operatingExpenses": "12649000", "investmentIncomeNet": "None", "netInterestIncome": "None", "interestIncome": "None", "interestExpense": "7514000", "nonInterestIncome": "None", "otherNonOperatingIncome": "None", "depreciation": "None", "depreciationAndAmortization": "739000", "incomeBeforeTax": "3327000", "incomeTaxExpense": "-170000", "interestAndDebtExpense": "None", "netIncomeFromContinuingOperations": "0", "comprehensiveIncomeNetOfTax": "None", "ebit": "2350000", "ebitda": "3089000", "netIncome": "3497000"}, {"fiscalDateEnding": "2011-09-30", "reportedCurrency": "USD", "grossProfit": "14409000", "totalRevenue": "20088000", "costOfRevenue": "5679000", "costofGoodsAndServicesSold": "5679000", "operatingIncome": "3273000", "sellingGeneralAndAdministrative": "1416000", "researchAndDevelopment": "3368000", "operatingExpenses": "11136000", "investmentIncomeNet": "None", "netInterestIncome": "None", "interestIncome": "None", "interestExpense": "0", "nonInterestIncome": "None", "otherNonOperatingIncome": "None", "depreciation": "None", "depreciationAndAmortization": "742000", "incomeBeforeTax": "3422000", "incomeTaxExpense": "13000", "interestAndDebtExpense": "None", "netIncomeFromContinuingOperations": "0", "comprehensiveIncomeNetOfTax": "None", "ebit": "3273000", "ebitda": "4015000", "netIncome": "3409000"}, {"fiscalDateEnding": "2011-06-30", "reportedCurrency": "USD", "grossProfit": "13149000", "totalRevenue": "18454000", "costOfRevenue": "5305000", "costofGoodsAndServicesSold": "5305000", "operatingIncome": "1690000", "sellingGeneralAndAdministrative": "1979000", "researchAndDevelopment": "3092000", "operatingExpenses": "11459000", "investmentIncomeNet": "None", "netInterestIncome": "None", "interestIncome": "None", "interestExpense": "63000", "nonInterestIncome": "None", "otherNonOperatingIncome": "None", "depreciation": "None", "depreciationAndAmortization": "706000", "incomeBeforeTax": "1627000", "incomeTaxExpense": "16000", "interestAndDebtExpense": "None", "netIncomeFromContinuingOperations": "0", "comprehensiveIncomeNetOfTax": "None", "ebit": "1690000", "ebitda": "2396000", "netIncome": "1611000"}, {"fiscalDateEnding": "2011-03-31", "reportedCurrency": "USD", "grossProfit": "12331000", "totalRevenue": "17183000", "costOfRevenue": "4852000", "costofGoodsAndServicesSold": "4852000", "operatingIncome": "1619000", "sellingGeneralAndAdministrative": "1427000", "researchAndDevelopment": "2971000", "operatingExpenses": "10712000", "investmentIncomeNet": "None", "netInterestIncome": "None", "interestIncome": "None", "interestExpense": "7514000", "nonInterestIncome": "None", "otherNonOperatingIncome": "None", "depreciation": "None", "depreciationAndAmortization": "691000", "incomeBeforeTax": "1711000", "incomeTaxExpense": "85000", "interestAndDebtExpense": "None", "netIncomeFromContinuingOperations": "0", "comprehensiveIncomeNetOfTax": "None", "ebit": "1619000", "ebitda": "2310000", "netIncome": "1626000"}, {"fiscalDateEnding": "2010-12-31", "reportedCurrency": "USD", "grossProfit": "13149000", "totalRevenue": "18454000", "costOfRevenue": "5305000", "costofGoodsAndServicesSold": "5305000", "operatingIncome": "1690000", "sellingGeneralAndAdministrative": "1979000", "researchAndDevelopment": "3092000", "operatingExpenses": "11459000", "investmentIncomeNet": "None", "netInterestIncome": "None", "interestIncome": "None", "interestExpense": "7514000", "nonInterestIncome": "None", "otherNonOperatingIncome": "None", "depreciation": "None", "depreciationAndAmortization": "706000", "incomeBeforeTax": "1627000", "incomeTaxExpense": "16000", "interestAndDebtExpense": "None", "netIncomeFromContinuingOperations": "0", "comprehensiveIncomeNetOfTax": "None", "ebit": "1690000", "ebitda": "2396000", "netIncome": "1611000"}, {"fiscalDateEnding": "2010-09-30", "reportedCurrency": "USD", "grossProfit": "10594000", "totalRevenue": "14668000", "costOfRevenue": "4074000", "costofGoodsAndServicesSold": "4074000", "operatingIncome": "1108000", "sellingGeneralAndAdministrative": "1230000", "researchAndDevelopment": "2858000", "operatingExpenses": "9486000", "investmentIncomeNet": "None", "netInterestIncome": "None", "interestIncome": "None", "interestExpense": "0", "nonInterestIncome": "None", "otherNonOperatingIncome": "None", "depreciation": "None", "depreciationAndAmortization": "691000", "incomeBeforeTax": "1355000", "incomeTaxExpense": "100000", "interestAndDebtExpense": "None", "netIncomeFromContinuingOperations": "0", "comprehensiveIncomeNetOfTax": "None", "ebit": "1108000", "ebitda": "1799000", "netIncome": "1255000"}, {"fiscalDateEnding": "2010-06-30", "reportedCurrency": "USD", "grossProfit": "9711000", "totalRevenue": "13626000", "costOfRevenue": "3915000", "costofGoodsAndServicesSold": "3915000", "operatingIncome": "265000", "sellingGeneralAndAdministrative": "1305000", "researchAndDevelopment": "2728000", "operatingExpenses": "9446000", "investmentIncomeNet": "None", "netInterestIncome": "None", "interestIncome": "None", "interestExpense": "7555000", "nonInterestIncome": "None", "otherNonOperatingIncome": "None", "depreciation": "None", "depreciationAndAmortization": "None", "incomeBeforeTax": "-7290000", "incomeTaxExpense": "127000", "interestAndDebtExpense": "None", "netIncomeFromContinuingOperations": "0", "comprehensiveIncomeNetOfTax": "None", "ebit": "0", "ebitda": "265000", "netIncome": "-7417000"}, {"fiscalDateEnding": "2010-03-31", "reportedCurrency": "USD", "grossProfit": "9116000", "totalRevenue": "12471000", "costOfRevenue": "3355000", "costofGoodsAndServicesSold": "3355000", "operatingIncome": "-55000", "sellingGeneralAndAdministrative": "1332000", "researchAndDevelopment": "2588000", "operatingExpenses": "9171000", "investmentIncomeNet": "None", "netInterestIncome": "None", "interestIncome": "None", "interestExpense": "422000", "nonInterestIncome": "None", "otherNonOperatingIncome": "None", "depreciation": "None", "depreciationAndAmortization": "384000", "incomeBeforeTax": "-477000", "incomeTaxExpense": "-31000", "interestAndDebtExpense": "None", "netIncomeFromContinuingOperations": "0", "comprehensiveIncomeNetOfTax": "None", "ebit": "-830000", "ebitda": "-55000", "netIncome": "-446000"}, {"fiscalDateEnding": "2009-12-31", "reportedCurrency": "USD", "grossProfit": "7982000", "totalRevenue": "11530000", "costOfRevenue": "3548000", "costofGoodsAndServicesSold": "3548000", "operatingIncome": "-1646000", "sellingGeneralAndAdministrative": "1371000", "researchAndDevelopment": "2408000", "operatingExpenses": "9628000", "investmentIncomeNet": "None", "netInterestIncome": "None", "interestIncome": "None", "interestExpense": "0", "nonInterestIncome": "None", "otherNonOperatingIncome": "None", "depreciation": "None", "depreciationAndAmortization": "384000", "incomeBeforeTax": "-1594000", "incomeTaxExpense": "-74000", "interestAndDebtExpense": "None", "netIncomeFromContinuingOperations": "0", "comprehensiveIncomeNetOfTax": "None", "ebit": "-3957000", "ebitda": "-3573000", "netIncome": "-1520000"}, {"fiscalDateEnding": "2009-09-30", "reportedCurrency": "USD", "grossProfit": "7866000", "totalRevenue": "10843000", "costOfRevenue": "2977000", "costofGoodsAndServicesSold": "2977000", "operatingIncome": "-1097000", "sellingGeneralAndAdministrative": "1311000", "researchAndDevelopment": "2350000", "operatingExpenses": "8963000", "investmentIncomeNet": "None", "netInterestIncome": "None", "interestIncome": "None", "interestExpense": "1151000", "nonInterestIncome": "None", "otherNonOperatingIncome": "None", "depreciation": "None", "depreciationAndAmortization": "None", "incomeBeforeTax": "-2248000", "incomeTaxExpense": "21000", "interestAndDebtExpense": "None", "netIncomeFromContinuingOperations": "0", "comprehensiveIncomeNetOfTax": "None", "ebit": "0", "ebitda": "-1097000", "netIncome": "-2269000"}, {"fiscalDateEnding": "2009-06-30", "reportedCurrency": "USD", "grossProfit": "7225000", "totalRevenue": "10009000", "costOfRevenue": "2784000", "costofGoodsAndServicesSold": "2784000", "operatingIncome": "-1194000", "sellingGeneralAndAdministrative": "1466000", "researchAndDevelopment": "2100000", "operatingExpenses": "8419000", "investmentIncomeNet": "None", "netInterestIncome": "None", "interestIncome": "None", "interestExpense": "0", "nonInterestIncome": "None", "otherNonOperatingIncome": "None", "depreciation": "None", "depreciationAndAmortization": "None", "incomeBeforeTax": "-882000", "incomeTaxExpense": "112000", "interestAndDebtExpense": "None", "netIncomeFromContinuingOperations": "0", "comprehensiveIncomeNetOfTax": "None", "ebit": "0", "ebitda": "-1194000", "netIncome": "-994000"}, {"fiscalDateEnding": "2009-03-31", "reportedCurrency": "USD", "grossProfit": "6843000", "totalRevenue": "9369000", "costOfRevenue": "2526000", "costofGoodsAndServicesSold": "2526000", "operatingIncome": "-1361000", "sellingGeneralAndAdministrative": "1393000", "researchAndDevelopment": "2407000", "operatingExpenses": "8204000", "investmentIncomeNet": "None", "netInterestIncome": "None", "interestIncome": "None", "interestExpense": "1524000", "nonInterestIncome": "None", "otherNonOperatingIncome": "None", "depreciation": "None", "depreciationAndAmortization": "-5182000", "incomeBeforeTax": "-2885000", "incomeTaxExpense": "4000", "interestAndDebtExpense": "None", "netIncomeFromContinuingOperations": "0", "comprehensiveIncomeNetOfTax": "None", "ebit": "-1614000", "ebitda": "-1361000", "netIncome": "-2889000"}, {"fiscalDateEnding": "2008-12-31", "reportedCurrency": "USD", "grossProfit": "7114000", "totalRevenue": "9562000", "costOfRevenue": "2448000", "costofGoodsAndServicesSold": "2448000", "operatingIncome": "-1614000", "sellingGeneralAndAdministrative": "8728000", "researchAndDevelopment": "2611000", "operatingExpenses": "8484000", "investmentIncomeNet": "None", "netInterestIncome": "None", "interestIncome": "None", "interestExpense": "0", "nonInterestIncome": "None", "otherNonOperatingIncome": "None", "depreciation": "None", "depreciationAndAmortization": "-5182000", "incomeBeforeTax": "1116000", "incomeTaxExpense": "83000", "interestAndDebtExpense": "None", "netIncomeFromContinuingOperations": "0", "comprehensiveIncomeNetOfTax": "None", "ebit": "-1614000", "ebitda": "-6796000", "netIncome": "1033000"}, {"fiscalDateEnding": "2008-09-30", "reportedCurrency": "USD", "grossProfit": "7201000", "totalRevenue": "9819000", "costOfRevenue": "2618000", "costofGoodsAndServicesSold": "2618000", "operatingIncome": "-2141000", "sellingGeneralAndAdministrative": "1702000", "researchAndDevelopment": "2889000", "operatingExpenses": "9342000", "investmentIncomeNet": "None", "netInterestIncome": "None", "interestIncome": "None", "interestExpense": "6788000", "nonInterestIncome": "None", "otherNonOperatingIncome": "None", "depreciation": "None", "depreciationAndAmortization": "None", "incomeBeforeTax": "-8929000", "incomeTaxExpense": "36000", "interestAndDebtExpense": "None", "netIncomeFromContinuingOperations": "0", "comprehensiveIncomeNetOfTax": "None", "ebit": "0", "ebitda": "-2141000", "netIncome": "-8965000"}, {"fiscalDateEnding": "2008-06-30", "reportedCurrency": "USD", "grossProfit": "6973000", "totalRevenue": "9461000", "costOfRevenue": "2488000", "costofGoodsAndServicesSold": "2488000", "operatingIncome": "-3236000", "sellingGeneralAndAdministrative": "1610000", "researchAndDevelopment": "3123000", "operatingExpenses": "10209000", "investmentIncomeNet": "None", "netInterestIncome": "None", "interestIncome": "None", "interestExpense": "444000", "nonInterestIncome": "None", "otherNonOperatingIncome": "None", "depreciation": "None", "depreciationAndAmortization": "None", "incomeBeforeTax": "-3680000", "incomeTaxExpense": "70000", "interestAndDebtExpense": "None", "netIncomeFromContinuingOperations": "0", "comprehensiveIncomeNetOfTax": "None", "ebit": "0", "ebitda": "-3236000", "netIncome": "-3750000"}, {"fiscalDateEnding": "2008-03-31", "reportedCurrency": "USD", "grossProfit": "6117000", "totalRevenue": "8259000", "costOfRevenue": "2142000", "costofGoodsAndServicesSold": "2142000", "operatingIncome": "-3767000", "sellingGeneralAndAdministrative": "1499000", "researchAndDevelopment": "3097000", "operatingExpenses": "9640000", "investmentIncomeNet": "None", "netInterestIncome": "None", "interestIncome": "None", "interestExpense": "1015000", "nonInterestIncome": "None", "otherNonOperatingIncome": "None", "depreciation": "None", "depreciationAndAmortization": "488000", "incomeBeforeTax": "-4782000", "incomeTaxExpense": "31000", "interestAndDebtExpense": "None", "netIncomeFromContinuingOperations": "0", "comprehensiveIncomeNetOfTax": "None", "ebit": "-3767000", "ebitda": "-3279000", "netIncome": "-4813000"}, {"fiscalDateEnding": "2007-12-31", "reportedCurrency": "USD", "grossProfit": "6477000", "totalRevenue": "8673000", "costOfRevenue": "2196000", "costofGoodsAndServicesSold": "2196000", "operatingIncome": "-2630000", "sellingGeneralAndAdministrative": "10200", "researchAndDevelopment": "2491000", "operatingExpenses": "9107000", "investmentIncomeNet": "None", "netInterestIncome": "None", "interestIncome": "None", "interestExpense": "0", "nonInterestIncome": "None", "otherNonOperatingIncome": "None", "depreciation": "None", "depreciationAndAmortization": "-307000", "incomeBeforeTax": "-6415000", "incomeTaxExpense": "325000", "interestAndDebtExpense": "None", "netIncomeFromContinuingOperations": "0", "comprehensiveIncomeNetOfTax": "None", "ebit": "-2323000", "ebitda": "-2630000", "netIncome": "-6740000"}, {"fiscalDateEnding": "2007-09-30", "reportedCurrency": "USD", "grossProfit": "5139000", "totalRevenue": "6952000", "costOfRevenue": "1813000", "costofGoodsAndServicesSold": "1813000", "operatingIncome": "-2943000", "sellingGeneralAndAdministrative": "8082000", "researchAndDevelopment": "2275000", "operatingExpenses": "8082000", "investmentIncomeNet": "None", "netInterestIncome": "None", "interestIncome": "None", "interestExpense": "0", "nonInterestIncome": "None", "otherNonOperatingIncome": "None", "depreciation": "None", "depreciationAndAmortization": "None", "incomeBeforeTax": "-1785000", "incomeTaxExpense": "389000", "interestAndDebtExpense": "None", "netIncomeFromContinuingOperations": "0", "comprehensiveIncomeNetOfTax": "None", "ebit": "0", "ebitda": "-2943000", "netIncome": "-2174000"}, {"fiscalDateEnding": "2007-06-30", "reportedCurrency": "USD", "grossProfit": "6565000", "totalRevenue": "8601000", "costOfRevenue": "2036000", "costofGoodsAndServicesSold": "2036000", "operatingIncome": "-1604000", "sellingGeneralAndAdministrative": "8169000", "researchAndDevelopment": "2165000", "operatingExpenses": "8169000", "investmentIncomeNet": "None", "netInterestIncome": "None", "interestIncome": "None", "interestExpense": "0", "nonInterestIncome": "None", "otherNonOperatingIncome": "None", "depreciation": "None", "depreciationAndAmortization": "None", "incomeBeforeTax": "-779000", "incomeTaxExpense": "-187000", "interestAndDebtExpense": "None", "netIncomeFromContinuingOperations": "0", "comprehensiveIncomeNetOfTax": "None", "ebit": "0", "ebitda": "-1604000", "netIncome": "-592000"}, {"fiscalDateEnding": "2007-03-31", "reportedCurrency": "USD", "grossProfit": "6302000", "totalRevenue": "8276000", "costOfRevenue": "1974000", "costofGoodsAndServicesSold": "1974000", "operatingIncome": "-1388000", "sellingGeneralAndAdministrative": "7690000", "researchAndDevelopment": "2453000", "operatingExpenses": "7690000", "investmentIncomeNet": "None", "netInterestIncome": "None", "interestIncome": "None", "interestExpense": "0", "nonInterestIncome": "None", "otherNonOperatingIncome": "None", "depreciation": "None", "depreciationAndAmortization": "307000", "incomeBeforeTax": "-431000", "incomeTaxExpense": "3000", "interestAndDebtExpense": "None", "netIncomeFromContinuingOperations": "0", "comprehensiveIncomeNetOfTax": "None", "ebit": "-312000", "ebitda": "-1388000", "netIncome": "-434000"}, {"fiscalDateEnding": "2006-12-31", "reportedCurrency": "USD", "grossProfit": "7377000", "totalRevenue": "9567000", "costOfRevenue": "2190000", "costofGoodsAndServicesSold": "2190000", "operatingIncome": "-312000", "sellingGeneralAndAdministrative": "7689000", "researchAndDevelopment": "1887000", "operatingExpenses": "7689000", "investmentIncomeNet": "None", "netInterestIncome": "None", "interestIncome": "None", "interestExpense": "155000", "nonInterestIncome": "None", "otherNonOperatingIncome": "None", "depreciation": "None", "depreciationAndAmortization": "307000", "incomeBeforeTax": "89000", "incomeTaxExpense": "36000", "interestAndDebtExpense": "None", "netIncomeFromContinuingOperations": "0", "comprehensiveIncomeNetOfTax": "None", "ebit": "-23000", "ebitda": "284000", "netIncome": "53000"}, {"fiscalDateEnding": "2006-09-30", "reportedCurrency": "USD", "grossProfit": "6391000", "totalRevenue": "8193000", "costOfRevenue": "1802000", "costofGoodsAndServicesSold": "1802000", "operatingIncome": "136000", "sellingGeneralAndAdministrative": "6365000", "researchAndDevelopment": "1881000", "operatingExpenses": "6254000", "investmentIncomeNet": "None", "netInterestIncome": "None", "interestIncome": "None", "interestExpense": "0", "nonInterestIncome": "None", "otherNonOperatingIncome": "None", "depreciation": "None", "depreciationAndAmortization": "-75000", "incomeBeforeTax": "213000", "incomeTaxExpense": "25000", "interestAndDebtExpense": "None", "netIncomeFromContinuingOperations": "0", "comprehensiveIncomeNetOfTax": "None", "ebit": "603000", "ebitda": "528000", "netIncome": "188000"}, {"fiscalDateEnding": "2006-06-30", "reportedCurrency": "USD", "grossProfit": "8192000", "totalRevenue": "8192000", "costOfRevenue": "1746000", "costofGoodsAndServicesSold": "1746000", "operatingIncome": "8192000", "sellingGeneralAndAdministrative": "6412000", "researchAndDevelopment": "1953000", "operatingExpenses": "0", "investmentIncomeNet": "None", "netInterestIncome": "None", "interestIncome": "None", "interestExpense": "0", "nonInterestIncome": "None", "otherNonOperatingIncome": "None", "depreciation": "None", "depreciationAndAmortization": "None", "incomeBeforeTax": "56000", "incomeTaxExpense": "-188000", "interestAndDebtExpense": "None", "netIncomeFromContinuingOperations": "0", "comprehensiveIncomeNetOfTax": "None", "ebit": "0", "ebitda": "8192000", "netIncome": "188000"}, {"fiscalDateEnding": "2006-03-31", "reportedCurrency": "USD", "grossProfit": "8192000", "totalRevenue": "8192000", "costOfRevenue": "1700000", "costofGoodsAndServicesSold": "1700000", "operatingIncome": "8192000", "sellingGeneralAndAdministrative": "5984000", "researchAndDevelopment": "1882000", "operatingExpenses": "0", "investmentIncomeNet": "None", "netInterestIncome": "None", "interestIncome": "None", "interestExpense": "0", "nonInterestIncome": "None", "otherNonOperatingIncome": "None", "depreciation": "None", "depreciationAndAmortization": "None", "incomeBeforeTax": "8000", "incomeTaxExpense": "-188000", "interestAndDebtExpense": "None", "netIncomeFromContinuingOperations": "0", "comprehensiveIncomeNetOfTax": "None", "ebit": "0", "ebitda": "8192000", "netIncome": "188000"}, {"fiscalDateEnding": "2005-12-31", "reportedCurrency": "USD", "grossProfit": "7079000", "totalRevenue": "7079000", "costOfRevenue": "1483000", "costofGoodsAndServicesSold": "1483000", "operatingIncome": "-18532000", "sellingGeneralAndAdministrative": "5304000", "researchAndDevelopment": "1543000", "operatingExpenses": "-25611000", "investmentIncomeNet": "None", "netInterestIncome": "None", "interestIncome": "None", "interestExpense": "121000", "nonInterestIncome": "None", "otherNonOperatingIncome": "None", "depreciation": "None", "depreciationAndAmortization": "None", "incomeBeforeTax": "301000", "incomeTaxExpense": "-341000", "interestAndDebtExpense": "None", "netIncomeFromContinuingOperations": "0", "comprehensiveIncomeNetOfTax": "None", "ebit": "0", "ebitda": "-18532000", "netIncome": "341000"}, {"fiscalDateEnding": "2005-09-30", "reportedCurrency": "USD", "grossProfit": "4407000", "totalRevenue": "4407000", "costOfRevenue": "1520000", "costofGoodsAndServicesSold": "1520000", "operatingIncome": "4407000", "sellingGeneralAndAdministrative": "4860000", "researchAndDevelopment": "1505000", "operatingExpenses": "0", "investmentIncomeNet": "None", "netInterestIncome": "None", "interestIncome": "None", "interestExpense": "0", "nonInterestIncome": "None", "otherNonOperatingIncome": "None", "depreciation": "None", "depreciationAndAmortization": "None", "incomeBeforeTax": "0", "incomeTaxExpense": "1529000", "interestAndDebtExpense": "None", "netIncomeFromContinuingOperations": "0", "comprehensiveIncomeNetOfTax": "None", "ebit": "0", "ebitda": "4407000", "netIncome": "-1529000"}]}