{"symbol": "AAON", "annualReports": [{"fiscalDateEnding": "2024-12-31", "reportedCurrency": "USD", "grossProfit": "397109000", "totalRevenue": "1200635000", "costOfRevenue": "803526000", "costofGoodsAndServicesSold": "803526000", "operatingIncome": "209118000", "sellingGeneralAndAdministrative": "164191000", "researchAndDevelopment": "None", "operatingExpenses": "187991000", "investmentIncomeNet": "None", "netInterestIncome": "-2905000", "interestIncome": "None", "interestExpense": "2905000", "nonInterestIncome": "None", "otherNonOperatingIncome": "None", "depreciation": "None", "depreciationAndAmortization": "62924000", "incomeBeforeTax": "206591000", "incomeTaxExpense": "38032000", "interestAndDebtExpense": "None", "netIncomeFromContinuingOperations": "168559000", "comprehensiveIncomeNetOfTax": "None", "ebit": "209496000", "ebitda": "272420000", "netIncome": "168559000"}, {"fiscalDateEnding": "2023-12-31", "reportedCurrency": "USD", "grossProfit": "399020000", "totalRevenue": "1168518000", "costOfRevenue": "769498000", "costofGoodsAndServicesSold": "769498000", "operatingIncome": "227494000", "sellingGeneralAndAdministrative": "155184000", "researchAndDevelopment": "43700000", "operatingExpenses": "171526000", "investmentIncomeNet": "None", "netInterestIncome": "-4843000", "interestIncome": "None", "interestExpense": "4843000", "nonInterestIncome": "None", "otherNonOperatingIncome": "None", "depreciation": "None", "depreciationAndAmortization": "46792000", "incomeBeforeTax": "223154000", "incomeTaxExpense": "45531000", "interestAndDebtExpense": "None", "netIncomeFromContinuingOperations": "177623000", "comprehensiveIncomeNetOfTax": "None", "ebit": "227997000", "ebitda": "274789000", "netIncome": "177623000"}, {"fiscalDateEnding": "2022-12-31", "reportedCurrency": "USD", "grossProfit": "237572000", "totalRevenue": "888788000", "costOfRevenue": "651216000", "costofGoodsAndServicesSold": "651216000", "operatingIncome": "126761000", "sellingGeneralAndAdministrative": "100420000", "researchAndDevelopment": "46800000", "operatingExpenses": "110811000", "investmentIncomeNet": "None", "netInterestIncome": "-2627000", "interestIncome": "None", "interestExpense": "2627000", "nonInterestIncome": "None", "otherNonOperatingIncome": "None", "depreciation": "None", "depreciationAndAmortization": "35430000", "incomeBeforeTax": "124533000", "incomeTaxExpense": "24157000", "interestAndDebtExpense": "None", "netIncomeFromContinuingOperations": "100376000", "comprehensiveIncomeNetOfTax": "None", "ebit": "127160000", "ebitda": "162590000", "netIncome": "100376000"}, {"fiscalDateEnding": "2021-12-31", "reportedCurrency": "USD", "grossProfit": "137830000", "totalRevenue": "534517000", "costOfRevenue": "396687000", "costofGoodsAndServicesSold": "396687000", "operatingIncome": "69253000", "sellingGeneralAndAdministrative": "66998000", "researchAndDevelopment": "16600000", "operatingExpenses": "68577000", "investmentIncomeNet": "None", "netInterestIncome": "-132000", "interestIncome": "None", "interestExpense": "132000", "nonInterestIncome": "None", "otherNonOperatingIncome": "61000", "depreciation": "None", "depreciationAndAmortization": "30416000", "incomeBeforeTax": "69182000", "incomeTaxExpense": "10424000", "interestAndDebtExpense": "None", "netIncomeFromContinuingOperations": "58758000", "comprehensiveIncomeNetOfTax": "None", "ebit": "69314000", "ebitda": "99730000", "netIncome": "58758000"}, {"fiscalDateEnding": "2020-12-31", "reportedCurrency": "USD", "grossProfit": "155849000", "totalRevenue": "514551000", "costOfRevenue": "358702000", "costofGoodsAndServicesSold": "358702000", "operatingIncome": "101836000", "sellingGeneralAndAdministrative": "59668000", "researchAndDevelopment": "17400000", "operatingExpenses": "54013000", "investmentIncomeNet": "None", "netInterestIncome": "88000", "interestIncome": "88000", "interestExpense": "13095000", "nonInterestIncome": "None", "otherNonOperatingIncome": "51000", "depreciation": "None", "depreciationAndAmortization": "25634000", "incomeBeforeTax": "101975000", "incomeTaxExpense": "22966000", "interestAndDebtExpense": "None", "netIncomeFromContinuingOperations": "79009000", "comprehensiveIncomeNetOfTax": "None", "ebit": "95358000", "ebitda": "120992000", "netIncome": "79009000"}, {"fiscalDateEnding": "2019-12-31", "reportedCurrency": "USD", "grossProfit": "119425000", "totalRevenue": "469333000", "costOfRevenue": "349908000", "costofGoodsAndServicesSold": "349908000", "operatingIncome": "67011000", "sellingGeneralAndAdministrative": "49735000", "researchAndDevelopment": "14800000", "operatingExpenses": "52414000", "investmentIncomeNet": "None", "netInterestIncome": "66000", "interestIncome": "66000", "interestExpense": "654000", "nonInterestIncome": "None", "otherNonOperatingIncome": "-46000", "depreciation": "None", "depreciationAndAmortization": "22766000", "incomeBeforeTax": "67031000", "incomeTaxExpense": "13320000", "interestAndDebtExpense": "None", "netIncomeFromContinuingOperations": "53711000", "comprehensiveIncomeNetOfTax": "None", "ebit": "67031000", "ebitda": "89797000", "netIncome": "53711000"}, {"fiscalDateEnding": "2018-12-31", "reportedCurrency": "USD", "grossProfit": "103533000", "totalRevenue": "433947000", "costOfRevenue": "330414000", "costofGoodsAndServicesSold": "330414000", "operatingIncome": "55351000", "sellingGeneralAndAdministrative": "46308000", "researchAndDevelopment": "13500000", "operatingExpenses": "48182000", "investmentIncomeNet": "None", "netInterestIncome": "196000", "interestIncome": "196000", "interestExpense": "0", "nonInterestIncome": "None", "otherNonOperatingIncome": "-47000", "depreciation": "None", "depreciationAndAmortization": "17655000", "incomeBeforeTax": "55500000", "incomeTaxExpense": "13171000", "interestAndDebtExpense": "None", "netIncomeFromContinuingOperations": "42572000", "comprehensiveIncomeNetOfTax": "None", "ebit": "55500000", "ebitda": "73155000", "netIncome": "42329000"}, {"fiscalDateEnding": "2017-12-31", "reportedCurrency": "USD", "grossProfit": "123651000", "totalRevenue": "405232000", "costOfRevenue": "281581000", "costofGoodsAndServicesSold": "281581000", "operatingIncome": "74235000", "sellingGeneralAndAdministrative": "46737000", "researchAndDevelopment": "13000000", "operatingExpenses": "49416000", "investmentIncomeNet": "None", "netInterestIncome": "298000", "interestIncome": "298000", "interestExpense": "0", "nonInterestIncome": "None", "otherNonOperatingIncome": "91000", "depreciation": "None", "depreciationAndAmortization": "15007000", "incomeBeforeTax": "74624000", "incomeTaxExpense": "20794000", "interestAndDebtExpense": "None", "netIncomeFromContinuingOperations": "54498000", "comprehensiveIncomeNetOfTax": "None", "ebit": "74492000", "ebitda": "89499000", "netIncome": "54498000"}, {"fiscalDateEnding": "2016-12-31", "reportedCurrency": "USD", "grossProfit": "118080000", "totalRevenue": "383977000", "costOfRevenue": "265897000", "costofGoodsAndServicesSold": "265897000", "operatingIncome": "79594000", "sellingGeneralAndAdministrative": "36360000", "researchAndDevelopment": "12000000", "operatingExpenses": "38486000", "investmentIncomeNet": "None", "netInterestIncome": "292000", "interestIncome": "292000", "interestExpense": "0", "nonInterestIncome": "None", "otherNonOperatingIncome": "105000", "depreciation": "None", "depreciationAndAmortization": "13035000", "incomeBeforeTax": "79991000", "incomeTaxExpense": "26615000", "interestAndDebtExpense": "None", "netIncomeFromContinuingOperations": "53376000", "comprehensiveIncomeNetOfTax": "None", "ebit": "79991000", "ebitda": "93026000", "netIncome": "53376000"}, {"fiscalDateEnding": "2015-12-31", "reportedCurrency": "USD", "grossProfit": "108681000", "totalRevenue": "358632000", "costOfRevenue": "249951000", "costofGoodsAndServicesSold": "249951000", "operatingIncome": "71302000", "sellingGeneralAndAdministrative": "35365000", "researchAndDevelopment": "7500000", "operatingExpenses": "37379000", "investmentIncomeNet": "None", "netInterestIncome": "None", "interestIncome": "161000", "interestExpense": "0", "nonInterestIncome": "None", "otherNonOperatingIncome": "-124000", "depreciation": "None", "depreciationAndAmortization": "11741000", "incomeBeforeTax": "71339000", "incomeTaxExpense": "25611000", "interestAndDebtExpense": "None", "netIncomeFromContinuingOperations": "45728000", "comprehensiveIncomeNetOfTax": "None", "ebit": "71339000", "ebitda": "83080000", "netIncome": "45728000"}, {"fiscalDateEnding": "2014-12-31", "reportedCurrency": "USD", "grossProfit": "108263000", "totalRevenue": "356322000", "costOfRevenue": "248059000", "costofGoodsAndServicesSold": "248059000", "operatingIncome": "68006000", "sellingGeneralAndAdministrative": "38670000", "researchAndDevelopment": "6300000", "operatingExpenses": "40257000", "investmentIncomeNet": "None", "netInterestIncome": "None", "interestIncome": "None", "interestExpense": "0", "nonInterestIncome": "None", "otherNonOperatingIncome": "-36000", "depreciation": "None", "depreciationAndAmortization": "11553000", "incomeBeforeTax": "68246000", "incomeTaxExpense": "24088000", "interestAndDebtExpense": "None", "netIncomeFromContinuingOperations": "44158000", "comprehensiveIncomeNetOfTax": "None", "ebit": "68246000", "ebitda": "79799000", "netIncome": "44158000"}, {"fiscalDateEnding": "2013-12-31", "reportedCurrency": "USD", "grossProfit": "89792000", "totalRevenue": "321140000", "costOfRevenue": "231348000", "costofGoodsAndServicesSold": "231348000", "operatingIncome": "55825000", "sellingGeneralAndAdministrative": "32182000", "researchAndDevelopment": "5200000", "operatingExpenses": "33967000", "investmentIncomeNet": "None", "netInterestIncome": "None", "interestIncome": "None", "interestExpense": "0", "nonInterestIncome": "None", "otherNonOperatingIncome": "248000", "depreciation": "None", "depreciationAndAmortization": "12312000", "incomeBeforeTax": "56294000", "incomeTaxExpense": "18747000", "interestAndDebtExpense": "None", "netIncomeFromContinuingOperations": "37547000", "comprehensiveIncomeNetOfTax": "None", "ebit": "56034000", "ebitda": "68346000", "netIncome": "37547000"}, {"fiscalDateEnding": "2012-12-31", "reportedCurrency": "USD", "grossProfit": "70499000", "totalRevenue": "303114000", "costOfRevenue": "232615000", "costofGoodsAndServicesSold": "232615000", "operatingIncome": "44238000", "sellingGeneralAndAdministrative": "24773000", "researchAndDevelopment": "3600000", "operatingExpenses": "26261000", "investmentIncomeNet": "None", "netInterestIncome": "None", "interestIncome": "None", "interestExpense": "44000", "nonInterestIncome": "None", "otherNonOperatingIncome": "127000", "depreciation": "None", "depreciationAndAmortization": "13407000", "incomeBeforeTax": "44317000", "incomeTaxExpense": "16868000", "interestAndDebtExpense": "None", "netIncomeFromContinuingOperations": "27449000", "comprehensiveIncomeNetOfTax": "None", "ebit": "44361000", "ebitda": "57768000", "netIncome": "27449000"}, {"fiscalDateEnding": "2011-12-31", "reportedCurrency": "USD", "grossProfit": "46281000", "totalRevenue": "266220000", "costOfRevenue": "219939000", "costofGoodsAndServicesSold": "219939000", "operatingIncome": "22169000", "sellingGeneralAndAdministrative": "21087000", "researchAndDevelopment": "4800000", "operatingExpenses": "24112000", "investmentIncomeNet": "None", "netInterestIncome": "None", "interestIncome": "None", "interestExpense": "277000", "nonInterestIncome": "None", "otherNonOperatingIncome": "-379000", "depreciation": "None", "depreciationAndAmortization": "11397000", "incomeBeforeTax": "21513000", "incomeTaxExpense": "7527000", "interestAndDebtExpense": "None", "netIncomeFromContinuingOperations": "13986000", "comprehensiveIncomeNetOfTax": "None", "ebit": "21790000", "ebitda": "33187000", "netIncome": "13986000"}, {"fiscalDateEnding": "2010-12-31", "reportedCurrency": "USD", "grossProfit": "55188000", "totalRevenue": "244552000", "costOfRevenue": "189364000", "costofGoodsAndServicesSold": "189364000", "operatingIncome": "32701000", "sellingGeneralAndAdministrative": "22473000", "researchAndDevelopment": "3600000", "operatingExpenses": "22473000", "investmentIncomeNet": "None", "netInterestIncome": "None", "interestIncome": "None", "interestExpense": "45000", "nonInterestIncome": "None", "otherNonOperatingIncome": "None", "depreciation": "None", "depreciationAndAmortization": "9886000", "incomeBeforeTax": "32693000", "incomeTaxExpense": "10799000", "interestAndDebtExpense": "None", "netIncomeFromContinuingOperations": "None", "comprehensiveIncomeNetOfTax": "None", "ebit": "32738000", "ebitda": "42624000", "netIncome": "21894000"}, {"fiscalDateEnding": "2009-12-31", "reportedCurrency": "USD", "grossProfit": "67545000", "totalRevenue": "245282000", "costOfRevenue": "177737000", "costofGoodsAndServicesSold": "177737000", "operatingIncome": "41554000", "sellingGeneralAndAdministrative": "23791000", "researchAndDevelopment": "3100000", "operatingExpenses": "67545000", "investmentIncomeNet": "None", "netInterestIncome": "None", "interestIncome": "None", "interestExpense": "9000", "nonInterestIncome": "None", "otherNonOperatingIncome": "None", "depreciation": "None", "depreciationAndAmortization": "9061000", "incomeBeforeTax": "43892000", "incomeTaxExpense": "16171000", "interestAndDebtExpense": "None", "netIncomeFromContinuingOperations": "None", "comprehensiveIncomeNetOfTax": "None", "ebit": "43901000", "ebitda": "52962000", "netIncome": "27721000"}, {"fiscalDateEnding": "2008-12-31", "reportedCurrency": "USD", "grossProfit": "67176000", "totalRevenue": "279725000", "costOfRevenue": "212549000", "costofGoodsAndServicesSold": "212549000", "operatingIncome": "43388000", "sellingGeneralAndAdministrative": "23788000", "researchAndDevelopment": "2577000", "operatingExpenses": "67176000", "investmentIncomeNet": "None", "netInterestIncome": "None", "interestIncome": "None", "interestExpense": "71000", "nonInterestIncome": "None", "otherNonOperatingIncome": "None", "depreciation": "None", "depreciationAndAmortization": "9412000", "incomeBeforeTax": "44068000", "incomeTaxExpense": "15479000", "interestAndDebtExpense": "None", "netIncomeFromContinuingOperations": "None", "comprehensiveIncomeNetOfTax": "None", "ebit": "44139000", "ebitda": "53551000", "netIncome": "28589000"}, {"fiscalDateEnding": "2007-12-31", "reportedCurrency": "USD", "grossProfit": "57369000", "totalRevenue": "262517000", "costOfRevenue": "205148000", "costofGoodsAndServicesSold": "205148000", "operatingIncome": "35666000", "sellingGeneralAndAdministrative": "21703000", "researchAndDevelopment": "2483000", "operatingExpenses": "57369000", "investmentIncomeNet": "None", "netInterestIncome": "None", "interestIncome": "None", "interestExpense": "0", "nonInterestIncome": "None", "otherNonOperatingIncome": "None", "depreciation": "None", "depreciationAndAmortization": "9665000", "incomeBeforeTax": "35343000", "incomeTaxExpense": "12187000", "interestAndDebtExpense": "None", "netIncomeFromContinuingOperations": "None", "comprehensiveIncomeNetOfTax": "None", "ebit": "35666000", "ebitda": "45331000", "netIncome": "23156000"}, {"fiscalDateEnding": "2006-12-31", "reportedCurrency": "USD", "grossProfit": "43890000", "totalRevenue": "231460000", "costOfRevenue": "187570000", "costofGoodsAndServicesSold": "187570000", "operatingIncome": "25831000", "sellingGeneralAndAdministrative": "18059000", "researchAndDevelopment": "1974000", "operatingExpenses": "43890000", "investmentIncomeNet": "None", "netInterestIncome": "None", "interestIncome": "None", "interestExpense": "0", "nonInterestIncome": "None", "otherNonOperatingIncome": "None", "depreciation": "None", "depreciationAndAmortization": "9146000", "incomeBeforeTax": "26198000", "incomeTaxExpense": "9065000", "interestAndDebtExpense": "None", "netIncomeFromContinuingOperations": "None", "comprehensiveIncomeNetOfTax": "None", "ebit": "25831000", "ebitda": "34977000", "netIncome": "17133000"}, {"fiscalDateEnding": "2005-12-31", "reportedCurrency": "USD", "grossProfit": "35291000", "totalRevenue": "185195000", "costOfRevenue": "149904000", "costofGoodsAndServicesSold": "149904000", "operatingIncome": "17814000", "sellingGeneralAndAdministrative": "17477000", "researchAndDevelopment": "1681000", "operatingExpenses": "35291000", "investmentIncomeNet": "None", "netInterestIncome": "None", "interestIncome": "None", "interestExpense": "0", "nonInterestIncome": "None", "otherNonOperatingIncome": "None", "depreciation": "None", "depreciationAndAmortization": "8503000", "incomeBeforeTax": "18332000", "incomeTaxExpense": "6870000", "interestAndDebtExpense": "None", "netIncomeFromContinuingOperations": "None", "comprehensiveIncomeNetOfTax": "None", "ebit": "17814000", "ebitda": "26317000", "netIncome": "11462000"}], "quarterlyReports": [{"fiscalDateEnding": "2025-09-30", "reportedCurrency": "USD", "grossProfit": "106861000", "totalRevenue": "384238000", "costOfRevenue": "277377000", "costofGoodsAndServicesSold": "277377000", "operatingIncome": "43595000", "sellingGeneralAndAdministrative": "56394000", "researchAndDevelopment": "None", "operatingExpenses": "63266000", "investmentIncomeNet": "None", "netInterestIncome": "-5153000", "interestIncome": "None", "interestExpense": "5153000", "nonInterestIncome": "None", "otherNonOperatingIncome": "None", "depreciation": "None", "depreciationAndAmortization": "19959000", "incomeBeforeTax": "38442000", "incomeTaxExpense": "7660000", "interestAndDebtExpense": "None", "netIncomeFromContinuingOperations": "30782000", "comprehensiveIncomeNetOfTax": "None", "ebit": "43595000", "ebitda": "63554000", "netIncome": "30782000"}, {"fiscalDateEnding": "2025-06-30", "reportedCurrency": "USD", "grossProfit": "82729000", "totalRevenue": "311567000", "costOfRevenue": "228838000", "costofGoodsAndServicesSold": "228838000", "operatingIncome": "23582000", "sellingGeneralAndAdministrative": "46280000", "researchAndDevelopment": "None", "operatingExpenses": "59147000", "investmentIncomeNet": "None", "netInterestIncome": "-4009000", "interestIncome": "None", "interestExpense": "4009000", "nonInterestIncome": "None", "otherNonOperatingIncome": "None", "depreciation": "None", "depreciationAndAmortization": "19980000", "incomeBeforeTax": "19505000", "incomeTaxExpense": "4018000", "interestAndDebtExpense": "None", "netIncomeFromContinuingOperations": "15487000", "comprehensiveIncomeNetOfTax": "None", "ebit": "23514000", "ebitda": "43494000", "netIncome": "15487000"}, {"fiscalDateEnding": "2025-03-31", "reportedCurrency": "USD", "grossProfit": "86364000", "totalRevenue": "322054000", "costOfRevenue": "235690000", "costofGoodsAndServicesSold": "235690000", "operatingIncome": "35111000", "sellingGeneralAndAdministrative": "43856000", "researchAndDevelopment": "None", "operatingExpenses": "51253000", "investmentIncomeNet": "None", "netInterestIncome": "-2802000", "interestIncome": "None", "interestExpense": "2802000", "nonInterestIncome": "None", "otherNonOperatingIncome": "None", "depreciation": "None", "depreciationAndAmortization": "18968000", "incomeBeforeTax": "32483000", "incomeTaxExpense": "3191000", "interestAndDebtExpense": "None", "netIncomeFromContinuingOperations": "29292000", "comprehensiveIncomeNetOfTax": "None", "ebit": "35285000", "ebitda": "54253000", "netIncome": "29292000"}, {"fiscalDateEnding": "2024-12-31", "reportedCurrency": "USD", "grossProfit": "77615000", "totalRevenue": "297718000", "costOfRevenue": "220103000", "costofGoodsAndServicesSold": "220103000", "operatingIncome": "29429000", "sellingGeneralAndAdministrative": "40958000", "researchAndDevelopment": "None", "operatingExpenses": "48186000", "investmentIncomeNet": "None", "netInterestIncome": "-1208000", "interestIncome": "None", "interestExpense": "1208000", "nonInterestIncome": "None", "otherNonOperatingIncome": "None", "depreciation": "None", "depreciationAndAmortization": "17606000", "incomeBeforeTax": "28266000", "incomeTaxExpense": "3576000", "interestAndDebtExpense": "None", "netIncomeFromContinuingOperations": "24690000", "comprehensiveIncomeNetOfTax": "None", "ebit": "29474000", "ebitda": "47080000", "netIncome": "24690000"}, {"fiscalDateEnding": "2024-09-30", "reportedCurrency": "USD", "grossProfit": "114158000", "totalRevenue": "327252000", "costOfRevenue": "213094000", "costofGoodsAndServicesSold": "213094000", "operatingIncome": "65520000", "sellingGeneralAndAdministrative": "41790000", "researchAndDevelopment": "None", "operatingExpenses": "48638000", "investmentIncomeNet": "None", "netInterestIncome": "-1091000", "interestIncome": "None", "interestExpense": "1091000", "nonInterestIncome": "None", "otherNonOperatingIncome": "None", "depreciation": "None", "depreciationAndAmortization": "17322000", "incomeBeforeTax": "64510000", "incomeTaxExpense": "11885000", "interestAndDebtExpense": "None", "netIncomeFromContinuingOperations": "52625000", "comprehensiveIncomeNetOfTax": "None", "ebit": "65601000", "ebitda": "82923000", "netIncome": "52625000"}, {"fiscalDateEnding": "2024-06-30", "reportedCurrency": "USD", "grossProfit": "113094000", "totalRevenue": "313566000", "costOfRevenue": "200472000", "costofGoodsAndServicesSold": "200472000", "operatingIncome": "67199000", "sellingGeneralAndAdministrative": "40624000", "researchAndDevelopment": "None", "operatingExpenses": "45895000", "investmentIncomeNet": "None", "netInterestIncome": "-367000", "interestIncome": "None", "interestExpense": "367000", "nonInterestIncome": "None", "otherNonOperatingIncome": "None", "depreciation": "None", "depreciationAndAmortization": "14547000", "incomeBeforeTax": "67007000", "incomeTaxExpense": "14779000", "interestAndDebtExpense": "None", "netIncomeFromContinuingOperations": "52228000", "comprehensiveIncomeNetOfTax": "None", "ebit": "67374000", "ebitda": "81921000", "netIncome": "52228000"}, {"fiscalDateEnding": "2024-03-31", "reportedCurrency": "USD", "grossProfit": "92242000", "totalRevenue": "262099000", "costOfRevenue": "169857000", "costofGoodsAndServicesSold": "169857000", "operatingIncome": "46970000", "sellingGeneralAndAdministrative": "40819000", "researchAndDevelopment": "None", "operatingExpenses": "45272000", "investmentIncomeNet": "None", "netInterestIncome": "-239000", "interestIncome": "None", "interestExpense": "239000", "nonInterestIncome": "None", "otherNonOperatingIncome": "None", "depreciation": "None", "depreciationAndAmortization": "13449000", "incomeBeforeTax": "46808000", "incomeTaxExpense": "7792000", "interestAndDebtExpense": "None", "netIncomeFromContinuingOperations": "39016000", "comprehensiveIncomeNetOfTax": "None", "ebit": "47047000", "ebitda": "60496000", "netIncome": "39016000"}, {"fiscalDateEnding": "2023-12-31", "reportedCurrency": "USD", "grossProfit": "111739000", "totalRevenue": "306638000", "costOfRevenue": "194899000", "costofGoodsAndServicesSold": "194899000", "operatingIncome": "63884000", "sellingGeneralAndAdministrative": "43817000", "researchAndDevelopment": "43700000", "operatingExpenses": "47855000", "investmentIncomeNet": "None", "netInterestIncome": "-884000", "interestIncome": "None", "interestExpense": "884000", "nonInterestIncome": "None", "otherNonOperatingIncome": "None", "depreciation": "None", "depreciationAndAmortization": "13187000", "incomeBeforeTax": "63133000", "incomeTaxExpense": "16084000", "interestAndDebtExpense": "None", "netIncomeFromContinuingOperations": "47049000", "comprehensiveIncomeNetOfTax": "None", "ebit": "64017000", "ebitda": "77204000", "netIncome": "47049000"}, {"fiscalDateEnding": "2023-09-30", "reportedCurrency": "USD", "grossProfit": "116109000", "totalRevenue": "311970000", "costOfRevenue": "195861000", "costofGoodsAndServicesSold": "195861000", "operatingIncome": "64664000", "sellingGeneralAndAdministrative": "46881000", "researchAndDevelopment": "None", "operatingExpenses": "51445000", "investmentIncomeNet": "None", "netInterestIncome": "-1266000", "interestIncome": "None", "interestExpense": "1266000", "nonInterestIncome": "None", "otherNonOperatingIncome": "None", "depreciation": "None", "depreciationAndAmortization": "12302000", "incomeBeforeTax": "63491000", "incomeTaxExpense": "15413000", "interestAndDebtExpense": "None", "netIncomeFromContinuingOperations": "48078000", "comprehensiveIncomeNetOfTax": "None", "ebit": "64757000", "ebitda": "77059000", "netIncome": "48078000"}, {"fiscalDateEnding": "2023-06-30", "reportedCurrency": "USD", "grossProfit": "94018000", "totalRevenue": "283957000", "costOfRevenue": "189939000", "costofGoodsAndServicesSold": "189939000", "operatingIncome": "54740000", "sellingGeneralAndAdministrative": "35035000", "researchAndDevelopment": "None", "operatingExpenses": "39278000", "investmentIncomeNet": "None", "netInterestIncome": "-1543000", "interestIncome": "None", "interestExpense": "1543000", "nonInterestIncome": "None", "otherNonOperatingIncome": "163000", "depreciation": "None", "depreciationAndAmortization": "11000000", "incomeBeforeTax": "53360000", "incomeTaxExpense": "7678000", "interestAndDebtExpense": "None", "netIncomeFromContinuingOperations": "45682000", "comprehensiveIncomeNetOfTax": "None", "ebit": "54903000", "ebitda": "65903000", "netIncome": "45682000"}, {"fiscalDateEnding": "2023-03-31", "reportedCurrency": "USD", "grossProfit": "77154000", "totalRevenue": "265953000", "costOfRevenue": "188799000", "costofGoodsAndServicesSold": "188799000", "operatingIncome": "44206000", "sellingGeneralAndAdministrative": "29451000", "researchAndDevelopment": "None", "operatingExpenses": "32948000", "investmentIncomeNet": "None", "netInterestIncome": "-1150000", "interestIncome": "None", "interestExpense": "1150000", "nonInterestIncome": "None", "otherNonOperatingIncome": "114000", "depreciation": "None", "depreciationAndAmortization": "10303000", "incomeBeforeTax": "43170000", "incomeTaxExpense": "6356000", "interestAndDebtExpense": "None", "netIncomeFromContinuingOperations": "36814000", "comprehensiveIncomeNetOfTax": "None", "ebit": "44320000", "ebitda": "54623000", "netIncome": "36814000"}, {"fiscalDateEnding": "2022-12-31", "reportedCurrency": "USD", "grossProfit": "78541000", "totalRevenue": "254598000", "costOfRevenue": "176057000", "costofGoodsAndServicesSold": "176057000", "operatingIncome": "46598000", "sellingGeneralAndAdministrative": "29314000", "researchAndDevelopment": "46800000", "operatingExpenses": "31943000", "investmentIncomeNet": "None", "netInterestIncome": "-933000", "interestIncome": "None", "interestExpense": "933000", "nonInterestIncome": "None", "otherNonOperatingIncome": "None", "depreciation": "None", "depreciationAndAmortization": "9615000", "incomeBeforeTax": "45769000", "incomeTaxExpense": "6871000", "interestAndDebtExpense": "None", "netIncomeFromContinuingOperations": "38898000", "comprehensiveIncomeNetOfTax": "None", "ebit": "46291000", "ebitda": "55906000", "netIncome": "38898000"}, {"fiscalDateEnding": "2022-09-30", "reportedCurrency": "USD", "grossProfit": "65591000", "totalRevenue": "242605000", "costOfRevenue": "177014000", "costofGoodsAndServicesSold": "177014000", "operatingIncome": "36700000", "sellingGeneralAndAdministrative": "26501000", "researchAndDevelopment": "None", "operatingExpenses": "28891000", "investmentIncomeNet": "None", "netInterestIncome": "-954000", "interestIncome": "None", "interestExpense": "954000", "nonInterestIncome": "None", "otherNonOperatingIncome": "54000", "depreciation": "None", "depreciationAndAmortization": "9372000", "incomeBeforeTax": "35800000", "incomeTaxExpense": "8327000", "interestAndDebtExpense": "None", "netIncomeFromContinuingOperations": "27473000", "comprehensiveIncomeNetOfTax": "None", "ebit": "36754000", "ebitda": "46126000", "netIncome": "27473000"}, {"fiscalDateEnding": "2022-06-30", "reportedCurrency": "USD", "grossProfit": "47376000", "totalRevenue": "208814000", "costOfRevenue": "161438000", "costofGoodsAndServicesSold": "161438000", "operatingIncome": "20453000", "sellingGeneralAndAdministrative": "23581000", "researchAndDevelopment": "None", "operatingExpenses": "26923000", "investmentIncomeNet": "None", "netInterestIncome": "-550000", "interestIncome": "None", "interestExpense": "550000", "nonInterestIncome": "None", "otherNonOperatingIncome": "220000", "depreciation": "None", "depreciationAndAmortization": "9300000", "incomeBeforeTax": "20123000", "incomeTaxExpense": "4177000", "interestAndDebtExpense": "None", "netIncomeFromContinuingOperations": "15946000", "comprehensiveIncomeNetOfTax": "None", "ebit": "20673000", "ebitda": "29973000", "netIncome": "15946000"}, {"fiscalDateEnding": "2022-03-31", "reportedCurrency": "USD", "grossProfit": "46064000", "totalRevenue": "182771000", "costOfRevenue": "136707000", "costofGoodsAndServicesSold": "136707000", "operatingIncome": "23010000", "sellingGeneralAndAdministrative": "21024000", "researchAndDevelopment": "None", "operatingExpenses": "23054000", "investmentIncomeNet": "None", "netInterestIncome": "-190000", "interestIncome": "None", "interestExpense": "190000", "nonInterestIncome": "None", "otherNonOperatingIncome": "21000", "depreciation": "None", "depreciationAndAmortization": "7143000", "incomeBeforeTax": "22841000", "incomeTaxExpense": "4782000", "interestAndDebtExpense": "None", "netIncomeFromContinuingOperations": "18059000", "comprehensiveIncomeNetOfTax": "None", "ebit": "23031000", "ebitda": "30174000", "netIncome": "18059000"}, {"fiscalDateEnding": "2021-12-31", "reportedCurrency": "USD", "grossProfit": "26547000", "totalRevenue": "136282000", "costOfRevenue": "109735000", "costofGoodsAndServicesSold": "109735000", "operatingIncome": "5443000", "sellingGeneralAndAdministrative": "19212000", "researchAndDevelopment": "16600000", "operatingExpenses": "21104000", "investmentIncomeNet": "None", "netInterestIncome": "-121000", "interestIncome": "None", "interestExpense": "121000", "nonInterestIncome": "None", "otherNonOperatingIncome": "21000", "depreciation": "None", "depreciationAndAmortization": "7884000", "incomeBeforeTax": "5346000", "incomeTaxExpense": "-840000", "interestAndDebtExpense": "None", "netIncomeFromContinuingOperations": "6186000", "comprehensiveIncomeNetOfTax": "None", "ebit": "5467000", "ebitda": "13351000", "netIncome": "6186000"}, {"fiscalDateEnding": "2021-09-30", "reportedCurrency": "USD", "grossProfit": "36019000", "totalRevenue": "138571000", "costOfRevenue": "102552000", "costofGoodsAndServicesSold": "102552000", "operatingIncome": "20137000", "sellingGeneralAndAdministrative": "15027000", "researchAndDevelopment": "None", "operatingExpenses": "15882000", "investmentIncomeNet": "None", "netInterestIncome": "-10000", "interestIncome": "None", "interestExpense": "10000", "nonInterestIncome": "None", "otherNonOperatingIncome": "-19000", "depreciation": "None", "depreciationAndAmortization": "7608000", "incomeBeforeTax": "20108000", "incomeTaxExpense": "4527000", "interestAndDebtExpense": "None", "netIncomeFromContinuingOperations": "15581000", "comprehensiveIncomeNetOfTax": "None", "ebit": "20118000", "ebitda": "27726000", "netIncome": "15581000"}, {"fiscalDateEnding": "2021-06-30", "reportedCurrency": "USD", "grossProfit": "42107000", "totalRevenue": "143876000", "costOfRevenue": "101769000", "costofGoodsAndServicesSold": "101769000", "operatingIncome": "25212000", "sellingGeneralAndAdministrative": "15999000", "researchAndDevelopment": "None", "operatingExpenses": "16895000", "investmentIncomeNet": "None", "netInterestIncome": "-4000", "interestIncome": "None", "interestExpense": "4000", "nonInterestIncome": "None", "otherNonOperatingIncome": "39000", "depreciation": "None", "depreciationAndAmortization": "7526000", "incomeBeforeTax": "25247000", "incomeTaxExpense": "4632000", "interestAndDebtExpense": "None", "netIncomeFromContinuingOperations": "20615000", "comprehensiveIncomeNetOfTax": "None", "ebit": "25251000", "ebitda": "32777000", "netIncome": "20615000"}, {"fiscalDateEnding": "2021-03-31", "reportedCurrency": "USD", "grossProfit": "33157000", "totalRevenue": "115788000", "costOfRevenue": "82631000", "costofGoodsAndServicesSold": "82631000", "operatingIncome": "18461000", "sellingGeneralAndAdministrative": "13804000", "researchAndDevelopment": "None", "operatingExpenses": "14696000", "investmentIncomeNet": "None", "netInterestIncome": "3000", "interestIncome": "3000", "interestExpense": "None", "nonInterestIncome": "None", "otherNonOperatingIncome": "20000", "depreciation": "None", "depreciationAndAmortization": "7398000", "incomeBeforeTax": "18481000", "incomeTaxExpense": "2105000", "interestAndDebtExpense": "None", "netIncomeFromContinuingOperations": "16376000", "comprehensiveIncomeNetOfTax": "None", "ebit": "18448000", "ebitda": "25846000", "netIncome": "16376000"}, {"fiscalDateEnding": "2020-12-31", "reportedCurrency": "USD", "grossProfit": "33923000", "totalRevenue": "116700000", "costOfRevenue": "82777000", "costofGoodsAndServicesSold": "82777000", "operatingIncome": "25718000", "sellingGeneralAndAdministrative": "13756000", "researchAndDevelopment": "17400000", "operatingExpenses": "8205000", "investmentIncomeNet": "None", "netInterestIncome": "-2000", "interestIncome": "2000", "interestExpense": "2000", "nonInterestIncome": "None", "otherNonOperatingIncome": "-59000", "depreciation": "None", "depreciationAndAmortization": "6663000", "incomeBeforeTax": "25747000", "incomeTaxExpense": "6855000", "interestAndDebtExpense": "None", "netIncomeFromContinuingOperations": "18892000", "comprehensiveIncomeNetOfTax": "None", "ebit": "19261000", "ebitda": "25924000", "netIncome": "18892000"}, {"fiscalDateEnding": "2020-09-30", "reportedCurrency": "USD", "grossProfit": "40848000", "totalRevenue": "134772000", "costOfRevenue": "93924000", "costofGoodsAndServicesSold": "93924000", "operatingIncome": "26131000", "sellingGeneralAndAdministrative": "13855000", "researchAndDevelopment": "None", "operatingExpenses": "14717000", "investmentIncomeNet": "None", "netInterestIncome": "10000", "interestIncome": "10000", "interestExpense": "None", "nonInterestIncome": "None", "otherNonOperatingIncome": "25000", "depreciation": "None", "depreciationAndAmortization": "6631000", "incomeBeforeTax": "26156000", "incomeTaxExpense": "5696000", "interestAndDebtExpense": "None", "netIncomeFromContinuingOperations": "20460000", "comprehensiveIncomeNetOfTax": "None", "ebit": "26238000", "ebitda": "32869000", "netIncome": "20460000"}, {"fiscalDateEnding": "2020-06-30", "reportedCurrency": "USD", "grossProfit": "38131000", "totalRevenue": "125596000", "costOfRevenue": "87465000", "costofGoodsAndServicesSold": "87465000", "operatingIncome": "22192000", "sellingGeneralAndAdministrative": "15573000", "researchAndDevelopment": "None", "operatingExpenses": "15939000", "investmentIncomeNet": "None", "netInterestIncome": "19000", "interestIncome": "19000", "interestExpense": "None", "nonInterestIncome": "None", "otherNonOperatingIncome": "51000", "depreciation": "None", "depreciationAndAmortization": "6338000", "incomeBeforeTax": "22243000", "incomeTaxExpense": "4439000", "interestAndDebtExpense": "None", "netIncomeFromContinuingOperations": "17804000", "comprehensiveIncomeNetOfTax": "None", "ebit": "22243000", "ebitda": "28581000", "netIncome": "17804000"}, {"fiscalDateEnding": "2020-03-31", "reportedCurrency": "USD", "grossProfit": "42947000", "totalRevenue": "137483000", "costOfRevenue": "94536000", "costofGoodsAndServicesSold": "94536000", "operatingIncome": "27795000", "sellingGeneralAndAdministrative": "14332000", "researchAndDevelopment": "None", "operatingExpenses": "15152000", "investmentIncomeNet": "None", "netInterestIncome": "61000", "interestIncome": "61000", "interestExpense": "None", "nonInterestIncome": "None", "otherNonOperatingIncome": "34000", "depreciation": "None", "depreciationAndAmortization": "6002000", "incomeBeforeTax": "27829000", "incomeTaxExpense": "5976000", "interestAndDebtExpense": "None", "netIncomeFromContinuingOperations": "21853000", "comprehensiveIncomeNetOfTax": "None", "ebit": "27913000", "ebitda": "33915000", "netIncome": "21853000"}, {"fiscalDateEnding": "2019-12-31", "reportedCurrency": "USD", "grossProfit": "36072000", "totalRevenue": "122574000", "costOfRevenue": "86502000", "costofGoodsAndServicesSold": "86502000", "operatingIncome": "21430000", "sellingGeneralAndAdministrative": "13847000", "researchAndDevelopment": "14800000", "operatingExpenses": "14642000", "investmentIncomeNet": "None", "netInterestIncome": "17000", "interestIncome": "17000", "interestExpense": "66000", "nonInterestIncome": "None", "otherNonOperatingIncome": "-79000", "depreciation": "None", "depreciationAndAmortization": "5139000", "incomeBeforeTax": "21417000", "incomeTaxExpense": "5396000", "interestAndDebtExpense": "None", "netIncomeFromContinuingOperations": "16021000", "comprehensiveIncomeNetOfTax": "None", "ebit": "21417000", "ebitda": "26556000", "netIncome": "16021000"}, {"fiscalDateEnding": "2019-09-30", "reportedCurrency": "USD", "grossProfit": "27410000", "totalRevenue": "113500000", "costOfRevenue": "86090000", "costofGoodsAndServicesSold": "86090000", "operatingIncome": "15030000", "sellingGeneralAndAdministrative": "11865000", "researchAndDevelopment": "None", "operatingExpenses": "12380000", "investmentIncomeNet": "None", "netInterestIncome": "9000", "interestIncome": "9000", "interestExpense": "None", "nonInterestIncome": "None", "otherNonOperatingIncome": "2000", "depreciation": "None", "depreciationAndAmortization": "5867000", "incomeBeforeTax": "15032000", "incomeTaxExpense": "742000", "interestAndDebtExpense": "None", "netIncomeFromContinuingOperations": "13827000", "comprehensiveIncomeNetOfTax": "None", "ebit": "14999000", "ebitda": "20866000", "netIncome": "14290000"}, {"fiscalDateEnding": "2019-06-30", "reportedCurrency": "USD", "grossProfit": "30204000", "totalRevenue": "119437000", "costOfRevenue": "89233000", "costofGoodsAndServicesSold": "89233000", "operatingIncome": "17286000", "sellingGeneralAndAdministrative": "12388000", "researchAndDevelopment": "None", "operatingExpenses": "12918000", "investmentIncomeNet": "None", "netInterestIncome": "31000", "interestIncome": "31000", "interestExpense": "None", "nonInterestIncome": "None", "otherNonOperatingIncome": "48000", "depreciation": "None", "depreciationAndAmortization": "5846000", "incomeBeforeTax": "17334000", "incomeTaxExpense": "3943000", "interestAndDebtExpense": "None", "netIncomeFromContinuingOperations": "12961000", "comprehensiveIncomeNetOfTax": "None", "ebit": "17305000", "ebitda": "23151000", "netIncome": "13391000"}, {"fiscalDateEnding": "2019-03-31", "reportedCurrency": "USD", "grossProfit": "25430000", "totalRevenue": "113822000", "costOfRevenue": "88392000", "costofGoodsAndServicesSold": "88392000", "operatingIncome": "11469000", "sellingGeneralAndAdministrative": "13031000", "researchAndDevelopment": "None", "operatingExpenses": "13961000", "investmentIncomeNet": "None", "netInterestIncome": "9000", "interestIncome": "9000", "interestExpense": "None", "nonInterestIncome": "None", "otherNonOperatingIncome": "-17000", "depreciation": "None", "depreciationAndAmortization": "5914000", "incomeBeforeTax": "11452000", "incomeTaxExpense": "2695000", "interestAndDebtExpense": "None", "netIncomeFromContinuingOperations": "10902000", "comprehensiveIncomeNetOfTax": "None", "ebit": "11868000", "ebitda": "17782000", "netIncome": "8757000"}, {"fiscalDateEnding": "2018-12-31", "reportedCurrency": "USD", "grossProfit": "27795000", "totalRevenue": "112340000", "costOfRevenue": "84545000", "costofGoodsAndServicesSold": "84545000", "operatingIncome": "16099000", "sellingGeneralAndAdministrative": "10709000", "researchAndDevelopment": "13500000", "operatingExpenses": "10967000", "investmentIncomeNet": "None", "netInterestIncome": "None", "interestIncome": "None", "interestExpense": "196000", "nonInterestIncome": "None", "otherNonOperatingIncome": "-229000", "depreciation": "None", "depreciationAndAmortization": "4790000", "incomeBeforeTax": "16505000", "incomeTaxExpense": "3969000", "interestAndDebtExpense": "None", "netIncomeFromContinuingOperations": "12536000", "comprehensiveIncomeNetOfTax": "None", "ebit": "16505000", "ebitda": "21295000", "netIncome": "12536000"}, {"fiscalDateEnding": "2018-09-30", "reportedCurrency": "USD", "grossProfit": "32763000", "totalRevenue": "112937000", "costOfRevenue": "80174000", "costofGoodsAndServicesSold": "80174000", "operatingIncome": "19571000", "sellingGeneralAndAdministrative": "12822000", "researchAndDevelopment": "0", "operatingExpenses": "13192000", "investmentIncomeNet": "None", "netInterestIncome": "None", "interestIncome": "None", "interestExpense": "0", "nonInterestIncome": "None", "otherNonOperatingIncome": "41000", "depreciation": "None", "depreciationAndAmortization": "4427000", "incomeBeforeTax": "19612000", "incomeTaxExpense": "5527000", "interestAndDebtExpense": "None", "netIncomeFromContinuingOperations": "14085000", "comprehensiveIncomeNetOfTax": "None", "ebit": "19612000", "ebitda": "24039000", "netIncome": "14085000"}, {"fiscalDateEnding": "2018-06-30", "reportedCurrency": "USD", "grossProfit": "27585000", "totalRevenue": "109588000", "costOfRevenue": "82003000", "costofGoodsAndServicesSold": "82003000", "operatingIncome": "14503000", "sellingGeneralAndAdministrative": "12548000", "researchAndDevelopment": "0", "operatingExpenses": "13082000", "investmentIncomeNet": "None", "netInterestIncome": "None", "interestIncome": "None", "interestExpense": "0", "nonInterestIncome": "None", "otherNonOperatingIncome": "79000", "depreciation": "None", "depreciationAndAmortization": "4309000", "incomeBeforeTax": "14582000", "incomeTaxExpense": "2891000", "interestAndDebtExpense": "None", "netIncomeFromContinuingOperations": "11691000", "comprehensiveIncomeNetOfTax": "None", "ebit": "14582000", "ebitda": "18891000", "netIncome": "11691000"}, {"fiscalDateEnding": "2018-03-31", "reportedCurrency": "USD", "grossProfit": "15390000", "totalRevenue": "99082000", "costOfRevenue": "83692000", "costofGoodsAndServicesSold": "83692000", "operatingIncome": "5178000", "sellingGeneralAndAdministrative": "9790000", "researchAndDevelopment": "0", "operatingExpenses": "10212000", "investmentIncomeNet": "None", "netInterestIncome": "None", "interestIncome": "None", "interestExpense": "0", "nonInterestIncome": "None", "otherNonOperatingIncome": "62000", "depreciation": "None", "depreciationAndAmortization": "4129000", "incomeBeforeTax": "5240000", "incomeTaxExpense": "980000", "interestAndDebtExpense": "None", "netIncomeFromContinuingOperations": "4260000", "comprehensiveIncomeNetOfTax": "None", "ebit": "5240000", "ebitda": "9369000", "netIncome": "4260000"}, {"fiscalDateEnding": "2017-12-31", "reportedCurrency": "USD", "grossProfit": "31075000", "totalRevenue": "104160000", "costOfRevenue": "73085000", "costofGoodsAndServicesSold": "73085000", "operatingIncome": "17362000", "sellingGeneralAndAdministrative": "13108000", "researchAndDevelopment": "13000000", "operatingExpenses": "13713000", "investmentIncomeNet": "None", "netInterestIncome": "None", "interestIncome": "None", "interestExpense": "298000", "nonInterestIncome": "None", "otherNonOperatingIncome": "-210000", "depreciation": "None", "depreciationAndAmortization": "3982000", "incomeBeforeTax": "17450000", "incomeTaxExpense": "1680000", "interestAndDebtExpense": "None", "netIncomeFromContinuingOperations": "15770000", "comprehensiveIncomeNetOfTax": "None", "ebit": "17450000", "ebitda": "21432000", "netIncome": "15770000"}, {"fiscalDateEnding": "2017-09-30", "reportedCurrency": "USD", "grossProfit": "35658000", "totalRevenue": "113668000", "costOfRevenue": "78010000", "costofGoodsAndServicesSold": "78010000", "operatingIncome": "22625000", "sellingGeneralAndAdministrative": "12596000", "researchAndDevelopment": "0", "operatingExpenses": "13033000", "investmentIncomeNet": "None", "netInterestIncome": "None", "interestIncome": "None", "interestExpense": "0", "nonInterestIncome": "None", "otherNonOperatingIncome": "125000", "depreciation": "None", "depreciationAndAmortization": "3744000", "incomeBeforeTax": "22750000", "incomeTaxExpense": "8033000", "interestAndDebtExpense": "None", "netIncomeFromContinuingOperations": "14717000", "comprehensiveIncomeNetOfTax": "None", "ebit": "22750000", "ebitda": "26494000", "netIncome": "14717000"}, {"fiscalDateEnding": "2017-06-30", "reportedCurrency": "USD", "grossProfit": "31678000", "totalRevenue": "101326000", "costOfRevenue": "69648000", "costofGoodsAndServicesSold": "69648000", "operatingIncome": "19659000", "sellingGeneralAndAdministrative": "11689000", "researchAndDevelopment": "0", "operatingExpenses": "12019000", "investmentIncomeNet": "None", "netInterestIncome": "None", "interestIncome": "None", "interestExpense": "0", "nonInterestIncome": "None", "otherNonOperatingIncome": "105000", "depreciation": "None", "depreciationAndAmortization": "3643000", "incomeBeforeTax": "19764000", "incomeTaxExpense": "5970000", "interestAndDebtExpense": "None", "netIncomeFromContinuingOperations": "13794000", "comprehensiveIncomeNetOfTax": "None", "ebit": "19764000", "ebitda": "23407000", "netIncome": "13794000"}, {"fiscalDateEnding": "2017-03-31", "reportedCurrency": "USD", "grossProfit": "24986000", "totalRevenue": "86078000", "costOfRevenue": "61092000", "costofGoodsAndServicesSold": "61092000", "operatingIncome": "14457000", "sellingGeneralAndAdministrative": "9222000", "researchAndDevelopment": "0", "operatingExpenses": "10529000", "investmentIncomeNet": "None", "netInterestIncome": "None", "interestIncome": "None", "interestExpense": "0", "nonInterestIncome": "None", "otherNonOperatingIncome": "71000", "depreciation": "None", "depreciationAndAmortization": "3638000", "incomeBeforeTax": "14528000", "incomeTaxExpense": "4311000", "interestAndDebtExpense": "None", "netIncomeFromContinuingOperations": "10217000", "comprehensiveIncomeNetOfTax": "None", "ebit": "14670000", "ebitda": "18308000", "netIncome": "10217000"}, {"fiscalDateEnding": "2016-12-31", "reportedCurrency": "USD", "grossProfit": "26510000", "totalRevenue": "91668000", "costOfRevenue": "65158000", "costofGoodsAndServicesSold": "65158000", "operatingIncome": "17878000", "sellingGeneralAndAdministrative": "8162000", "researchAndDevelopment": "12000000", "operatingExpenses": "8632000", "investmentIncomeNet": "None", "netInterestIncome": "None", "interestIncome": "None", "interestExpense": "292000", "nonInterestIncome": "None", "otherNonOperatingIncome": "-233000", "depreciation": "None", "depreciationAndAmortization": "3488000", "incomeBeforeTax": "17937000", "incomeTaxExpense": "6517000", "interestAndDebtExpense": "None", "netIncomeFromContinuingOperations": "12547000", "comprehensiveIncomeNetOfTax": "None", "ebit": "17937000", "ebitda": "21425000", "netIncome": "11420000"}, {"fiscalDateEnding": "2016-09-30", "reportedCurrency": "USD", "grossProfit": "33092000", "totalRevenue": "104568000", "costOfRevenue": "71476000", "costofGoodsAndServicesSold": "71476000", "operatingIncome": "22692000", "sellingGeneralAndAdministrative": "9856000", "researchAndDevelopment": "0", "operatingExpenses": "10400000", "investmentIncomeNet": "None", "netInterestIncome": "None", "interestIncome": "None", "interestExpense": "0", "nonInterestIncome": "None", "otherNonOperatingIncome": "70000", "depreciation": "None", "depreciationAndAmortization": "3201000", "incomeBeforeTax": "22762000", "incomeTaxExpense": "7080000", "interestAndDebtExpense": "None", "netIncomeFromContinuingOperations": "15682000", "comprehensiveIncomeNetOfTax": "None", "ebit": "22762000", "ebitda": "25963000", "netIncome": "15682000"}, {"fiscalDateEnding": "2016-06-30", "reportedCurrency": "USD", "grossProfit": "32747000", "totalRevenue": "102319000", "costOfRevenue": "69572000", "costofGoodsAndServicesSold": "69572000", "operatingIncome": "22198000", "sellingGeneralAndAdministrative": "10064000", "researchAndDevelopment": "0", "operatingExpenses": "10549000", "investmentIncomeNet": "None", "netInterestIncome": "None", "interestIncome": "None", "interestExpense": "0", "nonInterestIncome": "None", "otherNonOperatingIncome": "77000", "depreciation": "None", "depreciationAndAmortization": "3175000", "incomeBeforeTax": "22275000", "incomeTaxExpense": "7550000", "interestAndDebtExpense": "None", "netIncomeFromContinuingOperations": "14341000", "comprehensiveIncomeNetOfTax": "None", "ebit": "22289000", "ebitda": "25464000", "netIncome": "14725000"}, {"fiscalDateEnding": "2016-03-31", "reportedCurrency": "USD", "grossProfit": "25731000", "totalRevenue": "85422000", "costOfRevenue": "59691000", "costofGoodsAndServicesSold": "59691000", "operatingIncome": "16826000", "sellingGeneralAndAdministrative": "8278000", "researchAndDevelopment": "0", "operatingExpenses": "8905000", "investmentIncomeNet": "None", "netInterestIncome": "None", "interestIncome": "None", "interestExpense": "0", "nonInterestIncome": "None", "otherNonOperatingIncome": "191000", "depreciation": "None", "depreciationAndAmortization": "3171000", "incomeBeforeTax": "17017000", "incomeTaxExpense": "5466000", "interestAndDebtExpense": "None", "netIncomeFromContinuingOperations": "10806000", "comprehensiveIncomeNetOfTax": "None", "ebit": "16927000", "ebitda": "20098000", "netIncome": "11551000"}, {"fiscalDateEnding": "2015-12-31", "reportedCurrency": "USD", "grossProfit": "29581000", "totalRevenue": "97229000", "costOfRevenue": "67648000", "costofGoodsAndServicesSold": "67648000", "operatingIncome": "19722000", "sellingGeneralAndAdministrative": "9100000", "researchAndDevelopment": "7500000", "operatingExpenses": "9859000", "investmentIncomeNet": "None", "netInterestIncome": "None", "interestIncome": "None", "interestExpense": "161000", "nonInterestIncome": "None", "otherNonOperatingIncome": "-105000", "depreciation": "None", "depreciationAndAmortization": "3154000", "incomeBeforeTax": "19778000", "incomeTaxExpense": "6830000", "interestAndDebtExpense": "None", "netIncomeFromContinuingOperations": "12948000", "comprehensiveIncomeNetOfTax": "None", "ebit": "19771000", "ebitda": "22925000", "netIncome": "12948000"}, {"fiscalDateEnding": "2015-09-30", "reportedCurrency": "USD", "grossProfit": "30185000", "totalRevenue": "94360000", "costOfRevenue": "64175000", "costofGoodsAndServicesSold": "64175000", "operatingIncome": "20157000", "sellingGeneralAndAdministrative": "9505000", "researchAndDevelopment": "0", "operatingExpenses": "10028000", "investmentIncomeNet": "None", "netInterestIncome": "None", "interestIncome": "None", "interestExpense": "0", "nonInterestIncome": "None", "otherNonOperatingIncome": "-44000", "depreciation": "None", "depreciationAndAmortization": "2988000", "incomeBeforeTax": "20113000", "incomeTaxExpense": "6862000", "interestAndDebtExpense": "None", "netIncomeFromContinuingOperations": "13251000", "comprehensiveIncomeNetOfTax": "None", "ebit": "20570000", "ebitda": "23558000", "netIncome": "13251000"}, {"fiscalDateEnding": "2015-06-30", "reportedCurrency": "USD", "grossProfit": "27117000", "totalRevenue": "90275000", "costOfRevenue": "63158000", "costofGoodsAndServicesSold": "63158000", "operatingIncome": "17947000", "sellingGeneralAndAdministrative": "8773000", "researchAndDevelopment": "0", "operatingExpenses": "9170000", "investmentIncomeNet": "None", "netInterestIncome": "None", "interestIncome": "None", "interestExpense": "0", "nonInterestIncome": "None", "otherNonOperatingIncome": "56000", "depreciation": "None", "depreciationAndAmortization": "2795000", "incomeBeforeTax": "18003000", "incomeTaxExpense": "6873000", "interestAndDebtExpense": "None", "netIncomeFromContinuingOperations": "11130000", "comprehensiveIncomeNetOfTax": "None", "ebit": "17762000", "ebitda": "20557000", "netIncome": "11130000"}, {"fiscalDateEnding": "2015-03-31", "reportedCurrency": "USD", "grossProfit": "21798000", "totalRevenue": "76768000", "costOfRevenue": "54970000", "costofGoodsAndServicesSold": "54970000", "operatingIncome": "13476000", "sellingGeneralAndAdministrative": "7886000", "researchAndDevelopment": "0", "operatingExpenses": "8322000", "investmentIncomeNet": "None", "netInterestIncome": "None", "interestIncome": "None", "interestExpense": "0", "nonInterestIncome": "None", "otherNonOperatingIncome": "-31000", "depreciation": "None", "depreciationAndAmortization": "2804000", "incomeBeforeTax": "13445000", "incomeTaxExpense": "5046000", "interestAndDebtExpense": "None", "netIncomeFromContinuingOperations": "8399000", "comprehensiveIncomeNetOfTax": "None", "ebit": "13592000", "ebitda": "16396000", "netIncome": "8399000"}, {"fiscalDateEnding": "2014-12-31", "reportedCurrency": "USD", "grossProfit": "25191000", "totalRevenue": "84728000", "costOfRevenue": "59537000", "costofGoodsAndServicesSold": "59537000", "operatingIncome": "16953000", "sellingGeneralAndAdministrative": "8152000", "researchAndDevelopment": "6300000", "operatingExpenses": "8238000", "investmentIncomeNet": "None", "netInterestIncome": "None", "interestIncome": "None", "interestExpense": "276000", "nonInterestIncome": "None", "otherNonOperatingIncome": "-201000", "depreciation": "None", "depreciationAndAmortization": "2893000", "incomeBeforeTax": "17028000", "incomeTaxExpense": "6495000", "interestAndDebtExpense": "None", "netIncomeFromContinuingOperations": "10533000", "comprehensiveIncomeNetOfTax": "None", "ebit": "16834000", "ebitda": "19727000", "netIncome": "10533000"}, {"fiscalDateEnding": "2014-09-30", "reportedCurrency": "USD", "grossProfit": "33350000", "totalRevenue": "102917000", "costOfRevenue": "69567000", "costofGoodsAndServicesSold": "69567000", "operatingIncome": "19520000", "sellingGeneralAndAdministrative": "13373000", "researchAndDevelopment": "0", "operatingExpenses": "13830000", "investmentIncomeNet": "None", "netInterestIncome": "None", "interestIncome": "None", "interestExpense": "0", "nonInterestIncome": "None", "otherNonOperatingIncome": "12000", "depreciation": "None", "depreciationAndAmortization": "2941000", "incomeBeforeTax": "19532000", "incomeTaxExpense": "7092000", "interestAndDebtExpense": "None", "netIncomeFromContinuingOperations": "12440000", "comprehensiveIncomeNetOfTax": "None", "ebit": "19520000", "ebitda": "22461000", "netIncome": "12440000"}, {"fiscalDateEnding": "2014-06-30", "reportedCurrency": "USD", "grossProfit": "27876000", "totalRevenue": "92310000", "costOfRevenue": "64434000", "costofGoodsAndServicesSold": "64434000", "operatingIncome": "17292000", "sellingGeneralAndAdministrative": "9863000", "researchAndDevelopment": "0", "operatingExpenses": "10584000", "investmentIncomeNet": "None", "netInterestIncome": "None", "interestIncome": "None", "interestExpense": "0", "nonInterestIncome": "None", "otherNonOperatingIncome": "105000", "depreciation": "None", "depreciationAndAmortization": "2911000", "incomeBeforeTax": "17397000", "incomeTaxExpense": "6034000", "interestAndDebtExpense": "None", "netIncomeFromContinuingOperations": "11363000", "comprehensiveIncomeNetOfTax": "None", "ebit": "17292000", "ebitda": "20203000", "netIncome": "11363000"}, {"fiscalDateEnding": "2014-03-31", "reportedCurrency": "USD", "grossProfit": "21846000", "totalRevenue": "76367000", "costOfRevenue": "54521000", "costofGoodsAndServicesSold": "54521000", "operatingIncome": "14241000", "sellingGeneralAndAdministrative": "7281000", "researchAndDevelopment": "0", "operatingExpenses": "7605000", "investmentIncomeNet": "None", "netInterestIncome": "None", "interestIncome": "None", "interestExpense": "0", "nonInterestIncome": "None", "otherNonOperatingIncome": "48000", "depreciation": "None", "depreciationAndAmortization": "2808000", "incomeBeforeTax": "14289000", "incomeTaxExpense": "4467000", "interestAndDebtExpense": "None", "netIncomeFromContinuingOperations": "9822000", "comprehensiveIncomeNetOfTax": "None", "ebit": "14273000", "ebitda": "17081000", "netIncome": "9822000"}, {"fiscalDateEnding": "2013-12-31", "reportedCurrency": "USD", "grossProfit": "20188000", "totalRevenue": "73376000", "costOfRevenue": "53188000", "costofGoodsAndServicesSold": "53188000", "operatingIncome": "11912000", "sellingGeneralAndAdministrative": "454000", "researchAndDevelopment": "5200000", "operatingExpenses": "8276000", "investmentIncomeNet": "None", "netInterestIncome": "None", "interestIncome": "None", "interestExpense": "2000", "nonInterestIncome": "None", "otherNonOperatingIncome": "-157000", "depreciation": "None", "depreciationAndAmortization": "2963000", "incomeBeforeTax": "11978000", "incomeTaxExpense": "4212000", "interestAndDebtExpense": "None", "netIncomeFromContinuingOperations": "7766000", "comprehensiveIncomeNetOfTax": "None", "ebit": "12005000", "ebitda": "14968000", "netIncome": "7766000"}, {"fiscalDateEnding": "2013-09-30", "reportedCurrency": "USD", "grossProfit": "26616000", "totalRevenue": "89690000", "costOfRevenue": "63074000", "costofGoodsAndServicesSold": "63074000", "operatingIncome": "16929000", "sellingGeneralAndAdministrative": "9264000", "researchAndDevelopment": "0", "operatingExpenses": "9687000", "investmentIncomeNet": "None", "netInterestIncome": "None", "interestIncome": "None", "interestExpense": "1000", "nonInterestIncome": "None", "otherNonOperatingIncome": "76000", "depreciation": "None", "depreciationAndAmortization": "3081000", "incomeBeforeTax": "17004000", "incomeTaxExpense": "6482000", "interestAndDebtExpense": "None", "netIncomeFromContinuingOperations": "10522000", "comprehensiveIncomeNetOfTax": "None", "ebit": "16947000", "ebitda": "20028000", "netIncome": "10522000"}, {"fiscalDateEnding": "2013-06-30", "reportedCurrency": "USD", "grossProfit": "27676000", "totalRevenue": "91241000", "costOfRevenue": "63565000", "costofGoodsAndServicesSold": "63565000", "operatingIncome": "18646000", "sellingGeneralAndAdministrative": "8608000", "researchAndDevelopment": "0", "operatingExpenses": "9089000", "investmentIncomeNet": "None", "netInterestIncome": "None", "interestIncome": "None", "interestExpense": "1000", "nonInterestIncome": "None", "otherNonOperatingIncome": "310000", "depreciation": "None", "depreciationAndAmortization": "3077000", "incomeBeforeTax": "18956000", "incomeTaxExpense": "6837000", "interestAndDebtExpense": "None", "netIncomeFromContinuingOperations": "12119000", "comprehensiveIncomeNetOfTax": "None", "ebit": "18587000", "ebitda": "21664000", "netIncome": "12119000"}, {"fiscalDateEnding": "2013-03-31", "reportedCurrency": "USD", "grossProfit": "15312000", "totalRevenue": "66833000", "costOfRevenue": "51521000", "costofGoodsAndServicesSold": "51521000", "operatingIncome": "8338000", "sellingGeneralAndAdministrative": "6291000", "researchAndDevelopment": "0", "operatingExpenses": "6974000", "investmentIncomeNet": "None", "netInterestIncome": "None", "interestIncome": "None", "interestExpense": "1000", "nonInterestIncome": "None", "otherNonOperatingIncome": "19000", "depreciation": "None", "depreciationAndAmortization": "3191000", "incomeBeforeTax": "8356000", "incomeTaxExpense": "1216000", "interestAndDebtExpense": "None", "netIncomeFromContinuingOperations": "7140000", "comprehensiveIncomeNetOfTax": "None", "ebit": "8345000", "ebitda": "11536000", "netIncome": "7140000"}, {"fiscalDateEnding": "2012-12-31", "reportedCurrency": "USD", "grossProfit": "18729000", "totalRevenue": "78008000", "costOfRevenue": "59279000", "costofGoodsAndServicesSold": "59279000", "operatingIncome": "12095000", "sellingGeneralAndAdministrative": "2196000", "researchAndDevelopment": "3600000", "operatingExpenses": "19627000", "investmentIncomeNet": "None", "netInterestIncome": "None", "interestIncome": "None", "interestExpense": "1000", "nonInterestIncome": "None", "otherNonOperatingIncome": "22000", "depreciation": "None", "depreciationAndAmortization": "3328000", "incomeBeforeTax": "12095000", "incomeTaxExpense": "4517000", "interestAndDebtExpense": "None", "netIncomeFromContinuingOperations": "7578000", "comprehensiveIncomeNetOfTax": "None", "ebit": "12096000", "ebitda": "15424000", "netIncome": "7578000"}, {"fiscalDateEnding": "2012-09-30", "reportedCurrency": "USD", "grossProfit": "17149000", "totalRevenue": "76816000", "costOfRevenue": "59667000", "costofGoodsAndServicesSold": "59667000", "operatingIncome": "10406000", "sellingGeneralAndAdministrative": "6747000", "researchAndDevelopment": "0", "operatingExpenses": "6747000", "investmentIncomeNet": "None", "netInterestIncome": "None", "interestIncome": "None", "interestExpense": "16000", "nonInterestIncome": "None", "otherNonOperatingIncome": "93000", "depreciation": "None", "depreciationAndAmortization": "3332000", "incomeBeforeTax": "10483000", "incomeTaxExpense": "4476000", "interestAndDebtExpense": "None", "netIncomeFromContinuingOperations": "6007000", "comprehensiveIncomeNetOfTax": "None", "ebit": "10499000", "ebitda": "13831000", "netIncome": "6007000"}, {"fiscalDateEnding": "2012-06-30", "reportedCurrency": "USD", "grossProfit": "21103000", "totalRevenue": "83333000", "costOfRevenue": "62230000", "costofGoodsAndServicesSold": "62230000", "operatingIncome": "14194000", "sellingGeneralAndAdministrative": "6899000", "researchAndDevelopment": "0", "operatingExpenses": "6909000", "investmentIncomeNet": "None", "netInterestIncome": "None", "interestIncome": "None", "interestExpense": "11000", "nonInterestIncome": "None", "otherNonOperatingIncome": "-49000", "depreciation": "None", "depreciationAndAmortization": "3353000", "incomeBeforeTax": "14134000", "incomeTaxExpense": "4837000", "interestAndDebtExpense": "None", "netIncomeFromContinuingOperations": "9297000", "comprehensiveIncomeNetOfTax": "None", "ebit": "14145000", "ebitda": "17498000", "netIncome": "9297000"}, {"fiscalDateEnding": "2012-03-31", "reportedCurrency": "USD", "grossProfit": "13518000", "totalRevenue": "64957000", "costOfRevenue": "51439000", "costofGoodsAndServicesSold": "51439000", "operatingIncome": "7560000", "sellingGeneralAndAdministrative": "5981000", "researchAndDevelopment": "0", "operatingExpenses": "5958000", "investmentIncomeNet": "None", "netInterestIncome": "None", "interestIncome": "None", "interestExpense": "16000", "nonInterestIncome": "None", "otherNonOperatingIncome": "61000", "depreciation": "None", "depreciationAndAmortization": "3394000", "incomeBeforeTax": "7605000", "incomeTaxExpense": "3038000", "interestAndDebtExpense": "None", "netIncomeFromContinuingOperations": "4567000", "comprehensiveIncomeNetOfTax": "None", "ebit": "7621000", "ebitda": "11015000", "netIncome": "4567000"}, {"fiscalDateEnding": "2011-12-31", "reportedCurrency": "USD", "grossProfit": "8647000", "totalRevenue": "63402000", "costOfRevenue": "54755000", "costofGoodsAndServicesSold": "54755000", "operatingIncome": "3022000", "sellingGeneralAndAdministrative": "5625000", "researchAndDevelopment": "4800000", "operatingExpenses": "8647000", "investmentIncomeNet": "None", "netInterestIncome": "None", "interestIncome": "None", "interestExpense": "104000", "nonInterestIncome": "None", "otherNonOperatingIncome": "None", "depreciation": "None", "depreciationAndAmortization": "3223000", "incomeBeforeTax": "1340000", "incomeTaxExpense": "469000", "interestAndDebtExpense": "None", "netIncomeFromContinuingOperations": "0", "comprehensiveIncomeNetOfTax": "None", "ebit": "1444000", "ebitda": "4667000", "netIncome": "871000"}, {"fiscalDateEnding": "2011-09-30", "reportedCurrency": "USD", "grossProfit": "14259000", "totalRevenue": "73829000", "costOfRevenue": "59570000", "costofGoodsAndServicesSold": "59570000", "operatingIncome": "8814000", "sellingGeneralAndAdministrative": "5445000", "researchAndDevelopment": "0", "operatingExpenses": "5445000", "investmentIncomeNet": "None", "netInterestIncome": "None", "interestIncome": "None", "interestExpense": "59000", "nonInterestIncome": "None", "otherNonOperatingIncome": "-111000", "depreciation": "None", "depreciationAndAmortization": "2725000", "incomeBeforeTax": "8655000", "incomeTaxExpense": "3029000", "interestAndDebtExpense": "None", "netIncomeFromContinuingOperations": "5626000", "comprehensiveIncomeNetOfTax": "None", "ebit": "8714000", "ebitda": "11439000", "netIncome": "5626000"}, {"fiscalDateEnding": "2011-06-30", "reportedCurrency": "USD", "grossProfit": "11737000", "totalRevenue": "69076000", "costOfRevenue": "57339000", "costofGoodsAndServicesSold": "57339000", "operatingIncome": "6040000", "sellingGeneralAndAdministrative": "5697000", "researchAndDevelopment": "0", "operatingExpenses": "5697000", "investmentIncomeNet": "None", "netInterestIncome": "None", "interestIncome": "None", "interestExpense": "104000", "nonInterestIncome": "None", "otherNonOperatingIncome": "-45000", "depreciation": "None", "depreciationAndAmortization": "2746000", "incomeBeforeTax": "5902000", "incomeTaxExpense": "2063000", "interestAndDebtExpense": "None", "netIncomeFromContinuingOperations": "3839000", "comprehensiveIncomeNetOfTax": "None", "ebit": "6006000", "ebitda": "8752000", "netIncome": "3839000"}, {"fiscalDateEnding": "2011-03-31", "reportedCurrency": "USD", "grossProfit": "11638000", "totalRevenue": "59913000", "costOfRevenue": "48275000", "costofGoodsAndServicesSold": "48275000", "operatingIncome": "6095000", "sellingGeneralAndAdministrative": "5543000", "researchAndDevelopment": "0", "operatingExpenses": "5543000", "investmentIncomeNet": "None", "netInterestIncome": "None", "interestIncome": "None", "interestExpense": "10000", "nonInterestIncome": "None", "otherNonOperatingIncome": "None", "depreciation": "None", "depreciationAndAmortization": "2703000", "incomeBeforeTax": "5616000", "incomeTaxExpense": "1966000", "interestAndDebtExpense": "None", "netIncomeFromContinuingOperations": "0", "comprehensiveIncomeNetOfTax": "None", "ebit": "5626000", "ebitda": "8329000", "netIncome": "3650000"}, {"fiscalDateEnding": "2010-12-31", "reportedCurrency": "USD", "grossProfit": "14191000", "totalRevenue": "65826000", "costOfRevenue": "51635000", "costofGoodsAndServicesSold": "51635000", "operatingIncome": "8310000", "sellingGeneralAndAdministrative": "5881000", "researchAndDevelopment": "3600000", "operatingExpenses": "5881000", "investmentIncomeNet": "None", "netInterestIncome": "None", "interestIncome": "None", "interestExpense": "41000", "nonInterestIncome": "None", "otherNonOperatingIncome": "None", "depreciation": "None", "depreciationAndAmortization": "2556000", "incomeBeforeTax": "8316000", "incomeTaxExpense": "2534000", "interestAndDebtExpense": "None", "netIncomeFromContinuingOperations": "0", "comprehensiveIncomeNetOfTax": "None", "ebit": "8357000", "ebitda": "10913000", "netIncome": "5782000"}, {"fiscalDateEnding": "2010-09-30", "reportedCurrency": "USD", "grossProfit": "12497000", "totalRevenue": "64886000", "costOfRevenue": "52389000", "costofGoodsAndServicesSold": "52389000", "operatingIncome": "7331000", "sellingGeneralAndAdministrative": "5166000", "researchAndDevelopment": "0", "operatingExpenses": "5166000", "investmentIncomeNet": "None", "netInterestIncome": "None", "interestIncome": "None", "interestExpense": "4000", "nonInterestIncome": "None", "otherNonOperatingIncome": "None", "depreciation": "None", "depreciationAndAmortization": "2518000", "incomeBeforeTax": "7307000", "incomeTaxExpense": "2134000", "interestAndDebtExpense": "None", "netIncomeFromContinuingOperations": "0", "comprehensiveIncomeNetOfTax": "None", "ebit": "7311000", "ebitda": "9829000", "netIncome": "5173000"}, {"fiscalDateEnding": "2010-06-30", "reportedCurrency": "USD", "grossProfit": "15506000", "totalRevenue": "64531000", "costOfRevenue": "49025000", "costofGoodsAndServicesSold": "49025000", "operatingIncome": "8908000", "sellingGeneralAndAdministrative": "6598000", "researchAndDevelopment": "0", "operatingExpenses": "6598000", "investmentIncomeNet": "None", "netInterestIncome": "None", "interestIncome": "None", "interestExpense": "0", "nonInterestIncome": "None", "otherNonOperatingIncome": "None", "depreciation": "None", "depreciationAndAmortization": "2407000", "incomeBeforeTax": "8958000", "incomeTaxExpense": "3137000", "interestAndDebtExpense": "None", "netIncomeFromContinuingOperations": "0", "comprehensiveIncomeNetOfTax": "None", "ebit": "8958000", "ebitda": "11365000", "netIncome": "5821000"}, {"fiscalDateEnding": "2010-03-31", "reportedCurrency": "USD", "grossProfit": "12994000", "totalRevenue": "49309000", "costOfRevenue": "36315000", "costofGoodsAndServicesSold": "36315000", "operatingIncome": "8166000", "sellingGeneralAndAdministrative": "4828000", "researchAndDevelopment": "0", "operatingExpenses": "4828000", "investmentIncomeNet": "None", "netInterestIncome": "None", "interestIncome": "None", "interestExpense": "0", "nonInterestIncome": "None", "otherNonOperatingIncome": "None", "depreciation": "None", "depreciationAndAmortization": "2405000", "incomeBeforeTax": "8112000", "incomeTaxExpense": "2994000", "interestAndDebtExpense": "None", "netIncomeFromContinuingOperations": "0", "comprehensiveIncomeNetOfTax": "None", "ebit": "8112000", "ebitda": "10517000", "netIncome": "5118000"}, {"fiscalDateEnding": "2009-12-31", "reportedCurrency": "USD", "grossProfit": "14779000", "totalRevenue": "54228000", "costOfRevenue": "39449000", "costofGoodsAndServicesSold": "39449000", "operatingIncome": "9629000", "sellingGeneralAndAdministrative": "5150000", "researchAndDevelopment": "3100000", "operatingExpenses": "5150000", "investmentIncomeNet": "None", "netInterestIncome": "None", "interestIncome": "None", "interestExpense": "9000", "nonInterestIncome": "None", "otherNonOperatingIncome": "None", "depreciation": "None", "depreciationAndAmortization": "2379000", "incomeBeforeTax": "9704000", "incomeTaxExpense": "3549000", "interestAndDebtExpense": "None", "netIncomeFromContinuingOperations": "0", "comprehensiveIncomeNetOfTax": "None", "ebit": "9704000", "ebitda": "12083000", "netIncome": "6155000"}, {"fiscalDateEnding": "2009-09-30", "reportedCurrency": "USD", "grossProfit": "17728000", "totalRevenue": "58492000", "costOfRevenue": "40764000", "costofGoodsAndServicesSold": "40764000", "operatingIncome": "12415000", "sellingGeneralAndAdministrative": "5313000", "researchAndDevelopment": "0", "operatingExpenses": "5313000", "investmentIncomeNet": "None", "netInterestIncome": "None", "interestIncome": "None", "interestExpense": "0", "nonInterestIncome": "None", "otherNonOperatingIncome": "None", "depreciation": "None", "depreciationAndAmortization": "2118000", "incomeBeforeTax": "12306000", "incomeTaxExpense": "4565000", "interestAndDebtExpense": "None", "netIncomeFromContinuingOperations": "0", "comprehensiveIncomeNetOfTax": "None", "ebit": "12306000", "ebitda": "14424000", "netIncome": "7741000"}, {"fiscalDateEnding": "2009-06-30", "reportedCurrency": "USD", "grossProfit": "18104000", "totalRevenue": "68597000", "costOfRevenue": "50493000", "costofGoodsAndServicesSold": "50493000", "operatingIncome": "11311000", "sellingGeneralAndAdministrative": "6793000", "researchAndDevelopment": "0", "operatingExpenses": "6793000", "investmentIncomeNet": "None", "netInterestIncome": "None", "interestIncome": "None", "interestExpense": "9000", "nonInterestIncome": "None", "otherNonOperatingIncome": "None", "depreciation": "None", "depreciationAndAmortization": "2282000", "incomeBeforeTax": "11247000", "incomeTaxExpense": "4150000", "interestAndDebtExpense": "None", "netIncomeFromContinuingOperations": "0", "comprehensiveIncomeNetOfTax": "None", "ebit": "11247000", "ebitda": "13529000", "netIncome": "7097000"}, {"fiscalDateEnding": "2009-03-31", "reportedCurrency": "USD", "grossProfit": "16934000", "totalRevenue": "63965000", "costOfRevenue": "47031000", "costofGoodsAndServicesSold": "47031000", "operatingIncome": "10399000", "sellingGeneralAndAdministrative": "6535000", "researchAndDevelopment": "0", "operatingExpenses": "6535000", "investmentIncomeNet": "None", "netInterestIncome": "None", "interestIncome": "None", "interestExpense": "9000", "nonInterestIncome": "None", "otherNonOperatingIncome": "None", "depreciation": "None", "depreciationAndAmortization": "2282000", "incomeBeforeTax": "10635000", "incomeTaxExpense": "3907000", "interestAndDebtExpense": "None", "netIncomeFromContinuingOperations": "0", "comprehensiveIncomeNetOfTax": "None", "ebit": "10644000", "ebitda": "12926000", "netIncome": "6728000"}, {"fiscalDateEnding": "2008-12-31", "reportedCurrency": "USD", "grossProfit": "13516000", "totalRevenue": "60209000", "costOfRevenue": "46693000", "costofGoodsAndServicesSold": "46693000", "operatingIncome": "9053000", "sellingGeneralAndAdministrative": "4463000", "researchAndDevelopment": "2577000", "operatingExpenses": "4463000", "investmentIncomeNet": "None", "netInterestIncome": "None", "interestIncome": "None", "interestExpense": "13000", "nonInterestIncome": "None", "otherNonOperatingIncome": "None", "depreciation": "None", "depreciationAndAmortization": "2261000", "incomeBeforeTax": "9348000", "incomeTaxExpense": "3308000", "interestAndDebtExpense": "None", "netIncomeFromContinuingOperations": "0", "comprehensiveIncomeNetOfTax": "None", "ebit": "9053000", "ebitda": "11314000", "netIncome": "6040000"}, {"fiscalDateEnding": "2008-09-30", "reportedCurrency": "USD", "grossProfit": "20018000", "totalRevenue": "79279000", "costOfRevenue": "59261000", "costofGoodsAndServicesSold": "59261000", "operatingIncome": "12724000", "sellingGeneralAndAdministrative": "7294000", "researchAndDevelopment": "0", "operatingExpenses": "7294000", "investmentIncomeNet": "None", "netInterestIncome": "None", "interestIncome": "None", "interestExpense": "39000", "nonInterestIncome": "None", "otherNonOperatingIncome": "None", "depreciation": "None", "depreciationAndAmortization": "2313000", "incomeBeforeTax": "12854000", "incomeTaxExpense": "4499000", "interestAndDebtExpense": "None", "netIncomeFromContinuingOperations": "0", "comprehensiveIncomeNetOfTax": "None", "ebit": "12724000", "ebitda": "15037000", "netIncome": "8355000"}, {"fiscalDateEnding": "2008-06-30", "reportedCurrency": "USD", "grossProfit": "17990000", "totalRevenue": "74781000", "costOfRevenue": "56791000", "costofGoodsAndServicesSold": "56791000", "operatingIncome": "11861000", "sellingGeneralAndAdministrative": "6129000", "researchAndDevelopment": "0", "operatingExpenses": "6129000", "investmentIncomeNet": "None", "netInterestIncome": "None", "interestIncome": "None", "interestExpense": "16000", "nonInterestIncome": "None", "otherNonOperatingIncome": "None", "depreciation": "None", "depreciationAndAmortization": "2381000", "incomeBeforeTax": "11968000", "incomeTaxExpense": "4208000", "interestAndDebtExpense": "None", "netIncomeFromContinuingOperations": "0", "comprehensiveIncomeNetOfTax": "None", "ebit": "11861000", "ebitda": "14242000", "netIncome": "7760000"}, {"fiscalDateEnding": "2008-03-31", "reportedCurrency": "USD", "grossProfit": "15652000", "totalRevenue": "65456000", "costOfRevenue": "49804000", "costofGoodsAndServicesSold": "49804000", "operatingIncome": "9750000", "sellingGeneralAndAdministrative": "5902000", "researchAndDevelopment": "0", "operatingExpenses": "5902000", "investmentIncomeNet": "None", "netInterestIncome": "None", "interestIncome": "None", "interestExpense": "3000", "nonInterestIncome": "None", "otherNonOperatingIncome": "None", "depreciation": "None", "depreciationAndAmortization": "2457000", "incomeBeforeTax": "9898000", "incomeTaxExpense": "3464000", "interestAndDebtExpense": "None", "netIncomeFromContinuingOperations": "0", "comprehensiveIncomeNetOfTax": "None", "ebit": "9750000", "ebitda": "12207000", "netIncome": "6434000"}, {"fiscalDateEnding": "2007-12-31", "reportedCurrency": "USD", "grossProfit": "12409000", "totalRevenue": "62147000", "costOfRevenue": "49738000", "costofGoodsAndServicesSold": "49738000", "operatingIncome": "7215000", "sellingGeneralAndAdministrative": "5194000", "researchAndDevelopment": "2483000", "operatingExpenses": "5194000", "investmentIncomeNet": "None", "netInterestIncome": "None", "interestIncome": "None", "interestExpense": "7000", "nonInterestIncome": "None", "otherNonOperatingIncome": "None", "depreciation": "None", "depreciationAndAmortization": "2512000", "incomeBeforeTax": "6971000", "incomeTaxExpense": "2391000", "interestAndDebtExpense": "None", "netIncomeFromContinuingOperations": "0", "comprehensiveIncomeNetOfTax": "None", "ebit": "7215000", "ebitda": "9727000", "netIncome": "4580000"}, {"fiscalDateEnding": "2007-09-30", "reportedCurrency": "USD", "grossProfit": "13640000", "totalRevenue": "70907000", "costOfRevenue": "57267000", "costofGoodsAndServicesSold": "57267000", "operatingIncome": "8148000", "sellingGeneralAndAdministrative": "5492000", "researchAndDevelopment": "0", "operatingExpenses": "5492000", "investmentIncomeNet": "None", "netInterestIncome": "None", "interestIncome": "None", "interestExpense": "3000", "nonInterestIncome": "None", "otherNonOperatingIncome": "None", "depreciation": "None", "depreciationAndAmortization": "2493000", "incomeBeforeTax": "7800000", "incomeTaxExpense": "2418000", "interestAndDebtExpense": "None", "netIncomeFromContinuingOperations": "0", "comprehensiveIncomeNetOfTax": "None", "ebit": "8148000", "ebitda": "10641000", "netIncome": "5382000"}, {"fiscalDateEnding": "2007-06-30", "reportedCurrency": "USD", "grossProfit": "15598000", "totalRevenue": "70835000", "costOfRevenue": "55237000", "costofGoodsAndServicesSold": "55237000", "operatingIncome": "10328000", "sellingGeneralAndAdministrative": "5270000", "researchAndDevelopment": "0", "operatingExpenses": "5270000", "investmentIncomeNet": "None", "netInterestIncome": "None", "interestIncome": "None", "interestExpense": "3000", "nonInterestIncome": "None", "otherNonOperatingIncome": "None", "depreciation": "None", "depreciationAndAmortization": "2387000", "incomeBeforeTax": "10416000", "incomeTaxExpense": "3539000", "interestAndDebtExpense": "None", "netIncomeFromContinuingOperations": "0", "comprehensiveIncomeNetOfTax": "None", "ebit": "10328000", "ebitda": "12715000", "netIncome": "6877000"}, {"fiscalDateEnding": "2007-03-31", "reportedCurrency": "USD", "grossProfit": "15722000", "totalRevenue": "58628000", "costOfRevenue": "42906000", "costofGoodsAndServicesSold": "42906000", "operatingIncome": "9975000", "sellingGeneralAndAdministrative": "5747000", "researchAndDevelopment": "0", "operatingExpenses": "15722000", "investmentIncomeNet": "None", "netInterestIncome": "None", "interestIncome": "None", "interestExpense": "23000", "nonInterestIncome": "None", "otherNonOperatingIncome": "None", "depreciation": "None", "depreciationAndAmortization": "2273000", "incomeBeforeTax": "10156000", "incomeTaxExpense": "3839000", "interestAndDebtExpense": "None", "netIncomeFromContinuingOperations": "0", "comprehensiveIncomeNetOfTax": "None", "ebit": "9975000", "ebitda": "12248000", "netIncome": "6317000"}, {"fiscalDateEnding": "2006-12-31", "reportedCurrency": "USD", "grossProfit": "9796000", "totalRevenue": "54550000", "costOfRevenue": "44754000", "costofGoodsAndServicesSold": "44754000", "operatingIncome": "7118000", "sellingGeneralAndAdministrative": "2678000", "researchAndDevelopment": "1974000", "operatingExpenses": "2678000", "investmentIncomeNet": "None", "netInterestIncome": "None", "interestIncome": "None", "interestExpense": "23000", "nonInterestIncome": "None", "otherNonOperatingIncome": "None", "depreciation": "None", "depreciationAndAmortization": "2310000", "incomeBeforeTax": "7098000", "incomeTaxExpense": "2560000", "interestAndDebtExpense": "None", "netIncomeFromContinuingOperations": "0", "comprehensiveIncomeNetOfTax": "None", "ebit": "7118000", "ebitda": "9428000", "netIncome": "4538000"}, {"fiscalDateEnding": "2006-09-30", "reportedCurrency": "USD", "grossProfit": "13591000", "totalRevenue": "64153000", "costOfRevenue": "50562000", "costofGoodsAndServicesSold": "50562000", "operatingIncome": "7628000", "sellingGeneralAndAdministrative": "5963000", "researchAndDevelopment": "0", "operatingExpenses": "5963000", "investmentIncomeNet": "None", "netInterestIncome": "None", "interestIncome": "None", "interestExpense": "36000", "nonInterestIncome": "None", "otherNonOperatingIncome": "None", "depreciation": "None", "depreciationAndAmortization": "2358000", "incomeBeforeTax": "7749000", "incomeTaxExpense": "2352000", "interestAndDebtExpense": "None", "netIncomeFromContinuingOperations": "0", "comprehensiveIncomeNetOfTax": "None", "ebit": "7628000", "ebitda": "9986000", "netIncome": "5397000"}, {"fiscalDateEnding": "2006-06-30", "reportedCurrency": "USD", "grossProfit": "10119000", "totalRevenue": "59137000", "costOfRevenue": "49018000", "costofGoodsAndServicesSold": "49018000", "operatingIncome": "5266000", "sellingGeneralAndAdministrative": "4853000", "researchAndDevelopment": "0", "operatingExpenses": "4853000", "investmentIncomeNet": "None", "netInterestIncome": "None", "interestIncome": "None", "interestExpense": "10000", "nonInterestIncome": "None", "otherNonOperatingIncome": "None", "depreciation": "None", "depreciationAndAmortization": "2272000", "incomeBeforeTax": "5409000", "incomeTaxExpense": "1954000", "interestAndDebtExpense": "None", "netIncomeFromContinuingOperations": "0", "comprehensiveIncomeNetOfTax": "None", "ebit": "5266000", "ebitda": "7538000", "netIncome": "3455000"}, {"fiscalDateEnding": "2006-03-31", "reportedCurrency": "USD", "grossProfit": "10384000", "totalRevenue": "53620000", "costOfRevenue": "43236000", "costofGoodsAndServicesSold": "43236000", "operatingIncome": "5819000", "sellingGeneralAndAdministrative": "4565000", "researchAndDevelopment": "0", "operatingExpenses": "4565000", "investmentIncomeNet": "None", "netInterestIncome": "None", "interestIncome": "None", "interestExpense": "12000", "nonInterestIncome": "None", "otherNonOperatingIncome": "None", "depreciation": "None", "depreciationAndAmortization": "2206000", "incomeBeforeTax": "5942000", "incomeTaxExpense": "2199000", "interestAndDebtExpense": "None", "netIncomeFromContinuingOperations": "0", "comprehensiveIncomeNetOfTax": "None", "ebit": "5819000", "ebitda": "8025000", "netIncome": "3743000"}, {"fiscalDateEnding": "2005-12-31", "reportedCurrency": "USD", "grossProfit": "8226000", "totalRevenue": "48885000", "costOfRevenue": "40659000", "costofGoodsAndServicesSold": "40659000", "operatingIncome": "3712000", "sellingGeneralAndAdministrative": "4514000", "researchAndDevelopment": "1681000", "operatingExpenses": "4514000", "investmentIncomeNet": "None", "netInterestIncome": "None", "interestIncome": "None", "interestExpense": "4000", "nonInterestIncome": "None", "otherNonOperatingIncome": "None", "depreciation": "None", "depreciationAndAmortization": "2300000", "incomeBeforeTax": "3867000", "incomeTaxExpense": "1582000", "interestAndDebtExpense": "None", "netIncomeFromContinuingOperations": "0", "comprehensiveIncomeNetOfTax": "None", "ebit": "3712000", "ebitda": "6012000", "netIncome": "2285000"}, {"fiscalDateEnding": "2005-09-30", "reportedCurrency": "USD", "grossProfit": "8643000", "totalRevenue": "48136000", "costOfRevenue": "39493000", "costofGoodsAndServicesSold": "39493000", "operatingIncome": "4226000", "sellingGeneralAndAdministrative": "4417000", "researchAndDevelopment": "0", "operatingExpenses": "8643000", "investmentIncomeNet": "None", "netInterestIncome": "None", "interestIncome": "None", "interestExpense": "6000", "nonInterestIncome": "None", "otherNonOperatingIncome": "None", "depreciation": "None", "depreciationAndAmortization": "2184000", "incomeBeforeTax": "4408000", "incomeTaxExpense": "1642000", "interestAndDebtExpense": "None", "netIncomeFromContinuingOperations": "0", "comprehensiveIncomeNetOfTax": "None", "ebit": "4226000", "ebitda": "6410000", "netIncome": "2766000"}]}