{"symbol": "ETSY", "annualReports": [{"fiscalDateEnding": "2024-12-31", "reportedCurrency": "USD", "grossProfit": "2033778000", "totalRevenue": "2808332000", "costOfRevenue": "774554000", "costofGoodsAndServicesSold": "774554000", "operatingIncome": "380208000", "sellingGeneralAndAdministrative": "353949000", "researchAndDevelopment": "443056000", "operatingExpenses": "1653570000", "investmentIncomeNet": "None", "netInterestIncome": "17176000", "interestIncome": "30982000", "interestExpense": "13806000", "nonInterestIncome": "None", "otherNonOperatingIncome": "None", "depreciation": "None", "depreciationAndAmortization": "108074000", "incomeBeforeTax": "410775000", "incomeTaxExpense": "107494000", "interestAndDebtExpense": "None", "netIncomeFromContinuingOperations": "303281000", "comprehensiveIncomeNetOfTax": "None", "ebit": "424581000", "ebitda": "532655000", "netIncome": "303281000"}, {"fiscalDateEnding": "2023-12-31", "reportedCurrency": "USD", "grossProfit": "1919702000", "totalRevenue": "2748377000", "costOfRevenue": "828675000", "costofGoodsAndServicesSold": "828675000", "operatingIncome": "279841000", "sellingGeneralAndAdministrative": "343242000", "researchAndDevelopment": "469332000", "operatingExpenses": "1639861000", "investmentIncomeNet": "None", "netInterestIncome": "21957000", "interestIncome": "35999000", "interestExpense": "14042000", "nonInterestIncome": "None", "otherNonOperatingIncome": "None", "depreciation": "None", "depreciationAndAmortization": "91323000", "incomeBeforeTax": "292820000", "incomeTaxExpense": "-14748000", "interestAndDebtExpense": "None", "netIncomeFromContinuingOperations": "307568000", "comprehensiveIncomeNetOfTax": "None", "ebit": "306862000", "ebitda": "398185000", "netIncome": "307568000"}, {"fiscalDateEnding": "2022-12-31", "reportedCurrency": "USD", "grossProfit": "1821519000", "totalRevenue": "2566111000", "costOfRevenue": "744592000", "costofGoodsAndServicesSold": "744592000", "operatingIncome": "-658560000", "sellingGeneralAndAdministrative": "312260000", "researchAndDevelopment": "412398000", "operatingExpenses": "2480079000", "investmentIncomeNet": "None", "netInterestIncome": "-3212000", "interestIncome": "10956000", "interestExpense": "14168000", "nonInterestIncome": "None", "otherNonOperatingIncome": "10750000", "depreciation": "None", "depreciationAndAmortization": "96702000", "incomeBeforeTax": "-661978000", "incomeTaxExpense": "32310000", "interestAndDebtExpense": "None", "netIncomeFromContinuingOperations": "-694288000", "comprehensiveIncomeNetOfTax": "None", "ebit": "-647810000", "ebitda": "-551108000", "netIncome": "-694288000"}, {"fiscalDateEnding": "2021-12-31", "reportedCurrency": "USD", "grossProfit": "1674602000", "totalRevenue": "2329114000", "costOfRevenue": "654512000", "costofGoodsAndServicesSold": "654512000", "operatingIncome": "465732000", "sellingGeneralAndAdministrative": "282531000", "researchAndDevelopment": "271535000", "operatingExpenses": "1208870000", "investmentIncomeNet": "None", "netInterestIncome": "-7748000", "interestIncome": "2137000", "interestExpense": "9885000", "nonInterestIncome": "None", "otherNonOperatingIncome": "15807000", "depreciation": "None", "depreciationAndAmortization": "74267000", "incomeBeforeTax": "471654000", "incomeTaxExpense": "-21853000", "interestAndDebtExpense": "None", "netIncomeFromContinuingOperations": "493507000", "comprehensiveIncomeNetOfTax": "None", "ebit": "481539000", "ebitda": "555806000", "netIncome": "493507000"}, {"fiscalDateEnding": "2020-12-31", "reportedCurrency": "USD", "grossProfit": "1260880000", "totalRevenue": "1725625000", "costOfRevenue": "464745000", "costofGoodsAndServicesSold": "464745000", "operatingIncome": "424009000", "sellingGeneralAndAdministrative": "156035000", "researchAndDevelopment": "180080000", "operatingExpenses": "836871000", "investmentIncomeNet": "None", "netInterestIncome": "-34923000", "interestIncome": "7102000", "interestExpense": "42025000", "nonInterestIncome": "None", "otherNonOperatingIncome": "-16275000", "depreciation": "None", "depreciationAndAmortization": "58189000", "incomeBeforeTax": "365709000", "incomeTaxExpense": "16463000", "interestAndDebtExpense": "None", "netIncomeFromContinuingOperations": "349246000", "comprehensiveIncomeNetOfTax": "None", "ebit": "407734000", "ebitda": "465923000", "netIncome": "349246000"}, {"fiscalDateEnding": "2019-12-31", "reportedCurrency": "USD", "grossProfit": "547343000", "totalRevenue": "818379000", "costOfRevenue": "271036000", "costofGoodsAndServicesSold": "271036000", "operatingIncome": "88761000", "sellingGeneralAndAdministrative": "121134000", "researchAndDevelopment": "121878000", "operatingExpenses": "458582000", "investmentIncomeNet": "None", "netInterestIncome": "-11121000", "interestIncome": "13199000", "interestExpense": "24320000", "nonInterestIncome": "None", "otherNonOperatingIncome": "16205000", "depreciation": "None", "depreciationAndAmortization": "48031000", "incomeBeforeTax": "80646000", "incomeTaxExpense": "-15248000", "interestAndDebtExpense": "None", "netIncomeFromContinuingOperations": "95894000", "comprehensiveIncomeNetOfTax": "None", "ebit": "104966000", "ebitda": "152997000", "netIncome": "95894000"}, {"fiscalDateEnding": "2018-12-31", "reportedCurrency": "USD", "grossProfit": "412931000", "totalRevenue": "603693000", "costOfRevenue": "190762000", "costofGoodsAndServicesSold": "190762000", "operatingIncome": "74786000", "sellingGeneralAndAdministrative": "82883000", "researchAndDevelopment": "97249000", "operatingExpenses": "338145000", "investmentIncomeNet": "None", "netInterestIncome": "-13221000", "interestIncome": "8957000", "interestExpense": "22178000", "nonInterestIncome": "None", "otherNonOperatingIncome": "2470000", "depreciation": "None", "depreciationAndAmortization": "26742000", "incomeBeforeTax": "55078000", "incomeTaxExpense": "-22413000", "interestAndDebtExpense": "None", "netIncomeFromContinuingOperations": "77491000", "comprehensiveIncomeNetOfTax": "None", "ebit": "77256000", "ebitda": "103998000", "netIncome": "77491000"}, {"fiscalDateEnding": "2017-12-31", "reportedCurrency": "USD", "grossProfit": "290245000", "totalRevenue": "441231000", "costOfRevenue": "150986000", "costofGoodsAndServicesSold": "150986000", "operatingIncome": "11896000", "sellingGeneralAndAdministrative": "91486000", "researchAndDevelopment": "74616000", "operatingExpenses": "278349000", "investmentIncomeNet": "None", "netInterestIncome": "-8736000", "interestIncome": "2394000", "interestExpense": "11130000", "nonInterestIncome": "None", "otherNonOperatingIncome": "31499000", "depreciation": "None", "depreciationAndAmortization": "27197000", "incomeBeforeTax": "32265000", "incomeTaxExpense": "-49535000", "interestAndDebtExpense": "None", "netIncomeFromContinuingOperations": "81800000", "comprehensiveIncomeNetOfTax": "None", "ebit": "43395000", "ebitda": "70592000", "netIncome": "81800000"}, {"fiscalDateEnding": "2016-12-31", "reportedCurrency": "USD", "grossProfit": "241639000", "totalRevenue": "364967000", "costOfRevenue": "123328000", "costofGoodsAndServicesSold": "123328000", "operatingIncome": "17577000", "sellingGeneralAndAdministrative": "86180000", "researchAndDevelopment": "55083000", "operatingExpenses": "224062000", "investmentIncomeNet": "None", "netInterestIncome": "-5502000", "interestIncome": "1702000", "interestExpense": "7204000", "nonInterestIncome": "None", "otherNonOperatingIncome": "-13249000", "depreciation": "None", "depreciationAndAmortization": "22525000", "incomeBeforeTax": "-2876000", "incomeTaxExpense": "27025000", "interestAndDebtExpense": "None", "netIncomeFromContinuingOperations": "-29901000", "comprehensiveIncomeNetOfTax": "None", "ebit": "4328000", "ebitda": "26853000", "netIncome": "-29901000"}, {"fiscalDateEnding": "2015-12-31", "reportedCurrency": "USD", "grossProfit": "176520000", "totalRevenue": "273499000", "costOfRevenue": "96979000", "costofGoodsAndServicesSold": "96979000", "operatingIncome": "-1884000", "sellingGeneralAndAdministrative": "68939000", "researchAndDevelopment": "42694000", "operatingExpenses": "178404000", "investmentIncomeNet": "None", "netInterestIncome": "None", "interestIncome": "22977000", "interestExpense": "1526000", "nonInterestIncome": "None", "otherNonOperatingIncome": "-24584000", "depreciation": "None", "depreciationAndAmortization": "18550000", "incomeBeforeTax": "-27994000", "incomeTaxExpense": "26069000", "interestAndDebtExpense": "None", "netIncomeFromContinuingOperations": "-54063000", "comprehensiveIncomeNetOfTax": "None", "ebit": "-26468000", "ebitda": "-7918000", "netIncome": "-54063000"}, {"fiscalDateEnding": "2014-12-31", "reportedCurrency": "USD", "grossProfit": "121958000", "totalRevenue": "195591000", "costOfRevenue": "73633000", "costofGoodsAndServicesSold": "73633000", "operatingIncome": "-6251000", "sellingGeneralAndAdministrative": "51920000", "researchAndDevelopment": "36634000", "operatingExpenses": "128209000", "investmentIncomeNet": "None", "netInterestIncome": "None", "interestIncome": "None", "interestExpense": "590000", "nonInterestIncome": "None", "otherNonOperatingIncome": "None", "depreciation": "None", "depreciationAndAmortization": "17223000", "incomeBeforeTax": "-10260000", "incomeTaxExpense": "4983000", "interestAndDebtExpense": "None", "netIncomeFromContinuingOperations": "-15243000", "comprehensiveIncomeNetOfTax": "None", "ebit": "-9670000", "ebitda": "7553000", "netIncome": "-15243000"}, {"fiscalDateEnding": "2013-12-31", "reportedCurrency": "USD", "grossProfit": "77243000", "totalRevenue": "125022000", "costOfRevenue": "47779000", "costofGoodsAndServicesSold": "47779000", "operatingIncome": "733000", "sellingGeneralAndAdministrative": "31112000", "researchAndDevelopment": "27548000", "operatingExpenses": "76510000", "investmentIncomeNet": "None", "netInterestIncome": "None", "interestIncome": "None", "interestExpense": "302000", "nonInterestIncome": "None", "otherNonOperatingIncome": "None", "depreciation": "None", "depreciationAndAmortization": "12380000", "incomeBeforeTax": "58000", "incomeTaxExpense": "854000", "interestAndDebtExpense": "None", "netIncomeFromContinuingOperations": "None", "comprehensiveIncomeNetOfTax": "None", "ebit": "360000", "ebitda": "12740000", "netIncome": "-796000"}, {"fiscalDateEnding": "2012-12-31", "reportedCurrency": "USD", "grossProfit": "50109000", "totalRevenue": "74602000", "costOfRevenue": "24493000", "costofGoodsAndServicesSold": "24493000", "operatingIncome": "-1355000", "sellingGeneralAndAdministrative": "21909000", "researchAndDevelopment": "18653000", "operatingExpenses": "51464000", "investmentIncomeNet": "None", "netInterestIncome": "None", "interestIncome": "None", "interestExpense": "486000", "nonInterestIncome": "None", "otherNonOperatingIncome": "None", "depreciation": "None", "depreciationAndAmortization": "7930000", "incomeBeforeTax": "-2530000", "incomeTaxExpense": "-145000", "interestAndDebtExpense": "None", "netIncomeFromContinuingOperations": "None", "comprehensiveIncomeNetOfTax": "None", "ebit": "-2044000", "ebitda": "5886000", "netIncome": "-2385000"}], "quarterlyReports": [{"fiscalDateEnding": "2025-09-30", "reportedCurrency": "USD", "grossProfit": "483381000", "totalRevenue": "678026000", "costOfRevenue": "194645000", "costofGoodsAndServicesSold": "194645000", "operatingIncome": "82711000", "sellingGeneralAndAdministrative": "79450000", "researchAndDevelopment": "113379000", "operatingExpenses": "400670000", "investmentIncomeNet": "None", "netInterestIncome": "8597000", "interestIncome": "14282000", "interestExpense": "5685000", "nonInterestIncome": "None", "otherNonOperatingIncome": "None", "depreciation": "None", "depreciationAndAmortization": "24263000", "incomeBeforeTax": "92085000", "incomeTaxExpense": "16582000", "interestAndDebtExpense": "None", "netIncomeFromContinuingOperations": "75503000", "comprehensiveIncomeNetOfTax": "None", "ebit": "97770000", "ebitda": "122033000", "netIncome": "75503000"}, {"fiscalDateEnding": "2025-06-30", "reportedCurrency": "USD", "grossProfit": "479115000", "totalRevenue": "672663000", "costOfRevenue": "193548000", "costofGoodsAndServicesSold": "193548000", "operatingIncome": "76429000", "sellingGeneralAndAdministrative": "78715000", "researchAndDevelopment": "111861000", "operatingExpenses": "402686000", "investmentIncomeNet": "None", "netInterestIncome": "5258000", "interestIncome": "9031000", "interestExpense": "3773000", "nonInterestIncome": "None", "otherNonOperatingIncome": "None", "depreciation": "None", "depreciationAndAmortization": "25398000", "incomeBeforeTax": "51146000", "incomeTaxExpense": "22306000", "interestAndDebtExpense": "None", "netIncomeFromContinuingOperations": "28840000", "comprehensiveIncomeNetOfTax": "None", "ebit": "54919000", "ebitda": "80317000", "netIncome": "28840000"}, {"fiscalDateEnding": "2025-03-31", "reportedCurrency": "USD", "grossProfit": "459115000", "totalRevenue": "651176000", "costOfRevenue": "192061000", "costofGoodsAndServicesSold": "192061000", "operatingIncome": "-22327000", "sellingGeneralAndAdministrative": "80225000", "researchAndDevelopment": "110510000", "operatingExpenses": "481442000", "investmentIncomeNet": "None", "netInterestIncome": "None", "interestIncome": "None", "interestExpense": "None", "nonInterestIncome": "None", "otherNonOperatingIncome": "None", "depreciation": "None", "depreciationAndAmortization": "27290000", "incomeBeforeTax": "-33319000", "incomeTaxExpense": "18777000", "interestAndDebtExpense": "None", "netIncomeFromContinuingOperations": "-52096000", "comprehensiveIncomeNetOfTax": "None", "ebit": "79376000", "ebitda": "106666000", "netIncome": "-52096000"}, {"fiscalDateEnding": "2024-12-31", "reportedCurrency": "USD", "grossProfit": "634471000", "totalRevenue": "852162000", "costOfRevenue": "217691000", "costofGoodsAndServicesSold": "217691000", "operatingIncome": "155132000", "sellingGeneralAndAdministrative": "82708000", "researchAndDevelopment": "111466000", "operatingExpenses": "479339000", "investmentIncomeNet": "None", "netInterestIncome": "None", "interestIncome": "None", "interestExpense": "None", "nonInterestIncome": "None", "otherNonOperatingIncome": "None", "depreciation": "None", "depreciationAndAmortization": "26402000", "incomeBeforeTax": "178333000", "incomeTaxExpense": "48427000", "interestAndDebtExpense": "None", "netIncomeFromContinuingOperations": "129906000", "comprehensiveIncomeNetOfTax": "None", "ebit": "199505000", "ebitda": "225907000", "netIncome": "129906000"}, {"fiscalDateEnding": "2024-09-30", "reportedCurrency": "USD", "grossProfit": "476770000", "totalRevenue": "662410000", "costOfRevenue": "185640000", "costofGoodsAndServicesSold": "185640000", "operatingIncome": "86817000", "sellingGeneralAndAdministrative": "86176000", "researchAndDevelopment": "107251000", "operatingExpenses": "389953000", "investmentIncomeNet": "None", "netInterestIncome": "None", "interestIncome": "None", "interestExpense": "None", "nonInterestIncome": "None", "otherNonOperatingIncome": "None", "depreciation": "None", "depreciationAndAmortization": "27739000", "incomeBeforeTax": "73810000", "incomeTaxExpense": "16444000", "interestAndDebtExpense": "None", "netIncomeFromContinuingOperations": "57366000", "comprehensiveIncomeNetOfTax": "None", "ebit": "86817000", "ebitda": "114556000", "netIncome": "57366000"}, {"fiscalDateEnding": "2024-06-30", "reportedCurrency": "USD", "grossProfit": "463716000", "totalRevenue": "647806000", "costOfRevenue": "184090000", "costofGoodsAndServicesSold": "184090000", "operatingIncome": "70169000", "sellingGeneralAndAdministrative": "95991000", "researchAndDevelopment": "114493000", "operatingExpenses": "393547000", "investmentIncomeNet": "None", "netInterestIncome": "3947000", "interestIncome": "7408000", "interestExpense": "3461000", "nonInterestIncome": "None", "otherNonOperatingIncome": "None", "depreciation": "None", "depreciationAndAmortization": "27087000", "incomeBeforeTax": "78977000", "incomeTaxExpense": "25972000", "interestAndDebtExpense": "None", "netIncomeFromContinuingOperations": "53005000", "comprehensiveIncomeNetOfTax": "None", "ebit": "82438000", "ebitda": "109525000", "netIncome": "53005000"}, {"fiscalDateEnding": "2024-03-31", "reportedCurrency": "USD", "grossProfit": "458821000", "totalRevenue": "645954000", "costOfRevenue": "187133000", "costofGoodsAndServicesSold": "187133000", "operatingIncome": "68090000", "sellingGeneralAndAdministrative": "89074000", "researchAndDevelopment": "109846000", "operatingExpenses": "390731000", "investmentIncomeNet": "None", "netInterestIncome": "None", "interestIncome": "None", "interestExpense": "None", "nonInterestIncome": "None", "otherNonOperatingIncome": "None", "depreciation": "None", "depreciationAndAmortization": "26846000", "incomeBeforeTax": "79655000", "incomeTaxExpense": "16651000", "interestAndDebtExpense": "None", "netIncomeFromContinuingOperations": "63004000", "comprehensiveIncomeNetOfTax": "None", "ebit": "68090000", "ebitda": "94936000", "netIncome": "63004000"}, {"fiscalDateEnding": "2023-12-31", "reportedCurrency": "USD", "grossProfit": "586565000", "totalRevenue": "842322000", "costOfRevenue": "255757000", "costofGoodsAndServicesSold": "255757000", "operatingIncome": "115458000", "sellingGeneralAndAdministrative": "92543000", "researchAndDevelopment": "117488000", "operatingExpenses": "471107000", "investmentIncomeNet": "None", "netInterestIncome": "None", "interestIncome": "None", "interestExpense": "10970000", "nonInterestIncome": "None", "otherNonOperatingIncome": "None", "depreciation": "None", "depreciationAndAmortization": "23033000", "incomeBeforeTax": "109168000", "incomeTaxExpense": "25902000", "interestAndDebtExpense": "None", "netIncomeFromContinuingOperations": "83266000", "comprehensiveIncomeNetOfTax": "None", "ebit": "74388000", "ebitda": "97421000", "netIncome": "83266000"}, {"fiscalDateEnding": "2023-09-30", "reportedCurrency": "USD", "grossProfit": "447475000", "totalRevenue": "636302000", "costOfRevenue": "188827000", "costofGoodsAndServicesSold": "188827000", "operatingIncome": "88556000", "sellingGeneralAndAdministrative": "84051000", "researchAndDevelopment": "113932000", "operatingExpenses": "358919000", "investmentIncomeNet": "None", "netInterestIncome": "None", "interestIncome": "None", "interestExpense": "None", "nonInterestIncome": "None", "otherNonOperatingIncome": "None", "depreciation": "None", "depreciationAndAmortization": "22172000", "incomeBeforeTax": "96967000", "incomeTaxExpense": "9117000", "interestAndDebtExpense": "None", "netIncomeFromContinuingOperations": "87850000", "comprehensiveIncomeNetOfTax": "None", "ebit": "88556000", "ebitda": "110728000", "netIncome": "87850000"}, {"fiscalDateEnding": "2023-06-30", "reportedCurrency": "USD", "grossProfit": "440238000", "totalRevenue": "628876000", "costOfRevenue": "188638000", "costofGoodsAndServicesSold": "188638000", "operatingIncome": "-2372000", "sellingGeneralAndAdministrative": "86661000", "researchAndDevelopment": "121988000", "operatingExpenses": "442610000", "investmentIncomeNet": "None", "netInterestIncome": "None", "interestIncome": "None", "interestExpense": "None", "nonInterestIncome": "None", "otherNonOperatingIncome": "7786000", "depreciation": "None", "depreciationAndAmortization": "22946000", "incomeBeforeTax": "5414000", "incomeTaxExpense": "-56501000", "interestAndDebtExpense": "None", "netIncomeFromContinuingOperations": "61915000", "comprehensiveIncomeNetOfTax": "None", "ebit": "65719000", "ebitda": "88665000", "netIncome": "61915000"}, {"fiscalDateEnding": "2023-03-31", "reportedCurrency": "USD", "grossProfit": "445424000", "totalRevenue": "640877000", "costOfRevenue": "195453000", "costofGoodsAndServicesSold": "195453000", "operatingIncome": "78199000", "sellingGeneralAndAdministrative": "79987000", "researchAndDevelopment": "115924000", "operatingExpenses": "367225000", "investmentIncomeNet": "None", "netInterestIncome": "None", "interestIncome": "None", "interestExpense": "3072000", "nonInterestIncome": "None", "otherNonOperatingIncome": "3072000", "depreciation": "None", "depreciationAndAmortization": "23172000", "incomeBeforeTax": "81271000", "incomeTaxExpense": "6734000", "interestAndDebtExpense": "None", "netIncomeFromContinuingOperations": "74537000", "comprehensiveIncomeNetOfTax": "None", "ebit": "78199000", "ebitda": "101371000", "netIncome": "74537000"}, {"fiscalDateEnding": "2022-12-31", "reportedCurrency": "USD", "grossProfit": "581466000", "totalRevenue": "807241000", "costOfRevenue": "225775000", "costofGoodsAndServicesSold": "225775000", "operatingIncome": "139344000", "sellingGeneralAndAdministrative": "84526000", "researchAndDevelopment": "112787000", "operatingExpenses": "442122000", "investmentIncomeNet": "None", "netInterestIncome": "None", "interestIncome": "None", "interestExpense": "14168000", "nonInterestIncome": "None", "otherNonOperatingIncome": "2714000", "depreciation": "None", "depreciationAndAmortization": "22794000", "incomeBeforeTax": "127890000", "incomeTaxExpense": "18342000", "interestAndDebtExpense": "None", "netIncomeFromContinuingOperations": "109548000", "comprehensiveIncomeNetOfTax": "None", "ebit": "-894928000", "ebitda": "-872134000", "netIncome": "109548000"}, {"fiscalDateEnding": "2022-09-30", "reportedCurrency": "USD", "grossProfit": "420068000", "totalRevenue": "594469000", "costOfRevenue": "174401000", "costofGoodsAndServicesSold": "174401000", "operatingIncome": "-954780000", "sellingGeneralAndAdministrative": "74544000", "researchAndDevelopment": "108040000", "operatingExpenses": "1374848000", "investmentIncomeNet": "None", "netInterestIncome": "None", "interestIncome": "None", "interestExpense": "2084281000", "nonInterestIncome": "None", "otherNonOperatingIncome": "5763000", "depreciation": "None", "depreciationAndAmortization": "24127000", "incomeBeforeTax": "-949017000", "incomeTaxExpense": "14051000", "interestAndDebtExpense": "None", "netIncomeFromContinuingOperations": "-963068000", "comprehensiveIncomeNetOfTax": "None", "ebit": "90242000", "ebitda": "114369000", "netIncome": "-963068000"}, {"fiscalDateEnding": "2022-06-30", "reportedCurrency": "USD", "grossProfit": "413714000", "totalRevenue": "585135000", "costOfRevenue": "171421000", "costofGoodsAndServicesSold": "171421000", "operatingIncome": "72561000", "sellingGeneralAndAdministrative": "74990000", "researchAndDevelopment": "102095000", "operatingExpenses": "341153000", "investmentIncomeNet": "None", "netInterestIncome": "None", "interestIncome": "None", "interestExpense": "601000", "nonInterestIncome": "None", "otherNonOperatingIncome": "601000", "depreciation": "None", "depreciationAndAmortization": "25027000", "incomeBeforeTax": "73162000", "incomeTaxExpense": "39000", "interestAndDebtExpense": "None", "netIncomeFromContinuingOperations": "73123000", "comprehensiveIncomeNetOfTax": "None", "ebit": "72561000", "ebitda": "97588000", "netIncome": "73123000"}, {"fiscalDateEnding": "2022-03-31", "reportedCurrency": "USD", "grossProfit": "406271000", "totalRevenue": "579266000", "costOfRevenue": "172995000", "costofGoodsAndServicesSold": "172995000", "operatingIncome": "84315000", "sellingGeneralAndAdministrative": "78200000", "researchAndDevelopment": "89476000", "operatingExpenses": "321956000", "investmentIncomeNet": "None", "netInterestIncome": "None", "interestIncome": "None", "interestExpense": "1672000", "nonInterestIncome": "None", "otherNonOperatingIncome": "1672000", "depreciation": "None", "depreciationAndAmortization": "24754000", "incomeBeforeTax": "85987000", "incomeTaxExpense": "-122000", "interestAndDebtExpense": "None", "netIncomeFromContinuingOperations": "86109000", "comprehensiveIncomeNetOfTax": "None", "ebit": "84315000", "ebitda": "109069000", "netIncome": "86109000"}, {"fiscalDateEnding": "2021-12-31", "reportedCurrency": "USD", "grossProfit": "508173000", "totalRevenue": "717139000", "costOfRevenue": "208966000", "costofGoodsAndServicesSold": "208966000", "operatingIncome": "142249000", "sellingGeneralAndAdministrative": "79171000", "researchAndDevelopment": "82555000", "operatingExpenses": "365924000", "investmentIncomeNet": "None", "netInterestIncome": "-3323000", "interestIncome": "216000", "interestExpense": "3539000", "nonInterestIncome": "None", "otherNonOperatingIncome": "5663000", "depreciation": "None", "depreciationAndAmortization": "24991000", "incomeBeforeTax": "144373000", "incomeTaxExpense": "-17184000", "interestAndDebtExpense": "None", "netIncomeFromContinuingOperations": "161557000", "comprehensiveIncomeNetOfTax": "None", "ebit": "147912000", "ebitda": "172903000", "netIncome": "161557000"}, {"fiscalDateEnding": "2021-09-30", "reportedCurrency": "USD", "grossProfit": "378769000", "totalRevenue": "532429000", "costOfRevenue": "153660000", "costofGoodsAndServicesSold": "153660000", "operatingIncome": "83741000", "sellingGeneralAndAdministrative": "89579000", "researchAndDevelopment": "73521000", "operatingExpenses": "295028000", "investmentIncomeNet": "None", "netInterestIncome": "-2640000", "interestIncome": "139000", "interestExpense": "2779000", "nonInterestIncome": "None", "otherNonOperatingIncome": "2837000", "depreciation": "None", "depreciationAndAmortization": "23211000", "incomeBeforeTax": "83799000", "incomeTaxExpense": "-6131000", "interestAndDebtExpense": "None", "netIncomeFromContinuingOperations": "89930000", "comprehensiveIncomeNetOfTax": "None", "ebit": "83741000", "ebitda": "106952000", "netIncome": "89930000"}, {"fiscalDateEnding": "2021-06-30", "reportedCurrency": "USD", "grossProfit": "379931000", "totalRevenue": "528900000", "costOfRevenue": "148969000", "costofGoodsAndServicesSold": "148969000", "operatingIncome": "89105000", "sellingGeneralAndAdministrative": "61599000", "researchAndDevelopment": "61753000", "operatingExpenses": "290826000", "investmentIncomeNet": "None", "netInterestIncome": "-1079000", "interestIncome": "803000", "interestExpense": "1882000", "nonInterestIncome": "None", "otherNonOperatingIncome": "-1469000", "depreciation": "None", "depreciationAndAmortization": "12985000", "incomeBeforeTax": "85754000", "incomeTaxExpense": "-12500000", "interestAndDebtExpense": "None", "netIncomeFromContinuingOperations": "98254000", "comprehensiveIncomeNetOfTax": "None", "ebit": "89105000", "ebitda": "102090000", "netIncome": "98254000"}, {"fiscalDateEnding": "2021-03-31", "reportedCurrency": "USD", "grossProfit": "407729000", "totalRevenue": "550646000", "costOfRevenue": "142917000", "costofGoodsAndServicesSold": "142917000", "operatingIncome": "150637000", "sellingGeneralAndAdministrative": "52182000", "researchAndDevelopment": "53706000", "operatingExpenses": "257092000", "investmentIncomeNet": "None", "netInterestIncome": "-706000", "interestIncome": "979000", "interestExpense": "1685000", "nonInterestIncome": "None", "otherNonOperatingIncome": "8776000", "depreciation": "None", "depreciationAndAmortization": "13080000", "incomeBeforeTax": "157728000", "incomeTaxExpense": "13962000", "interestAndDebtExpense": "None", "netIncomeFromContinuingOperations": "143766000", "comprehensiveIncomeNetOfTax": "None", "ebit": "150637000", "ebitda": "163717000", "netIncome": "143766000"}, {"fiscalDateEnding": "2020-12-31", "reportedCurrency": "USD", "grossProfit": "466575000", "totalRevenue": "617355000", "costOfRevenue": "150780000", "costofGoodsAndServicesSold": "150780000", "operatingIncome": "161335000", "sellingGeneralAndAdministrative": "43318000", "researchAndDevelopment": "51157000", "operatingExpenses": "305240000", "investmentIncomeNet": "None", "netInterestIncome": "-10818000", "interestIncome": "599000", "interestExpense": "11417000", "nonInterestIncome": "None", "otherNonOperatingIncome": "3389000", "depreciation": "None", "depreciationAndAmortization": "13101000", "incomeBeforeTax": "153307000", "incomeTaxExpense": "4769000", "interestAndDebtExpense": "None", "netIncomeFromContinuingOperations": "148538000", "comprehensiveIncomeNetOfTax": "None", "ebit": "164724000", "ebitda": "177825000", "netIncome": "148538000"}, {"fiscalDateEnding": "2020-09-30", "reportedCurrency": "USD", "grossProfit": "331310000", "totalRevenue": "451478000", "costOfRevenue": "120168000", "costofGoodsAndServicesSold": "120168000", "operatingIncome": "118169000", "sellingGeneralAndAdministrative": "40454000", "researchAndDevelopment": "45908000", "operatingExpenses": "213141000", "investmentIncomeNet": "None", "netInterestIncome": "-9457000", "interestIncome": "1158000", "interestExpense": "10615000", "nonInterestIncome": "None", "otherNonOperatingIncome": "-17161000", "depreciation": "None", "depreciationAndAmortization": "15754000", "incomeBeforeTax": "90393000", "incomeTaxExpense": "-1368000", "interestAndDebtExpense": "None", "netIncomeFromContinuingOperations": "91761000", "comprehensiveIncomeNetOfTax": "None", "ebit": "101008000", "ebitda": "116762000", "netIncome": "91761000"}, {"fiscalDateEnding": "2020-06-30", "reportedCurrency": "USD", "grossProfit": "317356000", "totalRevenue": "428737000", "costOfRevenue": "111381000", "costofGoodsAndServicesSold": "111381000", "operatingIncome": "119140000", "sellingGeneralAndAdministrative": "38276000", "researchAndDevelopment": "45233000", "operatingExpenses": "198216000", "investmentIncomeNet": "None", "netInterestIncome": "-8294000", "interestIncome": "1732000", "interestExpense": "10026000", "nonInterestIncome": "None", "otherNonOperatingIncome": "3202000", "depreciation": "None", "depreciationAndAmortization": "14171000", "incomeBeforeTax": "112316000", "incomeTaxExpense": "15891000", "interestAndDebtExpense": "None", "netIncomeFromContinuingOperations": "96425000", "comprehensiveIncomeNetOfTax": "None", "ebit": "122342000", "ebitda": "136513000", "netIncome": "96425000"}, {"fiscalDateEnding": "2020-03-31", "reportedCurrency": "USD", "grossProfit": "145639000", "totalRevenue": "228055000", "costOfRevenue": "82416000", "costofGoodsAndServicesSold": "82416000", "operatingIncome": "25365000", "sellingGeneralAndAdministrative": "33987000", "researchAndDevelopment": "37782000", "operatingExpenses": "120274000", "investmentIncomeNet": "None", "netInterestIncome": "-6354000", "interestIncome": "3613000", "interestExpense": "9967000", "nonInterestIncome": "None", "otherNonOperatingIncome": "-5705000", "depreciation": "None", "depreciationAndAmortization": "15163000", "incomeBeforeTax": "9693000", "incomeTaxExpense": "-2829000", "interestAndDebtExpense": "None", "netIncomeFromContinuingOperations": "12522000", "comprehensiveIncomeNetOfTax": "None", "ebit": "19660000", "ebitda": "34823000", "netIncome": "12522000"}, {"fiscalDateEnding": "2019-12-31", "reportedCurrency": "USD", "grossProfit": "179174000", "totalRevenue": "269998000", "costOfRevenue": "90824000", "costofGoodsAndServicesSold": "90824000", "operatingIncome": "25038000", "sellingGeneralAndAdministrative": "34401000", "researchAndDevelopment": "35701000", "operatingExpenses": "154136000", "investmentIncomeNet": "None", "netInterestIncome": "-6372000", "interestIncome": "3540000", "interestExpense": "9912000", "nonInterestIncome": "None", "otherNonOperatingIncome": "7625000", "depreciation": "None", "depreciationAndAmortization": "15271000", "incomeBeforeTax": "22751000", "incomeTaxExpense": "-8540000", "interestAndDebtExpense": "None", "netIncomeFromContinuingOperations": "31291000", "comprehensiveIncomeNetOfTax": "None", "ebit": "32663000", "ebitda": "47934000", "netIncome": "31291000"}, {"fiscalDateEnding": "2019-09-30", "reportedCurrency": "USD", "grossProfit": "128998000", "totalRevenue": "197947000", "costOfRevenue": "68949000", "costofGoodsAndServicesSold": "68949000", "operatingIncome": "14232000", "sellingGeneralAndAdministrative": "32203000", "researchAndDevelopment": "32465000", "operatingExpenses": "114766000", "investmentIncomeNet": "None", "netInterestIncome": "-2194000", "interestIncome": "2883000", "interestExpense": "5077000", "nonInterestIncome": "None", "otherNonOperatingIncome": "934000", "depreciation": "None", "depreciationAndAmortization": "12808000", "incomeBeforeTax": "10089000", "incomeTaxExpense": "-4712000", "interestAndDebtExpense": "None", "netIncomeFromContinuingOperations": "14801000", "comprehensiveIncomeNetOfTax": "None", "ebit": "15166000", "ebitda": "27974000", "netIncome": "14801000"}, {"fiscalDateEnding": "2019-06-30", "reportedCurrency": "USD", "grossProfit": "122490000", "totalRevenue": "181095000", "costOfRevenue": "58605000", "costofGoodsAndServicesSold": "58605000", "operatingIncome": "17848000", "sellingGeneralAndAdministrative": "29883000", "researchAndDevelopment": "28765000", "operatingExpenses": "104642000", "investmentIncomeNet": "None", "netInterestIncome": "-1287000", "interestIncome": "3391000", "interestExpense": "4678000", "nonInterestIncome": "None", "otherNonOperatingIncome": "3199000", "depreciation": "None", "depreciationAndAmortization": "9810000", "incomeBeforeTax": "16369000", "incomeTaxExpense": "-1854000", "interestAndDebtExpense": "None", "netIncomeFromContinuingOperations": "18223000", "comprehensiveIncomeNetOfTax": "None", "ebit": "21047000", "ebitda": "30857000", "netIncome": "18223000"}, {"fiscalDateEnding": "2019-03-31", "reportedCurrency": "USD", "grossProfit": "116681000", "totalRevenue": "169339000", "costOfRevenue": "52658000", "costofGoodsAndServicesSold": "52658000", "operatingIncome": "31643000", "sellingGeneralAndAdministrative": "24647000", "researchAndDevelopment": "24947000", "operatingExpenses": "85038000", "investmentIncomeNet": "None", "netInterestIncome": "-1268000", "interestIncome": "206000", "interestExpense": "4653000", "nonInterestIncome": "None", "otherNonOperatingIncome": "4447000", "depreciation": "None", "depreciationAndAmortization": "10142000", "incomeBeforeTax": "31437000", "incomeTaxExpense": "-142000", "interestAndDebtExpense": "None", "netIncomeFromContinuingOperations": "31579000", "comprehensiveIncomeNetOfTax": "None", "ebit": "36090000", "ebitda": "46232000", "netIncome": "31579000"}, {"fiscalDateEnding": "2018-12-31", "reportedCurrency": "USD", "grossProfit": "142917000", "totalRevenue": "200028000", "costOfRevenue": "57111000", "costofGoodsAndServicesSold": "57111000", "operatingIncome": "29489000", "sellingGeneralAndAdministrative": "21524000", "researchAndDevelopment": "28542000", "operatingExpenses": "113428000", "investmentIncomeNet": "None", "netInterestIncome": "None", "interestIncome": "None", "interestExpense": "6154000", "nonInterestIncome": "None", "otherNonOperatingIncome": "-459000", "depreciation": "None", "depreciationAndAmortization": "7626000", "incomeBeforeTax": "22876000", "incomeTaxExpense": "-18375000", "interestAndDebtExpense": "None", "netIncomeFromContinuingOperations": "41251000", "comprehensiveIncomeNetOfTax": "None", "ebit": "29030000", "ebitda": "36656000", "netIncome": "41251000"}, {"fiscalDateEnding": "2018-09-30", "reportedCurrency": "USD", "grossProfit": "103419000", "totalRevenue": "150366000", "costOfRevenue": "46947000", "costofGoodsAndServicesSold": "46947000", "operatingIncome": "18737000", "sellingGeneralAndAdministrative": "20748000", "researchAndDevelopment": "24418000", "operatingExpenses": "84682000", "investmentIncomeNet": "None", "netInterestIncome": "None", "interestIncome": "None", "interestExpense": "6135000", "nonInterestIncome": "None", "otherNonOperatingIncome": "1994000", "depreciation": "None", "depreciationAndAmortization": "6439000", "incomeBeforeTax": "14596000", "incomeTaxExpense": "-5298000", "interestAndDebtExpense": "None", "netIncomeFromContinuingOperations": "19894000", "comprehensiveIncomeNetOfTax": "None", "ebit": "20731000", "ebitda": "27170000", "netIncome": "19894000"}, {"fiscalDateEnding": "2018-06-30", "reportedCurrency": "USD", "grossProfit": "86978000", "totalRevenue": "132387000", "costOfRevenue": "45409000", "costofGoodsAndServicesSold": "45409000", "operatingIncome": "12762000", "sellingGeneralAndAdministrative": "21707000", "researchAndDevelopment": "23568000", "operatingExpenses": "74216000", "investmentIncomeNet": "None", "netInterestIncome": "None", "interestIncome": "None", "interestExpense": "6125000", "nonInterestIncome": "None", "otherNonOperatingIncome": "-2012000", "depreciation": "None", "depreciationAndAmortization": "6357000", "incomeBeforeTax": "4625000", "incomeTaxExpense": "1246000", "interestAndDebtExpense": "None", "netIncomeFromContinuingOperations": "3379000", "comprehensiveIncomeNetOfTax": "None", "ebit": "10750000", "ebitda": "17107000", "netIncome": "3379000"}, {"fiscalDateEnding": "2018-03-31", "reportedCurrency": "USD", "grossProfit": "79617000", "totalRevenue": "120912000", "costOfRevenue": "41295000", "costofGoodsAndServicesSold": "41295000", "operatingIncome": "13798000", "sellingGeneralAndAdministrative": "18904000", "researchAndDevelopment": "20721000", "operatingExpenses": "65819000", "investmentIncomeNet": "None", "netInterestIncome": "None", "interestIncome": "None", "interestExpense": "3764000", "nonInterestIncome": "None", "otherNonOperatingIncome": "2947000", "depreciation": "None", "depreciationAndAmortization": "6320000", "incomeBeforeTax": "12981000", "incomeTaxExpense": "14000", "interestAndDebtExpense": "None", "netIncomeFromContinuingOperations": "12967000", "comprehensiveIncomeNetOfTax": "None", "ebit": "16745000", "ebitda": "23065000", "netIncome": "12967000"}, {"fiscalDateEnding": "2017-12-31", "reportedCurrency": "USD", "grossProfit": "92048000", "totalRevenue": "136268000", "costOfRevenue": "44220000", "costofGoodsAndServicesSold": "44220000", "operatingIncome": "18290000", "sellingGeneralAndAdministrative": "18218000", "researchAndDevelopment": "17788000", "operatingExpenses": "73758000", "investmentIncomeNet": "None", "netInterestIncome": "None", "interestIncome": "None", "interestExpense": "2935000", "nonInterestIncome": "None", "otherNonOperatingIncome": "2911000", "depreciation": "None", "depreciationAndAmortization": "6577000", "incomeBeforeTax": "18266000", "incomeTaxExpense": "-26484000", "interestAndDebtExpense": "None", "netIncomeFromContinuingOperations": "44750000", "comprehensiveIncomeNetOfTax": "None", "ebit": "21201000", "ebitda": "27778000", "netIncome": "44750000"}, {"fiscalDateEnding": "2017-09-30", "reportedCurrency": "USD", "grossProfit": "69997000", "totalRevenue": "106380000", "costOfRevenue": "36383000", "costofGoodsAndServicesSold": "36383000", "operatingIncome": "7425000", "sellingGeneralAndAdministrative": "22094000", "researchAndDevelopment": "16958000", "operatingExpenses": "62572000", "investmentIncomeNet": "None", "netInterestIncome": "None", "interestIncome": "None", "interestExpense": "2908000", "nonInterestIncome": "None", "otherNonOperatingIncome": "8723000", "depreciation": "None", "depreciationAndAmortization": "7022000", "incomeBeforeTax": "13240000", "incomeTaxExpense": "-12562000", "interestAndDebtExpense": "None", "netIncomeFromContinuingOperations": "25802000", "comprehensiveIncomeNetOfTax": "None", "ebit": "16148000", "ebitda": "23170000", "netIncome": "25802000"}, {"fiscalDateEnding": "2017-06-30", "reportedCurrency": "USD", "grossProfit": "65968000", "totalRevenue": "101692000", "costOfRevenue": "35724000", "costofGoodsAndServicesSold": "35724000", "operatingIncome": "-11718000", "sellingGeneralAndAdministrative": "28411000", "researchAndDevelopment": "21754000", "operatingExpenses": "77686000", "investmentIncomeNet": "None", "netInterestIncome": "None", "interestIncome": "None", "interestExpense": "2696000", "nonInterestIncome": "None", "otherNonOperatingIncome": "16646000", "depreciation": "None", "depreciationAndAmortization": "6660000", "incomeBeforeTax": "2232000", "incomeTaxExpense": "-9437000", "interestAndDebtExpense": "None", "netIncomeFromContinuingOperations": "11669000", "comprehensiveIncomeNetOfTax": "None", "ebit": "4928000", "ebitda": "11588000", "netIncome": "11669000"}, {"fiscalDateEnding": "2017-03-31", "reportedCurrency": "USD", "grossProfit": "62232000", "totalRevenue": "96891000", "costOfRevenue": "34659000", "costofGoodsAndServicesSold": "34659000", "operatingIncome": "-2101000", "sellingGeneralAndAdministrative": "22763000", "researchAndDevelopment": "18116000", "operatingExpenses": "64333000", "investmentIncomeNet": "None", "netInterestIncome": "None", "interestIncome": "None", "interestExpense": "2591000", "nonInterestIncome": "None", "otherNonOperatingIncome": "3219000", "depreciation": "None", "depreciationAndAmortization": "6938000", "incomeBeforeTax": "-1473000", "incomeTaxExpense": "-1052000", "interestAndDebtExpense": "None", "netIncomeFromContinuingOperations": "-421000", "comprehensiveIncomeNetOfTax": "None", "ebit": "1118000", "ebitda": "8056000", "netIncome": "-421000"}, {"fiscalDateEnding": "2016-12-31", "reportedCurrency": "USD", "grossProfit": "73204000", "totalRevenue": "110209000", "costOfRevenue": "37005000", "costofGoodsAndServicesSold": "37005000", "operatingIncome": "3452000", "sellingGeneralAndAdministrative": "22625000", "researchAndDevelopment": "16116000", "operatingExpenses": "69752000", "investmentIncomeNet": "None", "netInterestIncome": "None", "interestIncome": "None", "interestExpense": "2415000", "nonInterestIncome": "None", "otherNonOperatingIncome": "-17633000", "depreciation": "None", "depreciationAndAmortization": "6905000", "incomeBeforeTax": "-16596000", "incomeTaxExpense": "4787000", "interestAndDebtExpense": "None", "netIncomeFromContinuingOperations": "-21383000", "comprehensiveIncomeNetOfTax": "None", "ebit": "-14181000", "ebitda": "-7276000", "netIncome": "-21383000"}, {"fiscalDateEnding": "2016-09-30", "reportedCurrency": "USD", "grossProfit": "58248000", "totalRevenue": "87562000", "costOfRevenue": "29314000", "costofGoodsAndServicesSold": "29314000", "operatingIncome": "2673000", "sellingGeneralAndAdministrative": "21942000", "researchAndDevelopment": "14897000", "operatingExpenses": "55575000", "investmentIncomeNet": "None", "netInterestIncome": "None", "interestIncome": "None", "interestExpense": "2448000", "nonInterestIncome": "None", "otherNonOperatingIncome": "1739000", "depreciation": "None", "depreciationAndAmortization": "5786000", "incomeBeforeTax": "1964000", "incomeTaxExpense": "4363000", "interestAndDebtExpense": "None", "netIncomeFromContinuingOperations": "-2399000", "comprehensiveIncomeNetOfTax": "None", "ebit": "4412000", "ebitda": "10198000", "netIncome": "-2399000"}, {"fiscalDateEnding": "2016-06-30", "reportedCurrency": "USD", "grossProfit": "56251000", "totalRevenue": "85349000", "costOfRevenue": "29098000", "costofGoodsAndServicesSold": "29098000", "operatingIncome": "4669000", "sellingGeneralAndAdministrative": "22537000", "researchAndDevelopment": "11840000", "operatingExpenses": "51582000", "investmentIncomeNet": "None", "netInterestIncome": "None", "interestIncome": "None", "interestExpense": "1803000", "nonInterestIncome": "None", "otherNonOperatingIncome": "-5916000", "depreciation": "None", "depreciationAndAmortization": "5103000", "incomeBeforeTax": "-3050000", "incomeTaxExpense": "4261000", "interestAndDebtExpense": "None", "netIncomeFromContinuingOperations": "-7311000", "comprehensiveIncomeNetOfTax": "None", "ebit": "-1247000", "ebitda": "3856000", "netIncome": "-7311000"}, {"fiscalDateEnding": "2016-03-31", "reportedCurrency": "USD", "grossProfit": "53936000", "totalRevenue": "81847000", "costOfRevenue": "27911000", "costofGoodsAndServicesSold": "27911000", "operatingIncome": "6783000", "sellingGeneralAndAdministrative": "19076000", "researchAndDevelopment": "12230000", "operatingExpenses": "47153000", "investmentIncomeNet": "None", "netInterestIncome": "None", "interestIncome": "None", "interestExpense": "538000", "nonInterestIncome": "None", "otherNonOperatingIncome": "8561000", "depreciation": "None", "depreciationAndAmortization": "4731000", "incomeBeforeTax": "14806000", "incomeTaxExpense": "13614000", "interestAndDebtExpense": "None", "netIncomeFromContinuingOperations": "1192000", "comprehensiveIncomeNetOfTax": "None", "ebit": "15344000", "ebitda": "20075000", "netIncome": "1192000"}, {"fiscalDateEnding": "2015-12-31", "reportedCurrency": "USD", "grossProfit": "57699000", "totalRevenue": "87895000", "costOfRevenue": "30196000", "costofGoodsAndServicesSold": "30196000", "operatingIncome": "8416000", "sellingGeneralAndAdministrative": "15600000", "researchAndDevelopment": "11207000", "operatingExpenses": "49283000", "investmentIncomeNet": "None", "netInterestIncome": "None", "interestIncome": "None", "interestExpense": "470000", "nonInterestIncome": "None", "otherNonOperatingIncome": "-5838000", "depreciation": "None", "depreciationAndAmortization": "4509000", "incomeBeforeTax": "2108000", "incomeTaxExpense": "6340000", "interestAndDebtExpense": "None", "netIncomeFromContinuingOperations": "-4232000", "comprehensiveIncomeNetOfTax": "None", "ebit": "2578000", "ebitda": "7087000", "netIncome": "-4232000"}, {"fiscalDateEnding": "2015-09-30", "reportedCurrency": "USD", "grossProfit": "41531000", "totalRevenue": "65696000", "costOfRevenue": "24165000", "costofGoodsAndServicesSold": "24165000", "operatingIncome": "-1667000", "sellingGeneralAndAdministrative": "15250000", "researchAndDevelopment": "11406000", "operatingExpenses": "43198000", "investmentIncomeNet": "None", "netInterestIncome": "None", "interestIncome": "None", "interestExpense": "512000", "nonInterestIncome": "None", "otherNonOperatingIncome": "-617000", "depreciation": "None", "depreciationAndAmortization": "4968000", "incomeBeforeTax": "-2796000", "incomeTaxExpense": "4095000", "interestAndDebtExpense": "None", "netIncomeFromContinuingOperations": "-6891000", "comprehensiveIncomeNetOfTax": "None", "ebit": "-2284000", "ebitda": "2684000", "netIncome": "-6891000"}, {"fiscalDateEnding": "2015-06-30", "reportedCurrency": "USD", "grossProfit": "39456000", "totalRevenue": "61365000", "costOfRevenue": "21909000", "costofGoodsAndServicesSold": "21909000", "operatingIncome": "-3791000", "sellingGeneralAndAdministrative": "17632000", "researchAndDevelopment": "10072000", "operatingExpenses": "43247000", "investmentIncomeNet": "None", "netInterestIncome": "None", "interestIncome": "None", "interestExpense": "351000", "nonInterestIncome": "None", "otherNonOperatingIncome": "2697000", "depreciation": "None", "depreciationAndAmortization": "4732000", "incomeBeforeTax": "-1445000", "incomeTaxExpense": "4909000", "interestAndDebtExpense": "None", "netIncomeFromContinuingOperations": "-6354000", "comprehensiveIncomeNetOfTax": "None", "ebit": "-1094000", "ebitda": "3638000", "netIncome": "-6354000"}, {"fiscalDateEnding": "2015-03-31", "reportedCurrency": "USD", "grossProfit": "37834000", "totalRevenue": "58543000", "costOfRevenue": "20709000", "costofGoodsAndServicesSold": "20709000", "operatingIncome": "-4842000", "sellingGeneralAndAdministrative": "20457000", "researchAndDevelopment": "10009000", "operatingExpenses": "42676000", "investmentIncomeNet": "None", "netInterestIncome": "None", "interestIncome": "None", "interestExpense": "193000", "nonInterestIncome": "None", "otherNonOperatingIncome": "-20826000", "depreciation": "None", "depreciationAndAmortization": "4341000", "incomeBeforeTax": "-25861000", "incomeTaxExpense": "10725000", "interestAndDebtExpense": "None", "netIncomeFromContinuingOperations": "-36586000", "comprehensiveIncomeNetOfTax": "None", "ebit": "-25668000", "ebitda": "-21327000", "netIncome": "-36586000"}, {"fiscalDateEnding": "2014-12-31", "reportedCurrency": "USD", "grossProfit": "42133000", "totalRevenue": "64912000", "costOfRevenue": "22779000", "costofGoodsAndServicesSold": "22779000", "operatingIncome": "176000", "sellingGeneralAndAdministrative": "17621000", "researchAndDevelopment": "9723000", "operatingExpenses": "41957000", "investmentIncomeNet": "None", "netInterestIncome": "None", "interestIncome": "None", "interestExpense": "235000", "nonInterestIncome": "None", "otherNonOperatingIncome": "None", "depreciation": "None", "depreciationAndAmortization": "4731000", "incomeBeforeTax": "-2255000", "incomeTaxExpense": "3103000", "interestAndDebtExpense": "None", "netIncomeFromContinuingOperations": "-15243000", "comprehensiveIncomeNetOfTax": "None", "ebit": "-2020000", "ebitda": "2711000", "netIncome": "-5358000"}, {"fiscalDateEnding": "2014-09-30", "reportedCurrency": "USD", "grossProfit": "29519000", "totalRevenue": "47634000", "costOfRevenue": "18115000", "costofGoodsAndServicesSold": "18115000", "operatingIncome": "-3052000", "sellingGeneralAndAdministrative": "13686000", "researchAndDevelopment": "10077000", "operatingExpenses": "32571000", "investmentIncomeNet": "None", "netInterestIncome": "None", "interestIncome": "None", "interestExpense": "177000", "nonInterestIncome": "None", "otherNonOperatingIncome": "None", "depreciation": "None", "depreciationAndAmortization": "4465000", "incomeBeforeTax": "-4196000", "incomeTaxExpense": "2075000", "interestAndDebtExpense": "None", "netIncomeFromContinuingOperations": "0", "comprehensiveIncomeNetOfTax": "None", "ebit": "-4019000", "ebitda": "446000", "netIncome": "-6271000"}, {"fiscalDateEnding": "2014-06-30", "reportedCurrency": "USD", "grossProfit": "25164000", "totalRevenue": "42509000", "costOfRevenue": "17345000", "costofGoodsAndServicesSold": "17345000", "operatingIncome": "-3794000", "sellingGeneralAndAdministrative": "11400000", "researchAndDevelopment": "8792000", "operatingExpenses": "28958000", "investmentIncomeNet": "None", "netInterestIncome": "None", "interestIncome": "None", "interestExpense": "121000", "nonInterestIncome": "None", "otherNonOperatingIncome": "None", "depreciation": "None", "depreciationAndAmortization": "4132000", "incomeBeforeTax": "-3559000", "incomeTaxExpense": "-408000", "interestAndDebtExpense": "None", "netIncomeFromContinuingOperations": "0", "comprehensiveIncomeNetOfTax": "None", "ebit": "-3438000", "ebitda": "694000", "netIncome": "-3151000"}, {"fiscalDateEnding": "2014-03-31", "reportedCurrency": "USD", "grossProfit": "25142000", "totalRevenue": "40536000", "costOfRevenue": "15394000", "costofGoodsAndServicesSold": "15394000", "operatingIncome": "419000", "sellingGeneralAndAdministrative": "9213000", "researchAndDevelopment": "8042000", "operatingExpenses": "24723000", "investmentIncomeNet": "None", "netInterestIncome": "None", "interestIncome": "None", "interestExpense": "57000", "nonInterestIncome": "None", "otherNonOperatingIncome": "None", "depreciation": "None", "depreciationAndAmortization": "3895000", "incomeBeforeTax": "-250000", "incomeTaxExpense": "213000", "interestAndDebtExpense": "None", "netIncomeFromContinuingOperations": "0", "comprehensiveIncomeNetOfTax": "None", "ebit": "-193000", "ebitda": "3702000", "netIncome": "-463000"}, {"fiscalDateEnding": "2013-12-31", "reportedCurrency": "USD", "grossProfit": "25336000", "totalRevenue": "41557000", "costOfRevenue": "16221000", "costofGoodsAndServicesSold": "16221000", "operatingIncome": "1456000", "sellingGeneralAndAdministrative": "8497000", "researchAndDevelopment": "14063000", "operatingExpenses": "23930000", "investmentIncomeNet": "None", "netInterestIncome": "None", "interestIncome": "None", "interestExpense": "54000", "nonInterestIncome": "None", "otherNonOperatingIncome": "None", "depreciation": "None", "depreciationAndAmortization": "1848000", "incomeBeforeTax": "1311000", "incomeTaxExpense": "4147000", "interestAndDebtExpense": "None", "netIncomeFromContinuingOperations": "0", "comprehensiveIncomeNetOfTax": "None", "ebit": "1456000", "ebitda": "3304000", "netIncome": "-2836000"}, {"fiscalDateEnding": "2013-09-30", "reportedCurrency": "USD", "grossProfit": "18432000", "totalRevenue": "29956000", "costOfRevenue": "11524000", "costofGoodsAndServicesSold": "11524000", "operatingIncome": "-534000", "sellingGeneralAndAdministrative": "7828000", "researchAndDevelopment": "7050000", "operatingExpenses": "19086000", "investmentIncomeNet": "None", "netInterestIncome": "None", "interestIncome": "None", "interestExpense": "39000", "nonInterestIncome": "None", "otherNonOperatingIncome": "None", "depreciation": "None", "depreciationAndAmortization": "1482000", "incomeBeforeTax": "-678000", "incomeTaxExpense": "-1870000", "interestAndDebtExpense": "None", "netIncomeFromContinuingOperations": "0", "comprehensiveIncomeNetOfTax": "None", "ebit": "-534000", "ebitda": "948000", "netIncome": "1192000"}, {"fiscalDateEnding": "2013-06-30", "reportedCurrency": "USD", "grossProfit": "16889000", "totalRevenue": "27364000", "costOfRevenue": "10475000", "costofGoodsAndServicesSold": "10475000", "operatingIncome": "-515000", "sellingGeneralAndAdministrative": "7474000", "researchAndDevelopment": "6750000", "operatingExpenses": "17575499", "investmentIncomeNet": "None", "netInterestIncome": "None", "interestIncome": "None", "interestExpense": "86000", "nonInterestIncome": "None", "otherNonOperatingIncome": "None", "depreciation": "None", "depreciationAndAmortization": "1375000", "incomeBeforeTax": "-755000", "incomeTaxExpense": "-1865000", "interestAndDebtExpense": "None", "netIncomeFromContinuingOperations": "0", "comprehensiveIncomeNetOfTax": "None", "ebit": "-515000", "ebitda": "860000", "netIncome": "1110000"}, {"fiscalDateEnding": "2013-03-31", "reportedCurrency": "USD", "grossProfit": "16737000", "totalRevenue": "26754000", "costOfRevenue": "10017000", "costofGoodsAndServicesSold": "10017000", "operatingIncome": "-94000", "sellingGeneralAndAdministrative": "6492000", "researchAndDevelopment": "8406500", "operatingExpenses": "16956000", "investmentIncomeNet": "None", "netInterestIncome": "None", "interestIncome": "None", "interestExpense": "77000", "nonInterestIncome": "None", "otherNonOperatingIncome": "None", "depreciation": "None", "depreciationAndAmortization": "1375000", "incomeBeforeTax": "-287500", "incomeTaxExpense": "711500", "interestAndDebtExpense": "None", "netIncomeFromContinuingOperations": "0", "comprehensiveIncomeNetOfTax": "None", "ebit": "-94000", "ebitda": "1281000", "netIncome": "175000"}]}