{"symbol": "WHR", "annualReports": [{"fiscalDateEnding": "2025-12-31", "reportedCurrency": "USD", "grossProfit": "2360000000", "totalRevenue": "15524000000", "costOfRevenue": "13164000000", "costofGoodsAndServicesSold": "13164000000", "operatingIncome": "727000000", "sellingGeneralAndAdministrative": "1633000000", "researchAndDevelopment": "None", "operatingExpenses": "1633000000", "investmentIncomeNet": "None", "netInterestIncome": "-321000000", "interestIncome": "321000000", "interestExpense": "341000000", "nonInterestIncome": "None", "otherNonOperatingIncome": "None", "depreciation": "None", "depreciationAndAmortization": "338000000", "incomeBeforeTax": "482000000", "incomeTaxExpense": "142000000", "interestAndDebtExpense": "None", "netIncomeFromContinuingOperations": "341000000", "comprehensiveIncomeNetOfTax": "None", "ebit": "823000000", "ebitda": "1161000000", "netIncome": "317000000"}, {"fiscalDateEnding": "2024-12-31", "reportedCurrency": "USD", "grossProfit": "2553000000", "totalRevenue": "16606000000", "costOfRevenue": "14053000000", "costofGoodsAndServicesSold": "14053000000", "operatingIncome": "870000000", "sellingGeneralAndAdministrative": "1684000000", "researchAndDevelopment": "405000000", "operatingExpenses": "1683000000", "investmentIncomeNet": "None", "netInterestIncome": "-331000000", "interestIncome": "27000000", "interestExpense": "358000000", "nonInterestIncome": "None", "otherNonOperatingIncome": "None", "depreciation": "None", "depreciationAndAmortization": "333000000", "incomeBeforeTax": "-295000000", "incomeTaxExpense": "10000000", "interestAndDebtExpense": "None", "netIncomeFromContinuingOperations": "-305000000", "comprehensiveIncomeNetOfTax": "None", "ebit": "170000000", "ebitda": "503000000", "netIncome": "-323000000"}, {"fiscalDateEnding": "2023-12-31", "reportedCurrency": "USD", "grossProfit": "3193000000", "totalRevenue": "19457000000", "costOfRevenue": "16264000000", "costofGoodsAndServicesSold": "16264000000", "operatingIncome": "1200000000", "sellingGeneralAndAdministrative": "1973000000", "researchAndDevelopment": "473000000", "operatingExpenses": "1993000000", "investmentIncomeNet": "None", "netInterestIncome": "-426000000", "interestIncome": "422000000", "interestExpense": "351000000", "nonInterestIncome": "None", "otherNonOperatingIncome": "None", "depreciation": "None", "depreciationAndAmortization": "361000000", "incomeBeforeTax": "565000000", "incomeTaxExpense": "77000000", "interestAndDebtExpense": "None", "netIncomeFromContinuingOperations": "-1608000000", "comprehensiveIncomeNetOfTax": "None", "ebit": "944000000", "ebitda": "1305000000", "netIncome": "481000000"}, {"fiscalDateEnding": "2022-12-31", "reportedCurrency": "USD", "grossProfit": "3025000000", "totalRevenue": "19724000000", "costOfRevenue": "16699000000", "costofGoodsAndServicesSold": "16699000000", "operatingIncome": "1205000000", "sellingGeneralAndAdministrative": "1820000000", "researchAndDevelopment": "465000000", "operatingExpenses": "1820000000", "investmentIncomeNet": "None", "netInterestIncome": "-171000000", "interestIncome": "171000000", "interestExpense": "190000000", "nonInterestIncome": "None", "otherNonOperatingIncome": "None", "depreciation": "None", "depreciationAndAmortization": "475000000", "incomeBeforeTax": "-1246000000", "incomeTaxExpense": "265000000", "interestAndDebtExpense": "None", "netIncomeFromContinuingOperations": "-1511000000", "comprehensiveIncomeNetOfTax": "None", "ebit": "-1037000000", "ebitda": "-562000000", "netIncome": "-1519000000"}, {"fiscalDateEnding": "2021-12-31", "reportedCurrency": "USD", "grossProfit": "4425000000", "totalRevenue": "21983000000", "costOfRevenue": "17558000000", "costofGoodsAndServicesSold": "17558000000", "operatingIncome": "2344000000", "sellingGeneralAndAdministrative": "2081000000", "researchAndDevelopment": "485000000", "operatingExpenses": "2081000000", "investmentIncomeNet": "None", "netInterestIncome": "-16000000", "interestIncome": "159000000", "interestExpense": "175000000", "nonInterestIncome": "None", "otherNonOperatingIncome": "-8000000", "depreciation": "None", "depreciationAndAmortization": "494000000", "incomeBeforeTax": "2324000000", "incomeTaxExpense": "518000000", "interestAndDebtExpense": "None", "netIncomeFromContinuingOperations": "1806000000", "comprehensiveIncomeNetOfTax": "None", "ebit": "2507000000", "ebitda": "3001000000", "netIncome": "1783000000"}, {"fiscalDateEnding": "2020-12-31", "reportedCurrency": "USD", "grossProfit": "3783000000", "totalRevenue": "19449000000", "costOfRevenue": "15666000000", "costofGoodsAndServicesSold": "15666000000", "operatingIncome": "1906000000", "sellingGeneralAndAdministrative": "1877000000", "researchAndDevelopment": "455000000", "operatingExpenses": "1877000000", "investmentIncomeNet": "None", "netInterestIncome": "-168000000", "interestIncome": "21000000", "interestExpense": "189000000", "nonInterestIncome": "None", "otherNonOperatingIncome": "None", "depreciation": "None", "depreciationAndAmortization": "568000000", "incomeBeforeTax": "1447000000", "incomeTaxExpense": "382000000", "interestAndDebtExpense": "None", "netIncomeFromContinuingOperations": "1071000000", "comprehensiveIncomeNetOfTax": "None", "ebit": "1636000000", "ebitda": "2204000000", "netIncome": "1075000000"}, {"fiscalDateEnding": "2019-12-31", "reportedCurrency": "USD", "grossProfit": "3273000000", "totalRevenue": "20423000000", "costOfRevenue": "17150000000", "costofGoodsAndServicesSold": "17150000000", "operatingIncome": "1115000000", "sellingGeneralAndAdministrative": "2142000000", "researchAndDevelopment": "541000000", "operatingExpenses": "2158000000", "investmentIncomeNet": "None", "netInterestIncome": "-19000000", "interestIncome": "168000000", "interestExpense": "187000000", "nonInterestIncome": "None", "otherNonOperatingIncome": "168000000", "depreciation": "None", "depreciationAndAmortization": "587000000", "incomeBeforeTax": "1552000000", "incomeTaxExpense": "354000000", "interestAndDebtExpense": "None", "netIncomeFromContinuingOperations": "1198000000", "comprehensiveIncomeNetOfTax": "None", "ebit": "1738000000", "ebitda": "2325000000", "netIncome": "1184000000"}, {"fiscalDateEnding": "2018-12-31", "reportedCurrency": "USD", "grossProfit": "3354000000", "totalRevenue": "21037000000", "costOfRevenue": "17683000000", "costofGoodsAndServicesSold": "17683000000", "operatingIncome": "1165000000", "sellingGeneralAndAdministrative": "2189000000", "researchAndDevelopment": "572000000", "operatingExpenses": "2189000000", "investmentIncomeNet": "None", "netInterestIncome": "-300000000", "interestIncome": "108000000", "interestExpense": "300000000", "nonInterestIncome": "None", "otherNonOperatingIncome": "-108000000", "depreciation": "None", "depreciationAndAmortization": "645000000", "incomeBeforeTax": "-21000000", "incomeTaxExpense": "138000000", "interestAndDebtExpense": "None", "netIncomeFromContinuingOperations": "-159000000", "comprehensiveIncomeNetOfTax": "None", "ebit": "170000000", "ebitda": "815000000", "netIncome": "-183000000"}, {"fiscalDateEnding": "2017-12-31", "reportedCurrency": "USD", "grossProfit": "3602000000", "totalRevenue": "21253000000", "costOfRevenue": "17651000000", "costofGoodsAndServicesSold": "17651000000", "operatingIncome": "1490000000", "sellingGeneralAndAdministrative": "2112000000", "researchAndDevelopment": "596000000", "operatingExpenses": "2112000000", "investmentIncomeNet": "None", "netInterestIncome": "-249000000", "interestIncome": "249000000", "interestExpense": "249000000", "nonInterestIncome": "None", "otherNonOperatingIncome": "-87000000", "depreciation": "None", "depreciationAndAmortization": "654000000", "incomeBeforeTax": "887000000", "incomeTaxExpense": "550000000", "interestAndDebtExpense": "None", "netIncomeFromContinuingOperations": "337000000", "comprehensiveIncomeNetOfTax": "None", "ebit": "1048000000", "ebitda": "1702000000", "netIncome": "350000000"}, {"fiscalDateEnding": "2016-12-31", "reportedCurrency": "USD", "grossProfit": "3575000000", "totalRevenue": "20718000000", "costOfRevenue": "17143000000", "costofGoodsAndServicesSold": "17143000000", "operatingIncome": "1491000000", "sellingGeneralAndAdministrative": "2084000000", "researchAndDevelopment": "604000000", "operatingExpenses": "2084000000", "investmentIncomeNet": "None", "netInterestIncome": "-240000000", "interestIncome": "254000000", "interestExpense": "240000000", "nonInterestIncome": "None", "otherNonOperatingIncome": "-79000000", "depreciation": "None", "depreciationAndAmortization": "655000000", "incomeBeforeTax": "1114000000", "incomeTaxExpense": "186000000", "interestAndDebtExpense": "None", "netIncomeFromContinuingOperations": "928000000", "comprehensiveIncomeNetOfTax": "None", "ebit": "1274000000", "ebitda": "1929000000", "netIncome": "888000000"}, {"fiscalDateEnding": "2015-12-31", "reportedCurrency": "USD", "grossProfit": "3617000000", "totalRevenue": "20891000000", "costOfRevenue": "17274000000", "costofGoodsAndServicesSold": "17274000000", "operatingIncome": "1487000000", "sellingGeneralAndAdministrative": "2130000000", "researchAndDevelopment": "579000000", "operatingExpenses": "2130000000", "investmentIncomeNet": "None", "netInterestIncome": "None", "interestIncome": "211000000", "interestExpense": "254000000", "nonInterestIncome": "None", "otherNonOperatingIncome": "-89000000", "depreciation": "None", "depreciationAndAmortization": "668000000", "incomeBeforeTax": "1031000000", "incomeTaxExpense": "209000000", "interestAndDebtExpense": "None", "netIncomeFromContinuingOperations": "822000000", "comprehensiveIncomeNetOfTax": "None", "ebit": "1195000000", "ebitda": "1863000000", "netIncome": "783000000"}, {"fiscalDateEnding": "2014-12-31", "reportedCurrency": "USD", "grossProfit": "3350000000", "totalRevenue": "19872000000", "costOfRevenue": "16522000000", "costofGoodsAndServicesSold": "16522000000", "operatingIncome": "1359000000", "sellingGeneralAndAdministrative": "2038000000", "researchAndDevelopment": "563000000", "operatingExpenses": "1991000000", "investmentIncomeNet": "None", "netInterestIncome": "None", "interestIncome": "None", "interestExpense": "307000000", "nonInterestIncome": "None", "otherNonOperatingIncome": "-142000000", "depreciation": "None", "depreciationAndAmortization": "560000000", "incomeBeforeTax": "881000000", "incomeTaxExpense": "189000000", "interestAndDebtExpense": "None", "netIncomeFromContinuingOperations": "692000000", "comprehensiveIncomeNetOfTax": "None", "ebit": "1045000000", "ebitda": "1605000000", "netIncome": "650000000"}, {"fiscalDateEnding": "2013-12-31", "reportedCurrency": "USD", "grossProfit": "3294000000", "totalRevenue": "18769000000", "costOfRevenue": "15475000000", "costofGoodsAndServicesSold": "15475000000", "operatingIncome": "1466000000", "sellingGeneralAndAdministrative": "1828000000", "researchAndDevelopment": "582000000", "operatingExpenses": "1828000000", "investmentIncomeNet": "None", "netInterestIncome": "None", "interestIncome": "None", "interestExpense": "332000000", "nonInterestIncome": "None", "otherNonOperatingIncome": "-155000000", "depreciation": "None", "depreciationAndAmortization": "540000000", "incomeBeforeTax": "917000000", "incomeTaxExpense": "68000000", "interestAndDebtExpense": "None", "netIncomeFromContinuingOperations": "849000000", "comprehensiveIncomeNetOfTax": "None", "ebit": "1093000000", "ebitda": "1633000000", "netIncome": "827000000"}, {"fiscalDateEnding": "2012-12-31", "reportedCurrency": "USD", "grossProfit": "2835000000", "totalRevenue": "18143000000", "costOfRevenue": "15308000000", "costofGoodsAndServicesSold": "15308000000", "operatingIncome": "1082000000", "sellingGeneralAndAdministrative": "1757000000", "researchAndDevelopment": "553000000", "operatingExpenses": "1753000000", "investmentIncomeNet": "None", "netInterestIncome": "None", "interestIncome": "None", "interestExpense": "311000000", "nonInterestIncome": "None", "otherNonOperatingIncome": "-112000000", "depreciation": "None", "depreciationAndAmortization": "551000000", "incomeBeforeTax": "558000000", "incomeTaxExpense": "133000000", "interestAndDebtExpense": "None", "netIncomeFromContinuingOperations": "425000000", "comprehensiveIncomeNetOfTax": "None", "ebit": "756000000", "ebitda": "1307000000", "netIncome": "401000000"}, {"fiscalDateEnding": "2011-12-31", "reportedCurrency": "USD", "grossProfit": "2453000000", "totalRevenue": "18666000000", "costOfRevenue": "16213000000", "costofGoodsAndServicesSold": "16213000000", "operatingIncome": "832000000", "sellingGeneralAndAdministrative": "1621000000", "researchAndDevelopment": "578000000", "operatingExpenses": "1621000000", "investmentIncomeNet": "None", "netInterestIncome": "None", "interestIncome": "None", "interestExpense": "820000000", "nonInterestIncome": "None", "otherNonOperatingIncome": "-607000000", "depreciation": "None", "depreciationAndAmortization": "558000000", "incomeBeforeTax": "-28000000", "incomeTaxExpense": "-436000000", "interestAndDebtExpense": "None", "netIncomeFromContinuingOperations": "408000000", "comprehensiveIncomeNetOfTax": "None", "ebit": "185000000", "ebitda": "743000000", "netIncome": "390000000"}, {"fiscalDateEnding": "2010-12-31", "reportedCurrency": "USD", "grossProfit": "2610000000", "totalRevenue": "18366000000", "costOfRevenue": "15756000000", "costofGoodsAndServicesSold": "15756000000", "operatingIncome": "1005000000", "sellingGeneralAndAdministrative": "1604000000", "researchAndDevelopment": "516000000", "operatingExpenses": "1605000000", "investmentIncomeNet": "None", "netInterestIncome": "None", "interestIncome": "None", "interestExpense": "225000000", "nonInterestIncome": "None", "otherNonOperatingIncome": "None", "depreciation": "None", "depreciationAndAmortization": "555000000", "incomeBeforeTax": "586000000", "incomeTaxExpense": "-64000000", "interestAndDebtExpense": "None", "netIncomeFromContinuingOperations": "None", "comprehensiveIncomeNetOfTax": "None", "ebit": "811000000", "ebitda": "1366000000", "netIncome": "619000000"}, {"fiscalDateEnding": "2009-12-31", "reportedCurrency": "USD", "grossProfit": "2390000000", "totalRevenue": "17099000000", "costOfRevenue": "14709000000", "costofGoodsAndServicesSold": "14709000000", "operatingIncome": "845000000", "sellingGeneralAndAdministrative": "1544000000", "researchAndDevelopment": "455000000", "operatingExpenses": "1545000000", "investmentIncomeNet": "None", "netInterestIncome": "None", "interestIncome": "None", "interestExpense": "219000000", "nonInterestIncome": "None", "otherNonOperatingIncome": "None", "depreciation": "None", "depreciationAndAmortization": "525000000", "incomeBeforeTax": "293000000", "incomeTaxExpense": "-61000000", "interestAndDebtExpense": "None", "netIncomeFromContinuingOperations": "None", "comprehensiveIncomeNetOfTax": "None", "ebit": "514000000", "ebitda": "1039000000", "netIncome": "328000000"}, {"fiscalDateEnding": "2008-12-31", "reportedCurrency": "USD", "grossProfit": "2470000000", "totalRevenue": "18907000000", "costOfRevenue": "16437000000", "costofGoodsAndServicesSold": "16437000000", "operatingIncome": "653000000", "sellingGeneralAndAdministrative": "1798000000", "researchAndDevelopment": "436000000", "operatingExpenses": "1817000000", "investmentIncomeNet": "None", "netInterestIncome": "None", "interestIncome": "None", "interestExpense": "203000000", "nonInterestIncome": "None", "otherNonOperatingIncome": "None", "depreciation": "None", "depreciationAndAmortization": "597000000", "incomeBeforeTax": "246000000", "incomeTaxExpense": "-201000000", "interestAndDebtExpense": "None", "netIncomeFromContinuingOperations": "None", "comprehensiveIncomeNetOfTax": "None", "ebit": "449000000", "ebitda": "1046000000", "netIncome": "418000000"}, {"fiscalDateEnding": "2007-12-31", "reportedCurrency": "USD", "grossProfit": "2795000000", "totalRevenue": "19408000000", "costOfRevenue": "16613000000", "costofGoodsAndServicesSold": "16613000000", "operatingIncome": "1059000000", "sellingGeneralAndAdministrative": "1736000000", "researchAndDevelopment": "421000000", "operatingExpenses": "1736000000", "investmentIncomeNet": "None", "netInterestIncome": "None", "interestIncome": "None", "interestExpense": "203000000", "nonInterestIncome": "None", "otherNonOperatingIncome": "None", "depreciation": "None", "depreciationAndAmortization": "593000000", "incomeBeforeTax": "786000000", "incomeTaxExpense": "117000000", "interestAndDebtExpense": "None", "netIncomeFromContinuingOperations": "None", "comprehensiveIncomeNetOfTax": "None", "ebit": "1007000000", "ebitda": "1600000000", "netIncome": "640000000"}, {"fiscalDateEnding": "2006-12-31", "reportedCurrency": "USD", "grossProfit": "2630000000", "totalRevenue": "18080000000", "costOfRevenue": "15450000000", "costofGoodsAndServicesSold": "15450000000", "operatingIncome": "878000000", "sellingGeneralAndAdministrative": "1752000000", "researchAndDevelopment": "375000000", "operatingExpenses": "1752000000", "investmentIncomeNet": "None", "netInterestIncome": "None", "interestIncome": "None", "interestExpense": "0", "nonInterestIncome": "None", "otherNonOperatingIncome": "None", "depreciation": "None", "depreciationAndAmortization": "550000000", "incomeBeforeTax": "620000000", "incomeTaxExpense": "126000000", "interestAndDebtExpense": "None", "netIncomeFromContinuingOperations": "None", "comprehensiveIncomeNetOfTax": "None", "ebit": "821000000", "ebitda": "1371000000", "netIncome": "486000000"}], "quarterlyReports": [{"fiscalDateEnding": "2025-12-31", "reportedCurrency": "USD", "grossProfit": "575000000", "totalRevenue": "4098000000", "costOfRevenue": "3523000000", "costofGoodsAndServicesSold": "3523000000", "operatingIncome": "144000000", "sellingGeneralAndAdministrative": "425000000", "researchAndDevelopment": "None", "operatingExpenses": "431000000", "investmentIncomeNet": "None", "netInterestIncome": "-106000000", "interestIncome": "106000000", "interestExpense": "85000000", "nonInterestIncome": "None", "otherNonOperatingIncome": "None", "depreciation": "None", "depreciationAndAmortization": "92000000", "incomeBeforeTax": "148000000", "incomeTaxExpense": "37000000", "interestAndDebtExpense": "None", "netIncomeFromContinuingOperations": "112000000", "comprehensiveIncomeNetOfTax": "None", "ebit": "233000000", "ebitda": "325000000", "netIncome": "108000000"}, {"fiscalDateEnding": "2025-09-30", "reportedCurrency": "USD", "grossProfit": "590000000", "totalRevenue": "4033000000", "costOfRevenue": "3443000000", "costofGoodsAndServicesSold": "3443000000", "operatingIncome": "185000000", "sellingGeneralAndAdministrative": "405000000", "researchAndDevelopment": "None", "operatingExpenses": "405000000", "investmentIncomeNet": "None", "netInterestIncome": "-87000000", "interestIncome": "5000000", "interestExpense": "92000000", "nonInterestIncome": "None", "otherNonOperatingIncome": "None", "depreciation": "None", "depreciationAndAmortization": "83000000", "incomeBeforeTax": "109000000", "incomeTaxExpense": "33000000", "interestAndDebtExpense": "None", "netIncomeFromContinuingOperations": "76000000", "comprehensiveIncomeNetOfTax": "None", "ebit": "201000000", "ebitda": "284000000", "netIncome": "73000000"}, {"fiscalDateEnding": "2025-06-30", "reportedCurrency": "USD", "grossProfit": "604000000", "totalRevenue": "3774000000", "costOfRevenue": "3170000000", "costofGoodsAndServicesSold": "3170000000", "operatingIncome": "207000000", "sellingGeneralAndAdministrative": "397000000", "researchAndDevelopment": "None", "operatingExpenses": "397000000", "investmentIncomeNet": "None", "netInterestIncome": "-82000000", "interestIncome": "4000000", "interestExpense": "86000000", "nonInterestIncome": "None", "otherNonOperatingIncome": "None", "depreciation": "None", "depreciationAndAmortization": "80000000", "incomeBeforeTax": "103000000", "incomeTaxExpense": "29000000", "interestAndDebtExpense": "None", "netIncomeFromContinuingOperations": "75000000", "comprehensiveIncomeNetOfTax": "None", "ebit": "209000000", "ebitda": "289000000", "netIncome": "65000000"}, {"fiscalDateEnding": "2025-03-31", "reportedCurrency": "USD", "grossProfit": "594000000", "totalRevenue": "3621000000", "costOfRevenue": "3027000000", "costofGoodsAndServicesSold": "3027000000", "operatingIncome": "188000000", "sellingGeneralAndAdministrative": "406000000", "researchAndDevelopment": "None", "operatingExpenses": "406000000", "investmentIncomeNet": "None", "netInterestIncome": "-45000000", "interestIncome": "32000000", "interestExpense": "77000000", "nonInterestIncome": "None", "otherNonOperatingIncome": "None", "depreciation": "None", "depreciationAndAmortization": "83000000", "incomeBeforeTax": "122000000", "incomeTaxExpense": "43000000", "interestAndDebtExpense": "None", "netIncomeFromContinuingOperations": "79000000", "comprehensiveIncomeNetOfTax": "None", "ebit": "216000000", "ebitda": "299000000", "netIncome": "72000000"}, {"fiscalDateEnding": "2024-12-31", "reportedCurrency": "USD", "grossProfit": "657000000", "totalRevenue": "4137000000", "costOfRevenue": "3480000000", "costofGoodsAndServicesSold": "3480000000", "operatingIncome": "239000000", "sellingGeneralAndAdministrative": "418000000", "researchAndDevelopment": "405000000", "operatingExpenses": "418000000", "investmentIncomeNet": "None", "netInterestIncome": "-83000000", "interestIncome": "83000000", "interestExpense": "83000000", "nonInterestIncome": "None", "otherNonOperatingIncome": "None", "depreciation": "None", "depreciationAndAmortization": "84000000", "incomeBeforeTax": "-294000000", "incomeTaxExpense": "95000000", "interestAndDebtExpense": "None", "netIncomeFromContinuingOperations": "-390000000", "comprehensiveIncomeNetOfTax": "None", "ebit": "-137000000", "ebitda": "-53000000", "netIncome": "-391000000"}, {"fiscalDateEnding": "2024-09-30", "reportedCurrency": "USD", "grossProfit": "632000000", "totalRevenue": "3993000000", "costOfRevenue": "3361000000", "costofGoodsAndServicesSold": "3361000000", "operatingIncome": "237000000", "sellingGeneralAndAdministrative": "395000000", "researchAndDevelopment": "None", "operatingExpenses": "395000000", "investmentIncomeNet": "None", "netInterestIncome": "-86000000", "interestIncome": "6000000", "interestExpense": "92000000", "nonInterestIncome": "None", "otherNonOperatingIncome": "None", "depreciation": "None", "depreciationAndAmortization": "79000000", "incomeBeforeTax": "159000000", "incomeTaxExpense": "45000000", "interestAndDebtExpense": "None", "netIncomeFromContinuingOperations": "114000000", "comprehensiveIncomeNetOfTax": "None", "ebit": "271000000", "ebitda": "350000000", "netIncome": "109000000"}, {"fiscalDateEnding": "2024-06-30", "reportedCurrency": "USD", "grossProfit": "620000000", "totalRevenue": "3989000000", "costOfRevenue": "3369000000", "costofGoodsAndServicesSold": "3369000000", "operatingIncome": "226000000", "sellingGeneralAndAdministrative": "394000000", "researchAndDevelopment": "None", "operatingExpenses": "394000000", "investmentIncomeNet": "None", "netInterestIncome": "-100000000", "interestIncome": "None", "interestExpense": "100000000", "nonInterestIncome": "None", "otherNonOperatingIncome": "None", "depreciation": "None", "depreciationAndAmortization": "82000000", "incomeBeforeTax": "19000000", "incomeTaxExpense": "-206000000", "interestAndDebtExpense": "None", "netIncomeFromContinuingOperations": "225000000", "comprehensiveIncomeNetOfTax": "None", "ebit": "123000000", "ebitda": "205000000", "netIncome": "219000000"}, {"fiscalDateEnding": "2024-03-31", "reportedCurrency": "USD", "grossProfit": "645000000", "totalRevenue": "4489000000", "costOfRevenue": "3844000000", "costofGoodsAndServicesSold": "3844000000", "operatingIncome": "168000000", "sellingGeneralAndAdministrative": "477000000", "researchAndDevelopment": "None", "operatingExpenses": "477000000", "investmentIncomeNet": "None", "netInterestIncome": "-61000000", "interestIncome": "29000000", "interestExpense": "90000000", "nonInterestIncome": "None", "otherNonOperatingIncome": "None", "depreciation": "None", "depreciationAndAmortization": "89000000", "incomeBeforeTax": "-177000000", "incomeTaxExpense": "76000000", "interestAndDebtExpense": "None", "netIncomeFromContinuingOperations": "-253000000", "comprehensiveIncomeNetOfTax": "None", "ebit": "-87000000", "ebitda": "2000000", "netIncome": "-259000000"}, {"fiscalDateEnding": "2023-12-31", "reportedCurrency": "USD", "grossProfit": "832000000", "totalRevenue": "5088000000", "costOfRevenue": "4256000000", "costofGoodsAndServicesSold": "4256000000", "operatingIncome": "275000000", "sellingGeneralAndAdministrative": "557000000", "researchAndDevelopment": "473000000", "operatingExpenses": "557000000", "investmentIncomeNet": "None", "netInterestIncome": "-86000000", "interestIncome": "None", "interestExpense": "92000000", "nonInterestIncome": "None", "otherNonOperatingIncome": "None", "depreciation": "None", "depreciationAndAmortization": "99000000", "incomeBeforeTax": "301000000", "incomeTaxExpense": "-191000000", "interestAndDebtExpense": "None", "netIncomeFromContinuingOperations": "492000000", "comprehensiveIncomeNetOfTax": "None", "ebit": "418000000", "ebitda": "517000000", "netIncome": "491000000"}, {"fiscalDateEnding": "2023-09-30", "reportedCurrency": "USD", "grossProfit": "792000000", "totalRevenue": "4927000000", "costOfRevenue": "4135000000", "costofGoodsAndServicesSold": "4135000000", "operatingIncome": "319000000", "sellingGeneralAndAdministrative": "473000000", "researchAndDevelopment": "None", "operatingExpenses": "473000000", "investmentIncomeNet": "None", "netInterestIncome": "-85000000", "interestIncome": "10000000", "interestExpense": "95000000", "nonInterestIncome": "None", "otherNonOperatingIncome": "None", "depreciation": "None", "depreciationAndAmortization": "84000000", "incomeBeforeTax": "171000000", "incomeTaxExpense": "86000000", "interestAndDebtExpense": "None", "netIncomeFromContinuingOperations": "85000000", "comprehensiveIncomeNetOfTax": "None", "ebit": "267000000", "ebitda": "351000000", "netIncome": "83000000"}, {"fiscalDateEnding": "2023-06-30", "reportedCurrency": "USD", "grossProfit": "809000000", "totalRevenue": "4793000000", "costOfRevenue": "3984000000", "costofGoodsAndServicesSold": "3984000000", "operatingIncome": "333000000", "sellingGeneralAndAdministrative": "476000000", "researchAndDevelopment": "None", "operatingExpenses": "476000000", "investmentIncomeNet": "None", "netInterestIncome": "-99000000", "interestIncome": "99000000", "interestExpense": "90000000", "nonInterestIncome": "None", "otherNonOperatingIncome": "-13000000", "depreciation": "None", "depreciationAndAmortization": "89000000", "incomeBeforeTax": "201000000", "incomeTaxExpense": "114000000", "interestAndDebtExpense": "None", "netIncomeFromContinuingOperations": "87000000", "comprehensiveIncomeNetOfTax": "None", "ebit": "294000000", "ebitda": "383000000", "netIncome": "85000000"}, {"fiscalDateEnding": "2023-03-31", "reportedCurrency": "USD", "grossProfit": "760000000", "totalRevenue": "4649000000", "costOfRevenue": "3889000000", "costofGoodsAndServicesSold": "3889000000", "operatingIncome": "273000000", "sellingGeneralAndAdministrative": "487000000", "researchAndDevelopment": "None", "operatingExpenses": "487000000", "investmentIncomeNet": "None", "netInterestIncome": "-152000000", "interestIncome": "152000000", "interestExpense": "75000000", "nonInterestIncome": "None", "otherNonOperatingIncome": "-76000000", "depreciation": "None", "depreciationAndAmortization": "89000000", "incomeBeforeTax": "-108000000", "incomeTaxExpense": "68000000", "interestAndDebtExpense": "None", "netIncomeFromContinuingOperations": "-176000000", "comprehensiveIncomeNetOfTax": "None", "ebit": "-34000000", "ebitda": "55000000", "netIncome": "-179000000"}, {"fiscalDateEnding": "2022-12-31", "reportedCurrency": "USD", "grossProfit": "641000000", "totalRevenue": "4923000000", "costOfRevenue": "4282000000", "costofGoodsAndServicesSold": "4282000000", "operatingIncome": "104000000", "sellingGeneralAndAdministrative": "537000000", "researchAndDevelopment": "465000000", "operatingExpenses": "537000000", "investmentIncomeNet": "None", "netInterestIncome": "-91000000", "interestIncome": "91000000", "interestExpense": "91000000", "nonInterestIncome": "None", "otherNonOperatingIncome": "-39000000", "depreciation": "None", "depreciationAndAmortization": "131000000", "incomeBeforeTax": "-1535000000", "incomeTaxExpense": "69000000", "interestAndDebtExpense": "None", "netIncomeFromContinuingOperations": "-1604000000", "comprehensiveIncomeNetOfTax": "None", "ebit": "-1459000000", "ebitda": "-1328000000", "netIncome": "-1605000000"}, {"fiscalDateEnding": "2022-09-30", "reportedCurrency": "USD", "grossProfit": "671000000", "totalRevenue": "4785000000", "costOfRevenue": "4114000000", "costofGoodsAndServicesSold": "4114000000", "operatingIncome": "225000000", "sellingGeneralAndAdministrative": "446000000", "researchAndDevelopment": "None", "operatingExpenses": "446000000", "investmentIncomeNet": "None", "netInterestIncome": "-21000000", "interestIncome": "19000000", "interestExpense": "40000000", "nonInterestIncome": "None", "otherNonOperatingIncome": "17000000", "depreciation": "None", "depreciationAndAmortization": "118000000", "incomeBeforeTax": "198000000", "incomeTaxExpense": "53000000", "interestAndDebtExpense": "None", "netIncomeFromContinuingOperations": "145000000", "comprehensiveIncomeNetOfTax": "None", "ebit": "240000000", "ebitda": "358000000", "netIncome": "143000000"}, {"fiscalDateEnding": "2022-06-30", "reportedCurrency": "USD", "grossProfit": "884000000", "totalRevenue": "5096000000", "costOfRevenue": "4212000000", "costofGoodsAndServicesSold": "4212000000", "operatingIncome": "423000000", "sellingGeneralAndAdministrative": "461000000", "researchAndDevelopment": "None", "operatingExpenses": "461000000", "investmentIncomeNet": "None", "netInterestIncome": "-26000000", "interestIncome": "19000000", "interestExpense": "45000000", "nonInterestIncome": "None", "otherNonOperatingIncome": "20000000", "depreciation": "None", "depreciationAndAmortization": "114000000", "incomeBeforeTax": "-331000000", "incomeTaxExpense": "37000000", "interestAndDebtExpense": "None", "netIncomeFromContinuingOperations": "-368000000", "comprehensiveIncomeNetOfTax": "None", "ebit": "-287000000", "ebitda": "-173000000", "netIncome": "-371000000"}, {"fiscalDateEnding": "2022-03-31", "reportedCurrency": "USD", "grossProfit": "829000000", "totalRevenue": "4920000000", "costOfRevenue": "4091000000", "costofGoodsAndServicesSold": "4091000000", "operatingIncome": "453000000", "sellingGeneralAndAdministrative": "376000000", "researchAndDevelopment": "None", "operatingExpenses": "376000000", "investmentIncomeNet": "None", "netInterestIncome": "-34000000", "interestIncome": "7000000", "interestExpense": "41000000", "nonInterestIncome": "None", "otherNonOperatingIncome": "2000000", "depreciation": "None", "depreciationAndAmortization": "112000000", "incomeBeforeTax": "422000000", "incomeTaxExpense": "106000000", "interestAndDebtExpense": "None", "netIncomeFromContinuingOperations": "316000000", "comprehensiveIncomeNetOfTax": "None", "ebit": "468000000", "ebitda": "580000000", "netIncome": "313000000"}, {"fiscalDateEnding": "2021-12-31", "reportedCurrency": "USD", "grossProfit": "1164000000", "totalRevenue": "5813000000", "costOfRevenue": "4649000000", "costofGoodsAndServicesSold": "4649000000", "operatingIncome": "609000000", "sellingGeneralAndAdministrative": "555000000", "researchAndDevelopment": "485000000", "operatingExpenses": "555000000", "investmentIncomeNet": "None", "netInterestIncome": "-24000000", "interestIncome": "18000000", "interestExpense": "41000000", "nonInterestIncome": "None", "otherNonOperatingIncome": "-148000000", "depreciation": "None", "depreciationAndAmortization": "116000000", "incomeBeforeTax": "465000000", "incomeTaxExpense": "165000000", "interestAndDebtExpense": "None", "netIncomeFromContinuingOperations": "300000000", "comprehensiveIncomeNetOfTax": "None", "ebit": "513000000", "ebitda": "629000000", "netIncome": "298000000"}, {"fiscalDateEnding": "2021-09-30", "reportedCurrency": "USD", "grossProfit": "1088000000", "totalRevenue": "5490000000", "costOfRevenue": "4402000000", "costofGoodsAndServicesSold": "4402000000", "operatingIncome": "564000000", "sellingGeneralAndAdministrative": "524000000", "researchAndDevelopment": "None", "operatingExpenses": "524000000", "investmentIncomeNet": "None", "netInterestIncome": "34000000", "interestIncome": "78000000", "interestExpense": "44000000", "nonInterestIncome": "None", "otherNonOperatingIncome": "78000000", "depreciation": "None", "depreciationAndAmortization": "119000000", "incomeBeforeTax": "586000000", "incomeTaxExpense": "100000000", "interestAndDebtExpense": "None", "netIncomeFromContinuingOperations": "486000000", "comprehensiveIncomeNetOfTax": "None", "ebit": "630000000", "ebitda": "749000000", "netIncome": "471000000"}, {"fiscalDateEnding": "2021-06-30", "reportedCurrency": "USD", "grossProfit": "1048000000", "totalRevenue": "5325000000", "costOfRevenue": "4277000000", "costofGoodsAndServicesSold": "4277000000", "operatingIncome": "539000000", "sellingGeneralAndAdministrative": "509000000", "researchAndDevelopment": "None", "operatingExpenses": "509000000", "investmentIncomeNet": "None", "netInterestIncome": "-9000000", "interestIncome": "9000000", "interestExpense": "45000000", "nonInterestIncome": "None", "otherNonOperatingIncome": "36000000", "depreciation": "None", "depreciationAndAmortization": "118000000", "incomeBeforeTax": "674000000", "incomeTaxExpense": "94000000", "interestAndDebtExpense": "None", "netIncomeFromContinuingOperations": "580000000", "comprehensiveIncomeNetOfTax": "None", "ebit": "719000000", "ebitda": "837000000", "netIncome": "581000000"}, {"fiscalDateEnding": "2021-03-31", "reportedCurrency": "USD", "grossProfit": "1108000000", "totalRevenue": "5356000000", "costOfRevenue": "4248000000", "costofGoodsAndServicesSold": "4248000000", "operatingIncome": "615000000", "sellingGeneralAndAdministrative": "493000000", "researchAndDevelopment": "None", "operatingExpenses": "493000000", "investmentIncomeNet": "None", "netInterestIncome": "-19000000", "interestIncome": "19000000", "interestExpense": "45000000", "nonInterestIncome": "None", "otherNonOperatingIncome": "26000000", "depreciation": "None", "depreciationAndAmortization": "141000000", "incomeBeforeTax": "599000000", "incomeTaxExpense": "159000000", "interestAndDebtExpense": "None", "netIncomeFromContinuingOperations": "440000000", "comprehensiveIncomeNetOfTax": "None", "ebit": "644000000", "ebitda": "785000000", "netIncome": "433000000"}, {"fiscalDateEnding": "2020-12-31", "reportedCurrency": "USD", "grossProfit": "1357000000", "totalRevenue": "5796000000", "costOfRevenue": "4439000000", "costofGoodsAndServicesSold": "4439000000", "operatingIncome": "834000000", "sellingGeneralAndAdministrative": "523000000", "researchAndDevelopment": "455000000", "operatingExpenses": "523000000", "investmentIncomeNet": "None", "netInterestIncome": "-63000000", "interestIncome": "63000000", "interestExpense": "47000000", "nonInterestIncome": "None", "otherNonOperatingIncome": "None", "depreciation": "None", "depreciationAndAmortization": "154000000", "incomeBeforeTax": "654000000", "incomeTaxExpense": "151000000", "interestAndDebtExpense": "None", "netIncomeFromContinuingOperations": "501000000", "comprehensiveIncomeNetOfTax": "None", "ebit": "701000000", "ebitda": "855000000", "netIncome": "499000000"}, {"fiscalDateEnding": "2020-09-30", "reportedCurrency": "USD", "grossProfit": "1123000000", "totalRevenue": "5289000000", "costOfRevenue": "4166000000", "costofGoodsAndServicesSold": "4166000000", "operatingIncome": "610000000", "sellingGeneralAndAdministrative": "513000000", "researchAndDevelopment": "None", "operatingExpenses": "513000000", "investmentIncomeNet": "None", "netInterestIncome": "-29000000", "interestIncome": "29000000", "interestExpense": "51000000", "nonInterestIncome": "None", "otherNonOperatingIncome": "22000000", "depreciation": "None", "depreciationAndAmortization": "146000000", "incomeBeforeTax": "534000000", "incomeTaxExpense": "141000000", "interestAndDebtExpense": "None", "netIncomeFromContinuingOperations": "398000000", "comprehensiveIncomeNetOfTax": "None", "ebit": "585000000", "ebitda": "731000000", "netIncome": "392000000"}, {"fiscalDateEnding": "2020-06-30", "reportedCurrency": "USD", "grossProfit": "623000000", "totalRevenue": "4039000000", "costOfRevenue": "3416000000", "costofGoodsAndServicesSold": "3416000000", "operatingIncome": "202000000", "sellingGeneralAndAdministrative": "421000000", "researchAndDevelopment": "None", "operatingExpenses": "421000000", "investmentIncomeNet": "None", "netInterestIncome": "-34000000", "interestIncome": "15000000", "interestExpense": "49000000", "nonInterestIncome": "None", "otherNonOperatingIncome": "15000000", "depreciation": "None", "depreciationAndAmortization": "133000000", "incomeBeforeTax": "43000000", "incomeTaxExpense": "23000000", "interestAndDebtExpense": "None", "netIncomeFromContinuingOperations": "25000000", "comprehensiveIncomeNetOfTax": "None", "ebit": "92000000", "ebitda": "225000000", "netIncome": "30000000"}, {"fiscalDateEnding": "2020-03-31", "reportedCurrency": "USD", "grossProfit": "695000000", "totalRevenue": "4325000000", "costOfRevenue": "3630000000", "costofGoodsAndServicesSold": "3630000000", "operatingIncome": "275000000", "sellingGeneralAndAdministrative": "420000000", "researchAndDevelopment": "None", "operatingExpenses": "420000000", "investmentIncomeNet": "None", "netInterestIncome": "-41000000", "interestIncome": "1000000", "interestExpense": "42000000", "nonInterestIncome": "None", "otherNonOperatingIncome": "1000000", "depreciation": "None", "depreciationAndAmortization": "135000000", "incomeBeforeTax": "222000000", "incomeTaxExpense": "73000000", "interestAndDebtExpense": "None", "netIncomeFromContinuingOperations": "147000000", "comprehensiveIncomeNetOfTax": "None", "ebit": "264000000", "ebitda": "399000000", "netIncome": "154000000"}, {"fiscalDateEnding": "2019-12-31", "reportedCurrency": "USD", "grossProfit": "838000000", "totalRevenue": "5383000000", "costOfRevenue": "4545000000", "costofGoodsAndServicesSold": "4545000000", "operatingIncome": "260000000", "sellingGeneralAndAdministrative": "562000000", "researchAndDevelopment": "541000000", "operatingExpenses": "578000000", "investmentIncomeNet": "None", "netInterestIncome": "-93000000", "interestIncome": "54000000", "interestExpense": "93000000", "nonInterestIncome": "None", "otherNonOperatingIncome": "-54000000", "depreciation": "None", "depreciationAndAmortization": "144000000", "incomeBeforeTax": "331000000", "incomeTaxExpense": "43000000", "interestAndDebtExpense": "None", "netIncomeFromContinuingOperations": "288000000", "comprehensiveIncomeNetOfTax": "None", "ebit": "362000000", "ebitda": "506000000", "netIncome": "288000000"}, {"fiscalDateEnding": "2019-09-30", "reportedCurrency": "USD", "grossProfit": "727000000", "totalRevenue": "5092000000", "costOfRevenue": "4365000000", "costofGoodsAndServicesSold": "4365000000", "operatingIncome": "236000000", "sellingGeneralAndAdministrative": "491000000", "researchAndDevelopment": "None", "operatingExpenses": "491000000", "investmentIncomeNet": "None", "netInterestIncome": "-16000000", "interestIncome": "29000000", "interestExpense": "45000000", "nonInterestIncome": "None", "otherNonOperatingIncome": "29000000", "depreciation": "None", "depreciationAndAmortization": "141000000", "incomeBeforeTax": "677000000", "incomeTaxExpense": "313000000", "interestAndDebtExpense": "None", "netIncomeFromContinuingOperations": "364000000", "comprehensiveIncomeNetOfTax": "None", "ebit": "725000000", "ebitda": "866000000", "netIncome": "358000000"}, {"fiscalDateEnding": "2019-06-30", "reportedCurrency": "USD", "grossProfit": "915000000", "totalRevenue": "5187000000", "costOfRevenue": "4272000000", "costofGoodsAndServicesSold": "4272000000", "operatingIncome": "331000000", "sellingGeneralAndAdministrative": "584000000", "researchAndDevelopment": "None", "operatingExpenses": "584000000", "investmentIncomeNet": "None", "netInterestIncome": "11000000", "interestIncome": "63000000", "interestExpense": "52000000", "nonInterestIncome": "None", "otherNonOperatingIncome": "63000000", "depreciation": "None", "depreciationAndAmortization": "160000000", "incomeBeforeTax": "202000000", "incomeTaxExpense": "130000000", "interestAndDebtExpense": "None", "netIncomeFromContinuingOperations": "72000000", "comprehensiveIncomeNetOfTax": "None", "ebit": "257000000", "ebitda": "417000000", "netIncome": "67000000"}, {"fiscalDateEnding": "2019-03-31", "reportedCurrency": "USD", "grossProfit": "793000000", "totalRevenue": "4761000000", "costOfRevenue": "3968000000", "costofGoodsAndServicesSold": "3968000000", "operatingIncome": "288000000", "sellingGeneralAndAdministrative": "505000000", "researchAndDevelopment": "None", "operatingExpenses": "505000000", "investmentIncomeNet": "None", "netInterestIncome": "79000000", "interestIncome": "130000000", "interestExpense": "51000000", "nonInterestIncome": "None", "otherNonOperatingIncome": "130000000", "depreciation": "None", "depreciationAndAmortization": "142000000", "incomeBeforeTax": "342000000", "incomeTaxExpense": "-132000000", "interestAndDebtExpense": "None", "netIncomeFromContinuingOperations": "474000000", "comprehensiveIncomeNetOfTax": "None", "ebit": "394000000", "ebitda": "536000000", "netIncome": "471000000"}, {"fiscalDateEnding": "2018-12-31", "reportedCurrency": "USD", "grossProfit": "924000000", "totalRevenue": "5660000000", "costOfRevenue": "4736000000", "costofGoodsAndServicesSold": "4736000000", "operatingIncome": "331000000", "sellingGeneralAndAdministrative": "593000000", "researchAndDevelopment": "572000000", "operatingExpenses": "593000000", "investmentIncomeNet": "None", "netInterestIncome": "None", "interestIncome": "None", "interestExpense": "53000000", "nonInterestIncome": "None", "otherNonOperatingIncome": "-2000000", "depreciation": "None", "depreciationAndAmortization": "154000000", "incomeBeforeTax": "256000000", "incomeTaxExpense": "86000000", "interestAndDebtExpense": "None", "netIncomeFromContinuingOperations": "170000000", "comprehensiveIncomeNetOfTax": "None", "ebit": "307000000", "ebitda": "461000000", "netIncome": "170000000"}, {"fiscalDateEnding": "2018-09-30", "reportedCurrency": "USD", "grossProfit": "843000000", "totalRevenue": "5326000000", "costOfRevenue": "4483000000", "costofGoodsAndServicesSold": "4483000000", "operatingIncome": "293000000", "sellingGeneralAndAdministrative": "550000000", "researchAndDevelopment": "0", "operatingExpenses": "550000000", "investmentIncomeNet": "None", "netInterestIncome": "None", "interestIncome": "None", "interestExpense": "76000000", "nonInterestIncome": "None", "otherNonOperatingIncome": "-24000000", "depreciation": "None", "depreciationAndAmortization": "152000000", "incomeBeforeTax": "223000000", "incomeTaxExpense": "7000000", "interestAndDebtExpense": "None", "netIncomeFromContinuingOperations": "216000000", "comprehensiveIncomeNetOfTax": "None", "ebit": "275000000", "ebitda": "427000000", "netIncome": "210000000"}, {"fiscalDateEnding": "2018-06-30", "reportedCurrency": "USD", "grossProfit": "806000000", "totalRevenue": "5140000000", "costOfRevenue": "4334000000", "costofGoodsAndServicesSold": "4334000000", "operatingIncome": "265000000", "sellingGeneralAndAdministrative": "541000000", "researchAndDevelopment": "0", "operatingExpenses": "541000000", "investmentIncomeNet": "None", "netInterestIncome": "None", "interestIncome": "None", "interestExpense": "137000000", "nonInterestIncome": "None", "otherNonOperatingIncome": "-90000000", "depreciation": "None", "depreciationAndAmortization": "162000000", "incomeBeforeTax": "-609000000", "incomeTaxExpense": "30000000", "interestAndDebtExpense": "None", "netIncomeFromContinuingOperations": "-639000000", "comprehensiveIncomeNetOfTax": "None", "ebit": "-562000000", "ebitda": "-400000000", "netIncome": "-657000000"}, {"fiscalDateEnding": "2018-03-31", "reportedCurrency": "USD", "grossProfit": "781000000", "totalRevenue": "4911000000", "costOfRevenue": "4130000000", "costofGoodsAndServicesSold": "4130000000", "operatingIncome": "276000000", "sellingGeneralAndAdministrative": "505000000", "researchAndDevelopment": "0", "operatingExpenses": "505000000", "investmentIncomeNet": "None", "netInterestIncome": "None", "interestIncome": "None", "interestExpense": "42000000", "nonInterestIncome": "None", "otherNonOperatingIncome": "8000000", "depreciation": "None", "depreciationAndAmortization": "177000000", "incomeBeforeTax": "109000000", "incomeTaxExpense": "15000000", "interestAndDebtExpense": "None", "netIncomeFromContinuingOperations": "94000000", "comprehensiveIncomeNetOfTax": "None", "ebit": "151000000", "ebitda": "328000000", "netIncome": "94000000"}, {"fiscalDateEnding": "2017-12-31", "reportedCurrency": "USD", "grossProfit": "990000000", "totalRevenue": "5702000000", "costOfRevenue": "4712000000", "costofGoodsAndServicesSold": "4712000000", "operatingIncome": "424000000", "sellingGeneralAndAdministrative": "566000000", "researchAndDevelopment": "596000000", "operatingExpenses": "566000000", "investmentIncomeNet": "None", "netInterestIncome": "None", "interestIncome": "None", "interestExpense": "58000000", "nonInterestIncome": "None", "otherNonOperatingIncome": "-18000000", "depreciation": "None", "depreciationAndAmortization": "167000000", "incomeBeforeTax": "209000000", "incomeTaxExpense": "481000000", "interestAndDebtExpense": "None", "netIncomeFromContinuingOperations": "-272000000", "comprehensiveIncomeNetOfTax": "None", "ebit": "249000000", "ebitda": "416000000", "netIncome": "-268000000"}, {"fiscalDateEnding": "2017-09-30", "reportedCurrency": "USD", "grossProfit": "920000000", "totalRevenue": "5418000000", "costOfRevenue": "4498000000", "costofGoodsAndServicesSold": "4498000000", "operatingIncome": "399000000", "sellingGeneralAndAdministrative": "521000000", "researchAndDevelopment": "0", "operatingExpenses": "521000000", "investmentIncomeNet": "None", "netInterestIncome": "None", "interestIncome": "None", "interestExpense": "63000000", "nonInterestIncome": "None", "otherNonOperatingIncome": "-21000000", "depreciation": "None", "depreciationAndAmortization": "168000000", "incomeBeforeTax": "268000000", "incomeTaxExpense": "-4000000", "interestAndDebtExpense": "None", "netIncomeFromContinuingOperations": "272000000", "comprehensiveIncomeNetOfTax": "None", "ebit": "309000000", "ebitda": "477000000", "netIncome": "276000000"}, {"fiscalDateEnding": "2017-06-30", "reportedCurrency": "USD", "grossProfit": "888000000", "totalRevenue": "5347000000", "costOfRevenue": "4459000000", "costofGoodsAndServicesSold": "4459000000", "operatingIncome": "362000000", "sellingGeneralAndAdministrative": "526000000", "researchAndDevelopment": "0", "operatingExpenses": "526000000", "investmentIncomeNet": "None", "netInterestIncome": "None", "interestIncome": "None", "interestExpense": "62000000", "nonInterestIncome": "None", "otherNonOperatingIncome": "-23000000", "depreciation": "None", "depreciationAndAmortization": "156000000", "incomeBeforeTax": "212000000", "incomeTaxExpense": "33000000", "interestAndDebtExpense": "None", "netIncomeFromContinuingOperations": "179000000", "comprehensiveIncomeNetOfTax": "None", "ebit": "251000000", "ebitda": "407000000", "netIncome": "189000000"}, {"fiscalDateEnding": "2017-03-31", "reportedCurrency": "USD", "grossProfit": "804000000", "totalRevenue": "4786000000", "costOfRevenue": "3982000000", "costofGoodsAndServicesSold": "3982000000", "operatingIncome": "305000000", "sellingGeneralAndAdministrative": "499000000", "researchAndDevelopment": "0", "operatingExpenses": "499000000", "investmentIncomeNet": "None", "netInterestIncome": "None", "interestIncome": "None", "interestExpense": "66000000", "nonInterestIncome": "None", "otherNonOperatingIncome": "-25000000", "depreciation": "None", "depreciationAndAmortization": "163000000", "incomeBeforeTax": "198000000", "incomeTaxExpense": "40000000", "interestAndDebtExpense": "None", "netIncomeFromContinuingOperations": "158000000", "comprehensiveIncomeNetOfTax": "None", "ebit": "239000000", "ebitda": "402000000", "netIncome": "153000000"}, {"fiscalDateEnding": "2016-12-31", "reportedCurrency": "USD", "grossProfit": "883000000", "totalRevenue": "5656000000", "costOfRevenue": "4773000000", "costofGoodsAndServicesSold": "4773000000", "operatingIncome": "337000000", "sellingGeneralAndAdministrative": "546000000", "researchAndDevelopment": "604000000", "operatingExpenses": "546000000", "investmentIncomeNet": "None", "netInterestIncome": "None", "interestIncome": "None", "interestExpense": "27000000", "nonInterestIncome": "None", "otherNonOperatingIncome": "16000000", "depreciation": "None", "depreciationAndAmortization": "159000000", "incomeBeforeTax": "308000000", "incomeTaxExpense": "122000000", "interestAndDebtExpense": "None", "netIncomeFromContinuingOperations": "186000000", "comprehensiveIncomeNetOfTax": "None", "ebit": "350000000", "ebitda": "509000000", "netIncome": "180000000"}, {"fiscalDateEnding": "2016-09-30", "reportedCurrency": "USD", "grossProfit": "927000000", "totalRevenue": "5248000000", "costOfRevenue": "4321000000", "costofGoodsAndServicesSold": "4321000000", "operatingIncome": "406000000", "sellingGeneralAndAdministrative": "521000000", "researchAndDevelopment": "0", "operatingExpenses": "521000000", "investmentIncomeNet": "None", "netInterestIncome": "None", "interestIncome": "None", "interestExpense": "65000000", "nonInterestIncome": "None", "otherNonOperatingIncome": "-26000000", "depreciation": "None", "depreciationAndAmortization": "164000000", "incomeBeforeTax": "305000000", "incomeTaxExpense": "61000000", "interestAndDebtExpense": "None", "netIncomeFromContinuingOperations": "244000000", "comprehensiveIncomeNetOfTax": "None", "ebit": "344000000", "ebitda": "508000000", "netIncome": "238000000"}, {"fiscalDateEnding": "2016-06-30", "reportedCurrency": "USD", "grossProfit": "968000000", "totalRevenue": "5198000000", "costOfRevenue": "4230000000", "costofGoodsAndServicesSold": "4230000000", "operatingIncome": "366000000", "sellingGeneralAndAdministrative": "544000000", "researchAndDevelopment": "0", "operatingExpenses": "562000000", "investmentIncomeNet": "None", "netInterestIncome": "None", "interestIncome": "None", "interestExpense": "80000000", "nonInterestIncome": "None", "otherNonOperatingIncome": "-39000000", "depreciation": "None", "depreciationAndAmortization": "164000000", "incomeBeforeTax": "286000000", "incomeTaxExpense": "-56000000", "interestAndDebtExpense": "None", "netIncomeFromContinuingOperations": "342000000", "comprehensiveIncomeNetOfTax": "None", "ebit": "406000000", "ebitda": "570000000", "netIncome": "320000000"}, {"fiscalDateEnding": "2016-03-31", "reportedCurrency": "USD", "grossProfit": "821000000", "totalRevenue": "4616000000", "costOfRevenue": "3795000000", "costofGoodsAndServicesSold": "3795000000", "operatingIncome": "283000000", "sellingGeneralAndAdministrative": "473000000", "researchAndDevelopment": "0", "operatingExpenses": "491000000", "investmentIncomeNet": "None", "netInterestIncome": "None", "interestIncome": "None", "interestExpense": "68000000", "nonInterestIncome": "None", "otherNonOperatingIncome": "-30000000", "depreciation": "None", "depreciationAndAmortization": "168000000", "incomeBeforeTax": "215000000", "incomeTaxExpense": "59000000", "interestAndDebtExpense": "None", "netIncomeFromContinuingOperations": "156000000", "comprehensiveIncomeNetOfTax": "None", "ebit": "330000000", "ebitda": "498000000", "netIncome": "150000000"}, {"fiscalDateEnding": "2015-12-31", "reportedCurrency": "USD", "grossProfit": "1002000000", "totalRevenue": "5560000000", "costOfRevenue": "4558000000", "costofGoodsAndServicesSold": "4558000000", "operatingIncome": "380000000", "sellingGeneralAndAdministrative": "547000000", "researchAndDevelopment": "579000000", "operatingExpenses": "566000000", "investmentIncomeNet": "None", "netInterestIncome": "None", "interestIncome": "None", "interestExpense": "98000000", "nonInterestIncome": "None", "otherNonOperatingIncome": "-57000000", "depreciation": "None", "depreciationAndAmortization": "19000000", "incomeBeforeTax": "282000000", "incomeTaxExpense": "93000000", "interestAndDebtExpense": "None", "netIncomeFromContinuingOperations": "189000000", "comprehensiveIncomeNetOfTax": "None", "ebit": "436000000", "ebitda": "455000000", "netIncome": "180000000"}, {"fiscalDateEnding": "2015-09-30", "reportedCurrency": "USD", "grossProfit": "930000000", "totalRevenue": "5277000000", "costOfRevenue": "4347000000", "costofGoodsAndServicesSold": "4347000000", "operatingIncome": "329000000", "sellingGeneralAndAdministrative": "529000000", "researchAndDevelopment": "0", "operatingExpenses": "547000000", "investmentIncomeNet": "None", "netInterestIncome": "None", "interestIncome": "None", "interestExpense": "62000000", "nonInterestIncome": "None", "otherNonOperatingIncome": "-21000000", "depreciation": "None", "depreciationAndAmortization": "165000000", "incomeBeforeTax": "267000000", "incomeTaxExpense": "17000000", "interestAndDebtExpense": "None", "netIncomeFromContinuingOperations": "250000000", "comprehensiveIncomeNetOfTax": "None", "ebit": "383000000", "ebitda": "548000000", "netIncome": "235000000"}, {"fiscalDateEnding": "2015-06-30", "reportedCurrency": "USD", "grossProfit": "905000000", "totalRevenue": "5208000000", "costOfRevenue": "4303000000", "costofGoodsAndServicesSold": "4303000000", "operatingIncome": "273000000", "sellingGeneralAndAdministrative": "556000000", "researchAndDevelopment": "0", "operatingExpenses": "574000000", "investmentIncomeNet": "None", "netInterestIncome": "None", "interestIncome": "None", "interestExpense": "40000000", "nonInterestIncome": "None", "otherNonOperatingIncome": "42000000", "depreciation": "None", "depreciationAndAmortization": "170000000", "incomeBeforeTax": "275000000", "incomeTaxExpense": "90000000", "interestAndDebtExpense": "None", "netIncomeFromContinuingOperations": "185000000", "comprehensiveIncomeNetOfTax": "None", "ebit": "331000000", "ebitda": "501000000", "netIncome": "177000000"}, {"fiscalDateEnding": "2015-03-31", "reportedCurrency": "USD", "grossProfit": "853000000", "totalRevenue": "4846000000", "costOfRevenue": "3993000000", "costofGoodsAndServicesSold": "3993000000", "operatingIncome": "303000000", "sellingGeneralAndAdministrative": "498000000", "researchAndDevelopment": "0", "operatingExpenses": "517000000", "investmentIncomeNet": "None", "netInterestIncome": "None", "interestIncome": "None", "interestExpense": "96000000", "nonInterestIncome": "None", "otherNonOperatingIncome": "-53000000", "depreciation": "None", "depreciationAndAmortization": "161000000", "incomeBeforeTax": "207000000", "incomeTaxExpense": "9000000", "interestAndDebtExpense": "None", "netIncomeFromContinuingOperations": "198000000", "comprehensiveIncomeNetOfTax": "None", "ebit": "336000000", "ebitda": "497000000", "netIncome": "191000000"}, {"fiscalDateEnding": "2014-12-31", "reportedCurrency": "USD", "grossProfit": "1026000000", "totalRevenue": "6003000000", "costOfRevenue": "4977000000", "costofGoodsAndServicesSold": "4977000000", "operatingIncome": "281000000", "sellingGeneralAndAdministrative": "694000000", "researchAndDevelopment": "563000000", "operatingExpenses": "710000000", "investmentIncomeNet": "None", "netInterestIncome": "None", "interestIncome": "None", "interestExpense": "110000000", "nonInterestIncome": "None", "otherNonOperatingIncome": "-64000000", "depreciation": "None", "depreciationAndAmortization": "16000000", "incomeBeforeTax": "171000000", "incomeTaxExpense": "63000000", "interestAndDebtExpense": "None", "netIncomeFromContinuingOperations": "108000000", "comprehensiveIncomeNetOfTax": "None", "ebit": "428000000", "ebitda": "444000000", "netIncome": "81000000"}, {"fiscalDateEnding": "2014-09-30", "reportedCurrency": "USD", "grossProfit": "827000000", "totalRevenue": "4824000000", "costOfRevenue": "3997000000", "costofGoodsAndServicesSold": "3997000000", "operatingIncome": "335000000", "sellingGeneralAndAdministrative": "448000000", "researchAndDevelopment": "0", "operatingExpenses": "454000000", "investmentIncomeNet": "None", "netInterestIncome": "None", "interestIncome": "None", "interestExpense": "74000000", "nonInterestIncome": "None", "otherNonOperatingIncome": "-39000000", "depreciation": "None", "depreciationAndAmortization": "136000000", "incomeBeforeTax": "261000000", "incomeTaxExpense": "26000000", "interestAndDebtExpense": "None", "netIncomeFromContinuingOperations": "235000000", "comprehensiveIncomeNetOfTax": "None", "ebit": "373000000", "ebitda": "509000000", "netIncome": "230000000"}, {"fiscalDateEnding": "2014-06-30", "reportedCurrency": "USD", "grossProfit": "787000000", "totalRevenue": "4682000000", "costOfRevenue": "3895000000", "costofGoodsAndServicesSold": "3895000000", "operatingIncome": "291000000", "sellingGeneralAndAdministrative": "457000000", "researchAndDevelopment": "0", "operatingExpenses": "462000000", "investmentIncomeNet": "None", "netInterestIncome": "None", "interestIncome": "None", "interestExpense": "56000000", "nonInterestIncome": "None", "otherNonOperatingIncome": "-16000000", "depreciation": "None", "depreciationAndAmortization": "134000000", "incomeBeforeTax": "235000000", "incomeTaxExpense": "50000000", "interestAndDebtExpense": "None", "netIncomeFromContinuingOperations": "185000000", "comprehensiveIncomeNetOfTax": "None", "ebit": "325000000", "ebitda": "459000000", "netIncome": "179000000"}, {"fiscalDateEnding": "2014-03-31", "reportedCurrency": "USD", "grossProfit": "755000000", "totalRevenue": "4363000000", "costOfRevenue": "3608000000", "costofGoodsAndServicesSold": "3608000000", "operatingIncome": "281000000", "sellingGeneralAndAdministrative": "439000000", "researchAndDevelopment": "0", "operatingExpenses": "445000000", "investmentIncomeNet": "None", "netInterestIncome": "None", "interestIncome": "None", "interestExpense": "67000000", "nonInterestIncome": "None", "otherNonOperatingIncome": "-23000000", "depreciation": "None", "depreciationAndAmortization": "127000000", "incomeBeforeTax": "214000000", "incomeTaxExpense": "50000000", "interestAndDebtExpense": "None", "netIncomeFromContinuingOperations": "164000000", "comprehensiveIncomeNetOfTax": "None", "ebit": "281000000", "ebitda": "408000000", "netIncome": "160000000"}, {"fiscalDateEnding": "2013-12-31", "reportedCurrency": "USD", "grossProfit": "909000000", "totalRevenue": "5090000000", "costOfRevenue": "4181000000", "costofGoodsAndServicesSold": "4181000000", "operatingIncome": "354000000", "sellingGeneralAndAdministrative": "494000000", "researchAndDevelopment": "582000000", "operatingExpenses": "499000000", "investmentIncomeNet": "None", "netInterestIncome": "None", "interestIncome": "None", "interestExpense": "126000000", "nonInterestIncome": "None", "otherNonOperatingIncome": "-82000000", "depreciation": "None", "depreciationAndAmortization": "143000000", "incomeBeforeTax": "228000000", "incomeTaxExpense": "41000000", "interestAndDebtExpense": "None", "netIncomeFromContinuingOperations": "187000000", "comprehensiveIncomeNetOfTax": "None", "ebit": "354000000", "ebitda": "497000000", "netIncome": "181000000"}, {"fiscalDateEnding": "2013-09-30", "reportedCurrency": "USD", "grossProfit": "846000000", "totalRevenue": "4683000000", "costOfRevenue": "3837000000", "costofGoodsAndServicesSold": "3837000000", "operatingIncome": "313000000", "sellingGeneralAndAdministrative": "460000000", "researchAndDevelopment": "0", "operatingExpenses": "465000000", "investmentIncomeNet": "None", "netInterestIncome": "None", "interestIncome": "None", "interestExpense": "59000000", "nonInterestIncome": "None", "otherNonOperatingIncome": "-16000000", "depreciation": "None", "depreciationAndAmortization": "5000000", "incomeBeforeTax": "254000000", "incomeTaxExpense": "55000000", "interestAndDebtExpense": "None", "netIncomeFromContinuingOperations": "199000000", "comprehensiveIncomeNetOfTax": "None", "ebit": "381000000", "ebitda": "386000000", "netIncome": "196000000"}, {"fiscalDateEnding": "2013-06-30", "reportedCurrency": "USD", "grossProfit": "817000000", "totalRevenue": "4748000000", "costOfRevenue": "3931000000", "costofGoodsAndServicesSold": "3931000000", "operatingIncome": "328000000", "sellingGeneralAndAdministrative": "453000000", "researchAndDevelopment": "0", "operatingExpenses": "458000000", "investmentIncomeNet": "None", "netInterestIncome": "None", "interestIncome": "None", "interestExpense": "83000000", "nonInterestIncome": "None", "otherNonOperatingIncome": "-39000000", "depreciation": "None", "depreciationAndAmortization": "126000000", "incomeBeforeTax": "245000000", "incomeTaxExpense": "39000000", "interestAndDebtExpense": "None", "netIncomeFromContinuingOperations": "206000000", "comprehensiveIncomeNetOfTax": "None", "ebit": "359000000", "ebitda": "485000000", "netIncome": "198000000"}, {"fiscalDateEnding": "2013-03-31", "reportedCurrency": "USD", "grossProfit": "726000000", "totalRevenue": "4248000000", "costOfRevenue": "3522000000", "costofGoodsAndServicesSold": "3522000000", "operatingIncome": "254000000", "sellingGeneralAndAdministrative": "421000000", "researchAndDevelopment": "0", "operatingExpenses": "430000000", "investmentIncomeNet": "None", "netInterestIncome": "None", "interestIncome": "None", "interestExpense": "64000000", "nonInterestIncome": "None", "otherNonOperatingIncome": "-18000000", "depreciation": "None", "depreciationAndAmortization": "129000000", "incomeBeforeTax": "190000000", "incomeTaxExpense": "-67000000", "interestAndDebtExpense": "None", "netIncomeFromContinuingOperations": "257000000", "comprehensiveIncomeNetOfTax": "None", "ebit": "296000000", "ebitda": "425000000", "netIncome": "252000000"}, {"fiscalDateEnding": "2012-12-31", "reportedCurrency": "USD", "grossProfit": "812000000", "totalRevenue": "4791000000", "costOfRevenue": "3979000000", "costofGoodsAndServicesSold": "3979000000", "operatingIncome": "258000000", "sellingGeneralAndAdministrative": "485000000", "researchAndDevelopment": "553000000", "operatingExpenses": "492000000", "investmentIncomeNet": "None", "netInterestIncome": "None", "interestIncome": "None", "interestExpense": "84000000", "nonInterestIncome": "None", "otherNonOperatingIncome": "-32000000", "depreciation": "None", "depreciationAndAmortization": "126000000", "incomeBeforeTax": "174000000", "incomeTaxExpense": "46000000", "interestAndDebtExpense": "None", "netIncomeFromContinuingOperations": "128000000", "comprehensiveIncomeNetOfTax": "None", "ebit": "268000000", "ebitda": "394000000", "netIncome": "122000000"}, {"fiscalDateEnding": "2012-09-30", "reportedCurrency": "USD", "grossProfit": "704000000", "totalRevenue": "4495000000", "costOfRevenue": "3791000000", "costofGoodsAndServicesSold": "3791000000", "operatingIncome": "214000000", "sellingGeneralAndAdministrative": "420000000", "researchAndDevelopment": "0", "operatingExpenses": "428000000", "investmentIncomeNet": "None", "netInterestIncome": "None", "interestIncome": "None", "interestExpense": "87000000", "nonInterestIncome": "None", "otherNonOperatingIncome": "-39000000", "depreciation": "None", "depreciationAndAmortization": "8000000", "incomeBeforeTax": "127000000", "incomeTaxExpense": "47000000", "interestAndDebtExpense": "None", "netIncomeFromContinuingOperations": "80000000", "comprehensiveIncomeNetOfTax": "None", "ebit": "276000000", "ebitda": "284000000", "netIncome": "74000000"}, {"fiscalDateEnding": "2012-06-30", "reportedCurrency": "USD", "grossProfit": "729000000", "totalRevenue": "4511000000", "costOfRevenue": "3782000000", "costofGoodsAndServicesSold": "3782000000", "operatingIncome": "195000000", "sellingGeneralAndAdministrative": "447000000", "researchAndDevelopment": "0", "operatingExpenses": "455000000", "investmentIncomeNet": "None", "netInterestIncome": "None", "interestIncome": "None", "interestExpense": "71000000", "nonInterestIncome": "None", "otherNonOperatingIncome": "-23000000", "depreciation": "None", "depreciationAndAmortization": "146000000", "incomeBeforeTax": "124000000", "incomeTaxExpense": "4000000", "interestAndDebtExpense": "None", "netIncomeFromContinuingOperations": "120000000", "comprehensiveIncomeNetOfTax": "None", "ebit": "194000000", "ebitda": "340000000", "netIncome": "113000000"}, {"fiscalDateEnding": "2012-03-31", "reportedCurrency": "USD", "grossProfit": "651000000", "totalRevenue": "4349000000", "costOfRevenue": "3698000000", "costofGoodsAndServicesSold": "3698000000", "operatingIncome": "205000000", "sellingGeneralAndAdministrative": "405000000", "researchAndDevelopment": "0", "operatingExpenses": "412000000", "investmentIncomeNet": "None", "netInterestIncome": "None", "interestIncome": "None", "interestExpense": "72000000", "nonInterestIncome": "None", "otherNonOperatingIncome": "-18000000", "depreciation": "None", "depreciationAndAmortization": "151000000", "incomeBeforeTax": "133000000", "incomeTaxExpense": "36000000", "interestAndDebtExpense": "None", "netIncomeFromContinuingOperations": "97000000", "comprehensiveIncomeNetOfTax": "None", "ebit": "204000000", "ebitda": "355000000", "netIncome": "92000000"}, {"fiscalDateEnding": "2011-12-31", "reportedCurrency": "USD", "grossProfit": "713000000", "totalRevenue": "4911000000", "costOfRevenue": "4198000000", "costofGoodsAndServicesSold": "4198000000", "operatingIncome": "206000000", "sellingGeneralAndAdministrative": "422000000", "researchAndDevelopment": "578000000", "operatingExpenses": "429000000", "investmentIncomeNet": "None", "netInterestIncome": "None", "interestIncome": "None", "interestExpense": "77000000", "nonInterestIncome": "None", "otherNonOperatingIncome": "-22000000", "depreciation": "None", "depreciationAndAmortization": "136000000", "incomeBeforeTax": "129000000", "incomeTaxExpense": "-83000000", "interestAndDebtExpense": "None", "netIncomeFromContinuingOperations": "212000000", "comprehensiveIncomeNetOfTax": "None", "ebit": "206000000", "ebitda": "342000000", "netIncome": "205000000"}, {"fiscalDateEnding": "2011-09-30", "reportedCurrency": "USD", "grossProfit": "573000000", "totalRevenue": "4625000000", "costOfRevenue": "4052000000", "costofGoodsAndServicesSold": "4052000000", "operatingIncome": "136000000", "sellingGeneralAndAdministrative": "394000000", "researchAndDevelopment": "0", "operatingExpenses": "401000000", "investmentIncomeNet": "None", "netInterestIncome": "None", "interestIncome": "None", "interestExpense": "51000000", "nonInterestIncome": "None", "otherNonOperatingIncome": "-27000000", "depreciation": "None", "depreciationAndAmortization": "7000000", "incomeBeforeTax": "58000000", "incomeTaxExpense": "-123000000", "interestAndDebtExpense": "None", "netIncomeFromContinuingOperations": "181000000", "comprehensiveIncomeNetOfTax": "None", "ebit": "172000000", "ebitda": "179000000", "netIncome": "177000000"}, {"fiscalDateEnding": "2011-06-30", "reportedCurrency": "USD", "grossProfit": "669000000", "totalRevenue": "4730000000", "costOfRevenue": "4061000000", "costofGoodsAndServicesSold": "4061000000", "operatingIncome": "223000000", "sellingGeneralAndAdministrative": "425000000", "researchAndDevelopment": "0", "operatingExpenses": "432000000", "investmentIncomeNet": "None", "netInterestIncome": "None", "interestIncome": "None", "interestExpense": "593000000", "nonInterestIncome": "None", "otherNonOperatingIncome": "-538000000", "depreciation": "None", "depreciationAndAmortization": "145000000", "incomeBeforeTax": "-370000000", "incomeTaxExpense": "-206000000", "interestAndDebtExpense": "None", "netIncomeFromContinuingOperations": "-164000000", "comprehensiveIncomeNetOfTax": "None", "ebit": "223000000", "ebitda": "368000000", "netIncome": "-161000000"}, {"fiscalDateEnding": "2011-03-31", "reportedCurrency": "USD", "grossProfit": "623000000", "totalRevenue": "4401000000", "costOfRevenue": "3778000000", "costofGoodsAndServicesSold": "3778000000", "operatingIncome": "228000000", "sellingGeneralAndAdministrative": "380000000", "researchAndDevelopment": "0", "operatingExpenses": "387000000", "investmentIncomeNet": "None", "netInterestIncome": "None", "interestIncome": "None", "interestExpense": "54000000", "nonInterestIncome": "None", "otherNonOperatingIncome": "-20000000", "depreciation": "None", "depreciationAndAmortization": "141000000", "incomeBeforeTax": "155000000", "incomeTaxExpense": "-24000000", "interestAndDebtExpense": "None", "netIncomeFromContinuingOperations": "179000000", "comprehensiveIncomeNetOfTax": "None", "ebit": "228000000", "ebitda": "369000000", "netIncome": "169000000"}, {"fiscalDateEnding": "2010-12-31", "reportedCurrency": "USD", "grossProfit": "666000000", "totalRevenue": "5041000000", "costOfRevenue": "4375000000", "costofGoodsAndServicesSold": "4375000000", "operatingIncome": "202000000", "sellingGeneralAndAdministrative": "441000000", "researchAndDevelopment": "516000000", "operatingExpenses": "448000000", "investmentIncomeNet": "None", "netInterestIncome": "None", "interestIncome": "None", "interestExpense": "127000000", "nonInterestIncome": "None", "otherNonOperatingIncome": "None", "depreciation": "None", "depreciationAndAmortization": "141000000", "incomeBeforeTax": "132000000", "incomeTaxExpense": "-46000000", "interestAndDebtExpense": "None", "netIncomeFromContinuingOperations": "0", "comprehensiveIncomeNetOfTax": "None", "ebit": "218000000", "ebitda": "359000000", "netIncome": "171000000"}, {"fiscalDateEnding": "2010-09-30", "reportedCurrency": "USD", "grossProfit": "648000000", "totalRevenue": "4519000000", "costOfRevenue": "3871000000", "costofGoodsAndServicesSold": "3871000000", "operatingIncome": "234000000", "sellingGeneralAndAdministrative": "391000000", "researchAndDevelopment": "0", "operatingExpenses": "398000000", "investmentIncomeNet": "None", "netInterestIncome": "None", "interestIncome": "None", "interestExpense": "54000000", "nonInterestIncome": "None", "otherNonOperatingIncome": "None", "depreciation": "None", "depreciationAndAmortization": "7000000", "incomeBeforeTax": "76000000", "incomeTaxExpense": "-7000000", "interestAndDebtExpense": "None", "netIncomeFromContinuingOperations": "83000000", "comprehensiveIncomeNetOfTax": "None", "ebit": "368000000", "ebitda": "375000000", "netIncome": "79000000"}, {"fiscalDateEnding": "2010-06-30", "reportedCurrency": "USD", "grossProfit": "761000000", "totalRevenue": "4534000000", "costOfRevenue": "3773000000", "costofGoodsAndServicesSold": "3773000000", "operatingIncome": "331000000", "sellingGeneralAndAdministrative": "401000000", "researchAndDevelopment": "0", "operatingExpenses": "408000000", "investmentIncomeNet": "None", "netInterestIncome": "None", "interestIncome": "None", "interestExpense": "124000000", "nonInterestIncome": "None", "otherNonOperatingIncome": "None", "depreciation": "None", "depreciationAndAmortization": "139000000", "incomeBeforeTax": "207000000", "incomeTaxExpense": "-8000000", "interestAndDebtExpense": "None", "netIncomeFromContinuingOperations": "215000000", "comprehensiveIncomeNetOfTax": "None", "ebit": "331000000", "ebitda": "470000000", "netIncome": "205000000"}, {"fiscalDateEnding": "2010-03-31", "reportedCurrency": "USD", "grossProfit": "639000000", "totalRevenue": "4272000000", "costOfRevenue": "3633000000", "costofGoodsAndServicesSold": "3633000000", "operatingIncome": "241000000", "sellingGeneralAndAdministrative": "371000000", "researchAndDevelopment": "0", "operatingExpenses": "378000000", "investmentIncomeNet": "None", "netInterestIncome": "None", "interestIncome": "None", "interestExpense": "58000000", "nonInterestIncome": "None", "otherNonOperatingIncome": "None", "depreciation": "None", "depreciationAndAmortization": "134000000", "incomeBeforeTax": "171000000", "incomeTaxExpense": "-3000000", "interestAndDebtExpense": "None", "netIncomeFromContinuingOperations": "0", "comprehensiveIncomeNetOfTax": "None", "ebit": "229000000", "ebitda": "363000000", "netIncome": "164000000"}, {"fiscalDateEnding": "2009-12-31", "reportedCurrency": "USD", "grossProfit": "688000000", "totalRevenue": "4864000000", "costOfRevenue": "4176000000", "costofGoodsAndServicesSold": "4176000000", "operatingIncome": "199000000", "sellingGeneralAndAdministrative": "427000000", "researchAndDevelopment": "455000000", "operatingExpenses": "434000000", "investmentIncomeNet": "None", "netInterestIncome": "None", "interestIncome": "None", "interestExpense": "41000000", "nonInterestIncome": "None", "otherNonOperatingIncome": "None", "depreciation": "None", "depreciationAndAmortization": "137000000", "incomeBeforeTax": "93000000", "incomeTaxExpense": "-10000000", "interestAndDebtExpense": "None", "netIncomeFromContinuingOperations": "0", "comprehensiveIncomeNetOfTax": "None", "ebit": "254000000", "ebitda": "391000000", "netIncome": "95000000"}, {"fiscalDateEnding": "2009-09-30", "reportedCurrency": "USD", "grossProfit": "620000000", "totalRevenue": "4497000000", "costOfRevenue": "3877000000", "costofGoodsAndServicesSold": "3877000000", "operatingIncome": "189000000", "sellingGeneralAndAdministrative": "400000000", "researchAndDevelopment": "0", "operatingExpenses": "407000000", "investmentIncomeNet": "None", "netInterestIncome": "None", "interestIncome": "None", "interestExpense": "58000000", "nonInterestIncome": "None", "otherNonOperatingIncome": "None", "depreciation": "None", "depreciationAndAmortization": "130000000", "incomeBeforeTax": "80000000", "incomeTaxExpense": "-13000000", "interestAndDebtExpense": "None", "netIncomeFromContinuingOperations": "0", "comprehensiveIncomeNetOfTax": "None", "ebit": "189000000", "ebitda": "319000000", "netIncome": "87000000"}, {"fiscalDateEnding": "2009-06-30", "reportedCurrency": "USD", "grossProfit": "554000000", "totalRevenue": "4169000000", "costOfRevenue": "3615000000", "costofGoodsAndServicesSold": "3615000000", "operatingIncome": "134000000", "sellingGeneralAndAdministrative": "390000000", "researchAndDevelopment": "0", "operatingExpenses": "397000000", "investmentIncomeNet": "None", "netInterestIncome": "None", "interestIncome": "None", "interestExpense": "58000000", "nonInterestIncome": "None", "otherNonOperatingIncome": "None", "depreciation": "None", "depreciationAndAmortization": "7000000", "incomeBeforeTax": "64000000", "incomeTaxExpense": "-22000000", "interestAndDebtExpense": "None", "netIncomeFromContinuingOperations": "0", "comprehensiveIncomeNetOfTax": "None", "ebit": "270000000", "ebitda": "277000000", "netIncome": "78000000"}, {"fiscalDateEnding": "2009-03-31", "reportedCurrency": "USD", "grossProfit": "524000000", "totalRevenue": "3569000000", "costOfRevenue": "3045000000", "costofGoodsAndServicesSold": "3045000000", "operatingIncome": "166000000", "sellingGeneralAndAdministrative": "327000000", "researchAndDevelopment": "0", "operatingExpenses": "334000000", "investmentIncomeNet": "None", "netInterestIncome": "None", "interestIncome": "None", "interestExpense": "62000000", "nonInterestIncome": "None", "otherNonOperatingIncome": "None", "depreciation": "None", "depreciationAndAmortization": "115000000", "incomeBeforeTax": "57000000", "incomeTaxExpense": "-16000000", "interestAndDebtExpense": "None", "netIncomeFromContinuingOperations": "0", "comprehensiveIncomeNetOfTax": "None", "ebit": "119000000", "ebitda": "234000000", "netIncome": "68000000"}, {"fiscalDateEnding": "2008-12-31", "reportedCurrency": "USD", "grossProfit": "473000000", "totalRevenue": "4315000000", "costOfRevenue": "3842000000", "costofGoodsAndServicesSold": "3842000000", "operatingIncome": "10000000", "sellingGeneralAndAdministrative": "379000000", "researchAndDevelopment": "436000000", "operatingExpenses": "386000000", "investmentIncomeNet": "None", "netInterestIncome": "None", "interestIncome": "None", "interestExpense": "53000000", "nonInterestIncome": "None", "otherNonOperatingIncome": "None", "depreciation": "None", "depreciationAndAmortization": "130000000", "incomeBeforeTax": "-109000000", "incomeTaxExpense": "-160000000", "interestAndDebtExpense": "None", "netIncomeFromContinuingOperations": "0", "comprehensiveIncomeNetOfTax": "None", "ebit": "15000000", "ebitda": "145000000", "netIncome": "44000000"}, {"fiscalDateEnding": "2008-09-30", "reportedCurrency": "USD", "grossProfit": "685000000", "totalRevenue": "4902000000", "costOfRevenue": "4217000000", "costofGoodsAndServicesSold": "4217000000", "operatingIncome": "177000000", "sellingGeneralAndAdministrative": "477000000", "researchAndDevelopment": "0", "operatingExpenses": "484000000", "investmentIncomeNet": "None", "netInterestIncome": "None", "interestIncome": "None", "interestExpense": "52000000", "nonInterestIncome": "None", "otherNonOperatingIncome": "None", "depreciation": "None", "depreciationAndAmortization": "157000000", "incomeBeforeTax": "122000000", "incomeTaxExpense": "-46000000", "interestAndDebtExpense": "None", "netIncomeFromContinuingOperations": "0", "comprehensiveIncomeNetOfTax": "None", "ebit": "174000000", "ebitda": "331000000", "netIncome": "163000000"}, {"fiscalDateEnding": "2008-06-30", "reportedCurrency": "USD", "grossProfit": "752000000", "totalRevenue": "5076000000", "costOfRevenue": "4324000000", "costofGoodsAndServicesSold": "4324000000", "operatingIncome": "203000000", "sellingGeneralAndAdministrative": "502000000", "researchAndDevelopment": "0", "operatingExpenses": "509000000", "investmentIncomeNet": "None", "netInterestIncome": "None", "interestIncome": "None", "interestExpense": "49000000", "nonInterestIncome": "None", "otherNonOperatingIncome": "None", "depreciation": "None", "depreciationAndAmortization": "157000000", "incomeBeforeTax": "130000000", "incomeTaxExpense": "2000000", "interestAndDebtExpense": "None", "netIncomeFromContinuingOperations": "0", "comprehensiveIncomeNetOfTax": "None", "ebit": "179000000", "ebitda": "336000000", "netIncome": "117000000"}, {"fiscalDateEnding": "2008-03-31", "reportedCurrency": "USD", "grossProfit": "614000000", "totalRevenue": "4614000000", "costOfRevenue": "4000000000", "costofGoodsAndServicesSold": "4000000000", "operatingIncome": "159000000", "sellingGeneralAndAdministrative": "440000000", "researchAndDevelopment": "0", "operatingExpenses": "447000000", "investmentIncomeNet": "None", "netInterestIncome": "None", "interestIncome": "None", "interestExpense": "49000000", "nonInterestIncome": "None", "otherNonOperatingIncome": "None", "depreciation": "None", "depreciationAndAmortization": "153000000", "incomeBeforeTax": "103000000", "incomeTaxExpense": "3000000", "interestAndDebtExpense": "None", "netIncomeFromContinuingOperations": "0", "comprehensiveIncomeNetOfTax": "None", "ebit": "152000000", "ebitda": "305000000", "netIncome": "94000000"}, {"fiscalDateEnding": "2007-12-31", "reportedCurrency": "USD", "grossProfit": "838000000", "totalRevenue": "5325000000", "costOfRevenue": "4487000000", "costofGoodsAndServicesSold": "4487000000", "operatingIncome": "332000000", "sellingGeneralAndAdministrative": "484000000", "researchAndDevelopment": "421000000", "operatingExpenses": "491000000", "investmentIncomeNet": "None", "netInterestIncome": "None", "interestIncome": "None", "interestExpense": "52000000", "nonInterestIncome": "None", "otherNonOperatingIncome": "None", "depreciation": "None", "depreciationAndAmortization": "158000000", "incomeBeforeTax": "237000000", "incomeTaxExpense": "39000000", "interestAndDebtExpense": "None", "netIncomeFromContinuingOperations": "0", "comprehensiveIncomeNetOfTax": "None", "ebit": "347000000", "ebitda": "505000000", "netIncome": "187000000"}, {"fiscalDateEnding": "2007-09-30", "reportedCurrency": "USD", "grossProfit": "692000000", "totalRevenue": "4840000000", "costOfRevenue": "4148000000", "costofGoodsAndServicesSold": "4148000000", "operatingIncome": "258000000", "sellingGeneralAndAdministrative": "414000000", "researchAndDevelopment": "0", "operatingExpenses": "421000000", "investmentIncomeNet": "None", "netInterestIncome": "None", "interestIncome": "None", "interestExpense": "17000000", "nonInterestIncome": "None", "otherNonOperatingIncome": "None", "depreciation": "None", "depreciationAndAmortization": "143000000", "incomeBeforeTax": "196000000", "incomeTaxExpense": "8000000", "interestAndDebtExpense": "None", "netIncomeFromContinuingOperations": "0", "comprehensiveIncomeNetOfTax": "None", "ebit": "271000000", "ebitda": "414000000", "netIncome": "175000000"}, {"fiscalDateEnding": "2007-06-30", "reportedCurrency": "USD", "grossProfit": "733000000", "totalRevenue": "4854000000", "costOfRevenue": "4121000000", "costofGoodsAndServicesSold": "4121000000", "operatingIncome": "247000000", "sellingGeneralAndAdministrative": "463000000", "researchAndDevelopment": "0", "operatingExpenses": "470000000", "investmentIncomeNet": "None", "netInterestIncome": "None", "interestIncome": "None", "interestExpense": "2000000", "nonInterestIncome": "None", "otherNonOperatingIncome": "None", "depreciation": "None", "depreciationAndAmortization": "149000000", "incomeBeforeTax": "200000000", "incomeTaxExpense": "29000000", "interestAndDebtExpense": "None", "netIncomeFromContinuingOperations": "0", "comprehensiveIncomeNetOfTax": "None", "ebit": "263000000", "ebitda": "412000000", "netIncome": "161000000"}, {"fiscalDateEnding": "2007-03-31", "reportedCurrency": "USD", "grossProfit": "628000000", "totalRevenue": "4389000000", "costOfRevenue": "3761000000", "costofGoodsAndServicesSold": "3761000000", "operatingIncome": "226000000", "sellingGeneralAndAdministrative": "375000000", "researchAndDevelopment": "0", "operatingExpenses": "385000000", "investmentIncomeNet": "None", "netInterestIncome": "None", "interestIncome": "None", "interestExpense": "50000000", "nonInterestIncome": "None", "otherNonOperatingIncome": "None", "depreciation": "None", "depreciationAndAmortization": "143000000", "incomeBeforeTax": "171000000", "incomeTaxExpense": "41000000", "interestAndDebtExpense": "None", "netIncomeFromContinuingOperations": "0", "comprehensiveIncomeNetOfTax": "None", "ebit": "243000000", "ebitda": "386000000", "netIncome": "117000000"}, {"fiscalDateEnding": "2006-12-31", "reportedCurrency": "USD", "grossProfit": "695000000", "totalRevenue": "4954000000", "costOfRevenue": "4259000000", "costofGoodsAndServicesSold": "4259000000", "operatingIncome": "190000000", "sellingGeneralAndAdministrative": "480000000", "researchAndDevelopment": "428000000", "operatingExpenses": "490000000", "investmentIncomeNet": "None", "netInterestIncome": "None", "interestIncome": "None", "interestExpense": "50000000", "nonInterestIncome": "None", "otherNonOperatingIncome": "None", "depreciation": "None", "depreciationAndAmortization": "161000000", "incomeBeforeTax": "133000000", "incomeTaxExpense": "-2000000", "interestAndDebtExpense": "None", "netIncomeFromContinuingOperations": "0", "comprehensiveIncomeNetOfTax": "None", "ebit": "205000000", "ebitda": "366000000", "netIncome": "109000000"}, {"fiscalDateEnding": "2006-09-30", "reportedCurrency": "USD", "grossProfit": "704000000", "totalRevenue": "4843000000", "costOfRevenue": "4139000000", "costofGoodsAndServicesSold": "4139000000", "operatingIncome": "225000000", "sellingGeneralAndAdministrative": "462000000", "researchAndDevelopment": "0", "operatingExpenses": "472000000", "investmentIncomeNet": "None", "netInterestIncome": "None", "interestIncome": "None", "interestExpense": "24000000", "nonInterestIncome": "None", "otherNonOperatingIncome": "None", "depreciation": "None", "depreciationAndAmortization": "152000000", "incomeBeforeTax": "182000000", "incomeTaxExpense": "46000000", "interestAndDebtExpense": "None", "netIncomeFromContinuingOperations": "0", "comprehensiveIncomeNetOfTax": "None", "ebit": "232000000", "ebitda": "384000000", "netIncome": "117000000"}, {"fiscalDateEnding": "2006-06-30", "reportedCurrency": "USD", "grossProfit": "700000000", "totalRevenue": "4734000000", "costOfRevenue": "4034000000", "costofGoodsAndServicesSold": "4034000000", "operatingIncome": "205000000", "sellingGeneralAndAdministrative": "465000000", "researchAndDevelopment": "0", "operatingExpenses": "474000000", "investmentIncomeNet": "None", "netInterestIncome": "None", "interestIncome": "None", "interestExpense": "12000000", "nonInterestIncome": "None", "otherNonOperatingIncome": "None", "depreciation": "None", "depreciationAndAmortization": "141000000", "incomeBeforeTax": "137000000", "incomeTaxExpense": "35000000", "interestAndDebtExpense": "None", "netIncomeFromContinuingOperations": "0", "comprehensiveIncomeNetOfTax": "None", "ebit": "226000000", "ebitda": "367000000", "netIncome": "91000000"}, {"fiscalDateEnding": "2006-03-31", "reportedCurrency": "USD", "grossProfit": "557000000", "totalRevenue": "3536000000", "costOfRevenue": "2979000000", "costofGoodsAndServicesSold": "2979000000", "operatingIncome": "201000000", "sellingGeneralAndAdministrative": "344000000", "researchAndDevelopment": "0", "operatingExpenses": "344000000", "investmentIncomeNet": "None", "netInterestIncome": "None", "interestIncome": "None", "interestExpense": "29000000", "nonInterestIncome": "None", "otherNonOperatingIncome": "None", "depreciation": "None", "depreciationAndAmortization": "96000000", "incomeBeforeTax": "165000000", "incomeTaxExpense": "47000000", "interestAndDebtExpense": "None", "netIncomeFromContinuingOperations": "0", "comprehensiveIncomeNetOfTax": "None", "ebit": "213000000", "ebitda": "309000000", "netIncome": "118000000"}, {"fiscalDateEnding": "2005-12-31", "reportedCurrency": "USD", "grossProfit": "860000000", "totalRevenue": "3954000000", "costOfRevenue": "3094000000", "costofGoodsAndServicesSold": "3094000000", "operatingIncome": "218000000", "sellingGeneralAndAdministrative": "611000000", "researchAndDevelopment": "339000000", "operatingExpenses": "611000000", "investmentIncomeNet": "None", "netInterestIncome": "None", "interestIncome": "None", "interestExpense": "29000000", "nonInterestIncome": "None", "otherNonOperatingIncome": "None", "depreciation": "None", "depreciationAndAmortization": "108000000", "incomeBeforeTax": "153000000", "incomeTaxExpense": "29000000", "interestAndDebtExpense": "None", "netIncomeFromContinuingOperations": "0", "comprehensiveIncomeNetOfTax": "None", "ebit": "249000000", "ebitda": "357000000", "netIncome": "126000000"}]}