{"symbol": "ASYS", "annualReports": [{"fiscalDateEnding": "2025-09-30", "reportedCurrency": "USD", "grossProfit": "26983000", "totalRevenue": "79364000", "costOfRevenue": "52381000", "costofGoodsAndServicesSold": "52381000", "operatingIncome": "-28488000", "sellingGeneralAndAdministrative": "28951000", "researchAndDevelopment": "2649000", "operatingExpenses": "55471000", "investmentIncomeNet": "None", "netInterestIncome": "213000", "interestIncome": "239000", "interestExpense": "26000", "nonInterestIncome": "None", "otherNonOperatingIncome": "None", "depreciation": "None", "depreciationAndAmortization": "2742000", "incomeBeforeTax": "-27992000", "incomeTaxExpense": "2334000", "interestAndDebtExpense": "None", "netIncomeFromContinuingOperations": "-30326000", "comprehensiveIncomeNetOfTax": "None", "ebit": "-27966000", "ebitda": "-25224000", "netIncome": "-30326000"}, {"fiscalDateEnding": "2024-09-30", "reportedCurrency": "USD", "grossProfit": "36231000", "totalRevenue": "101214000", "costOfRevenue": "64983000", "costofGoodsAndServicesSold": "64983000", "operatingIncome": "-6729000", "sellingGeneralAndAdministrative": "33814000", "researchAndDevelopment": "4193000", "operatingExpenses": "42960000", "investmentIncomeNet": "None", "netInterestIncome": "-500000", "interestIncome": "57000", "interestExpense": "557000", "nonInterestIncome": "None", "otherNonOperatingIncome": "None", "depreciation": "None", "depreciationAndAmortization": "3029000", "incomeBeforeTax": "-7511000", "incomeTaxExpense": "975000", "interestAndDebtExpense": "None", "netIncomeFromContinuingOperations": "-8486000", "comprehensiveIncomeNetOfTax": "None", "ebit": "-6954000", "ebitda": "-3925000", "netIncome": "-8486000"}, {"fiscalDateEnding": "2023-09-30", "reportedCurrency": "USD", "grossProfit": "35552000", "totalRevenue": "113315000", "costOfRevenue": "77763000", "costofGoodsAndServicesSold": "77763000", "operatingIncome": "-14970000", "sellingGeneralAndAdministrative": "41415000", "researchAndDevelopment": "7311000", "operatingExpenses": "50522000", "investmentIncomeNet": "None", "netInterestIncome": "-154000", "interestIncome": "366000", "interestExpense": "520000", "nonInterestIncome": "None", "otherNonOperatingIncome": "None", "depreciation": "None", "depreciationAndAmortization": "5012000", "incomeBeforeTax": "-15182000", "incomeTaxExpense": "-2600000", "interestAndDebtExpense": "None", "netIncomeFromContinuingOperations": "-12582000", "comprehensiveIncomeNetOfTax": "None", "ebit": "-14662000", "ebitda": "-9650000", "netIncome": "-12582000"}, {"fiscalDateEnding": "2022-09-30", "reportedCurrency": "USD", "grossProfit": "39511000", "totalRevenue": "106298000", "costOfRevenue": "66787000", "costofGoodsAndServicesSold": "66787000", "operatingIncome": "17286000", "sellingGeneralAndAdministrative": "27900000", "researchAndDevelopment": "6390000", "operatingExpenses": "22225000", "investmentIncomeNet": "None", "netInterestIncome": "1499000", "interestIncome": "210000", "interestExpense": "164000", "nonInterestIncome": "None", "otherNonOperatingIncome": "None", "depreciation": "None", "depreciationAndAmortization": "1729000", "incomeBeforeTax": "18785000", "incomeTaxExpense": "1418000", "interestAndDebtExpense": "None", "netIncomeFromContinuingOperations": "17367000", "comprehensiveIncomeNetOfTax": "None", "ebit": "18949000", "ebitda": "20678000", "netIncome": "17367000"}, {"fiscalDateEnding": "2021-09-30", "reportedCurrency": "USD", "grossProfit": "34530000", "totalRevenue": "85205000", "costOfRevenue": "50675000", "costofGoodsAndServicesSold": "50675000", "operatingIncome": "3725000", "sellingGeneralAndAdministrative": "24540000", "researchAndDevelopment": "5979000", "operatingExpenses": "30805000", "investmentIncomeNet": "None", "netInterestIncome": "-291000", "interestIncome": "53000", "interestExpense": "239000", "nonInterestIncome": "None", "otherNonOperatingIncome": "-291000", "depreciation": "None", "depreciationAndAmortization": "1398000", "incomeBeforeTax": "3434000", "incomeTaxExpense": "1926000", "interestAndDebtExpense": "None", "netIncomeFromContinuingOperations": "1508000", "comprehensiveIncomeNetOfTax": "None", "ebit": "3673000", "ebitda": "5071000", "netIncome": "1508000"}, {"fiscalDateEnding": "2020-09-30", "reportedCurrency": "USD", "grossProfit": "24441000", "totalRevenue": "65463000", "costOfRevenue": "41022000", "costofGoodsAndServicesSold": "41022000", "operatingIncome": "-485000", "sellingGeneralAndAdministrative": "21097000", "researchAndDevelopment": "3312000", "operatingExpenses": "24926000", "investmentIncomeNet": "None", "netInterestIncome": "162000", "interestIncome": "162000", "interestExpense": "17674000", "nonInterestIncome": "None", "otherNonOperatingIncome": "162000", "depreciation": "None", "depreciationAndAmortization": "1258000", "incomeBeforeTax": "-3116000", "incomeTaxExpense": "791000", "interestAndDebtExpense": "None", "netIncomeFromContinuingOperations": "-3907000", "comprehensiveIncomeNetOfTax": "None", "ebit": "-268000", "ebitda": "990000", "netIncome": "-15723000"}, {"fiscalDateEnding": "2019-09-30", "reportedCurrency": "USD", "grossProfit": "33357000", "totalRevenue": "85035000", "costOfRevenue": "51678000", "costofGoodsAndServicesSold": "51678000", "operatingIncome": "4916000", "sellingGeneralAndAdministrative": "23863000", "researchAndDevelopment": "3068000", "operatingExpenses": "28441000", "investmentIncomeNet": "None", "netInterestIncome": "852000", "interestIncome": "852000", "interestExpense": "9665000", "nonInterestIncome": "None", "otherNonOperatingIncome": "None", "depreciation": "None", "depreciationAndAmortization": "1690000", "incomeBeforeTax": "5768000", "incomeTaxExpense": "2633000", "interestAndDebtExpense": "None", "netIncomeFromContinuingOperations": "3135000", "comprehensiveIncomeNetOfTax": "None", "ebit": "6026000", "ebitda": "7716000", "netIncome": "-5162000"}, {"fiscalDateEnding": "2018-09-30", "reportedCurrency": "USD", "grossProfit": "36918000", "totalRevenue": "100053000", "costOfRevenue": "63135000", "costofGoodsAndServicesSold": "63135000", "operatingIncome": "6072000", "sellingGeneralAndAdministrative": "25243000", "researchAndDevelopment": "2856000", "operatingExpenses": "30846000", "investmentIncomeNet": "None", "netInterestIncome": "489000", "interestIncome": "972000", "interestExpense": "489000", "nonInterestIncome": "None", "otherNonOperatingIncome": "3606000", "depreciation": "None", "depreciationAndAmortization": "1854000", "incomeBeforeTax": "9927000", "incomeTaxExpense": "3296000", "interestAndDebtExpense": "None", "netIncomeFromContinuingOperations": "5305000", "comprehensiveIncomeNetOfTax": "None", "ebit": "8319000", "ebitda": "10173000", "netIncome": "5305000"}, {"fiscalDateEnding": "2017-09-30", "reportedCurrency": "USD", "grossProfit": "31106000", "totalRevenue": "83073000", "costOfRevenue": "51967000", "costofGoodsAndServicesSold": "51967000", "operatingIncome": "3641000", "sellingGeneralAndAdministrative": "35135000", "researchAndDevelopment": "2738000", "operatingExpenses": "27465000", "investmentIncomeNet": "None", "netInterestIncome": "-178000", "interestIncome": "38000", "interestExpense": "178000", "nonInterestIncome": "None", "otherNonOperatingIncome": "-595000", "depreciation": "None", "depreciationAndAmortization": "2493000", "incomeBeforeTax": "3603000", "incomeTaxExpense": "1409000", "interestAndDebtExpense": "None", "netIncomeFromContinuingOperations": "8086000", "comprehensiveIncomeNetOfTax": "None", "ebit": "3641000", "ebitda": "6134000", "netIncome": "9131000"}, {"fiscalDateEnding": "2016-09-30", "reportedCurrency": "USD", "grossProfit": "34063000", "totalRevenue": "120308000", "costOfRevenue": "86245000", "costofGoodsAndServicesSold": "86245000", "operatingIncome": "-7908000", "sellingGeneralAndAdministrative": "33367000", "researchAndDevelopment": "8004000", "operatingExpenses": "41971000", "investmentIncomeNet": "None", "netInterestIncome": "-417000", "interestIncome": "118000", "interestExpense": "417000", "nonInterestIncome": "None", "otherNonOperatingIncome": "2458000", "depreciation": "None", "depreciationAndAmortization": "2974000", "incomeBeforeTax": "-5450000", "incomeTaxExpense": "3100000", "interestAndDebtExpense": "None", "netIncomeFromContinuingOperations": "-8550000", "comprehensiveIncomeNetOfTax": "None", "ebit": "-7908000", "ebitda": "-4934000", "netIncome": "-7008000"}, {"fiscalDateEnding": "2015-09-30", "reportedCurrency": "USD", "grossProfit": "27008000", "totalRevenue": "104883000", "costOfRevenue": "77875000", "costofGoodsAndServicesSold": "77875000", "operatingIncome": "-13521000", "sellingGeneralAndAdministrative": "28528000", "researchAndDevelopment": "6918000", "operatingExpenses": "40529000", "investmentIncomeNet": "None", "netInterestIncome": "None", "interestIncome": "100000", "interestExpense": "100000", "nonInterestIncome": "None", "otherNonOperatingIncome": "8714000", "depreciation": "None", "depreciationAndAmortization": "3357000", "incomeBeforeTax": "-4807000", "incomeTaxExpense": "1910000", "interestAndDebtExpense": "None", "netIncomeFromContinuingOperations": "-6717000", "comprehensiveIncomeNetOfTax": "None", "ebit": "-12938000", "ebitda": "-9581000", "netIncome": "-7771000"}, {"fiscalDateEnding": "2014-09-30", "reportedCurrency": "USD", "grossProfit": "11626000", "totalRevenue": "56501000", "costOfRevenue": "44875000", "costofGoodsAndServicesSold": "44875000", "operatingIncome": "-13089000", "sellingGeneralAndAdministrative": "18424000", "researchAndDevelopment": "6291000", "operatingExpenses": "24715000", "investmentIncomeNet": "None", "netInterestIncome": "None", "interestIncome": "None", "interestExpense": "0", "nonInterestIncome": "None", "otherNonOperatingIncome": "40000", "depreciation": "None", "depreciationAndAmortization": "2410000", "incomeBeforeTax": "-13049000", "incomeTaxExpense": "1240000", "interestAndDebtExpense": "None", "netIncomeFromContinuingOperations": "-14289000", "comprehensiveIncomeNetOfTax": "None", "ebit": "-13089000", "ebitda": "-10679000", "netIncome": "-13047000"}, {"fiscalDateEnding": "2013-09-30", "reportedCurrency": "USD", "grossProfit": "4313000", "totalRevenue": "34798000", "costOfRevenue": "30485000", "costofGoodsAndServicesSold": "30485000", "operatingIncome": "-19994000", "sellingGeneralAndAdministrative": "16830000", "researchAndDevelopment": "6594000", "operatingExpenses": "24307000", "investmentIncomeNet": "None", "netInterestIncome": "None", "interestIncome": "None", "interestExpense": "0", "nonInterestIncome": "None", "otherNonOperatingIncome": "147000", "depreciation": "None", "depreciationAndAmortization": "2667000", "incomeBeforeTax": "-19847000", "incomeTaxExpense": "1860000", "interestAndDebtExpense": "None", "netIncomeFromContinuingOperations": "-21707000", "comprehensiveIncomeNetOfTax": "None", "ebit": "-19111000", "ebitda": "-16444000", "netIncome": "-20069000"}, {"fiscalDateEnding": "2012-09-30", "reportedCurrency": "USD", "grossProfit": "9193000", "totalRevenue": "81539000", "costOfRevenue": "72346000", "costofGoodsAndServicesSold": "72346000", "operatingIncome": "-32984000", "sellingGeneralAndAdministrative": "23055000", "researchAndDevelopment": "13694000", "operatingExpenses": "42177000", "investmentIncomeNet": "None", "netInterestIncome": "None", "interestIncome": "None", "interestExpense": "66000", "nonInterestIncome": "None", "otherNonOperatingIncome": "66000", "depreciation": "None", "depreciationAndAmortization": "2858000", "incomeBeforeTax": "-32918000", "incomeTaxExpense": "-5320000", "interestAndDebtExpense": "None", "netIncomeFromContinuingOperations": "-38238000", "comprehensiveIncomeNetOfTax": "None", "ebit": "-27556000", "ebitda": "-24698000", "netIncome": "-23031000"}, {"fiscalDateEnding": "2011-09-30", "reportedCurrency": "USD", "grossProfit": "90657000", "totalRevenue": "246705000", "costOfRevenue": "156048000", "costofGoodsAndServicesSold": "156048000", "operatingIncome": "38279000", "sellingGeneralAndAdministrative": "43739000", "researchAndDevelopment": "5784000", "operatingExpenses": "52378000", "investmentIncomeNet": "None", "netInterestIncome": "None", "interestIncome": "None", "interestExpense": "30000", "nonInterestIncome": "None", "otherNonOperatingIncome": "30000", "depreciation": "None", "depreciationAndAmortization": "2814000", "incomeBeforeTax": "38309000", "incomeTaxExpense": "16190000", "interestAndDebtExpense": "None", "netIncomeFromContinuingOperations": "22119000", "comprehensiveIncomeNetOfTax": "None", "ebit": "41134000", "ebitda": "43948000", "netIncome": "22882000"}, {"fiscalDateEnding": "2010-09-30", "reportedCurrency": "USD", "grossProfit": "42712000", "totalRevenue": "120019000", "costOfRevenue": "77307000", "costofGoodsAndServicesSold": "77307000", "operatingIncome": "15909000", "sellingGeneralAndAdministrative": "24075000", "researchAndDevelopment": "2118000", "operatingExpenses": "26803000", "investmentIncomeNet": "None", "netInterestIncome": "None", "interestIncome": "None", "interestExpense": "196000", "nonInterestIncome": "None", "otherNonOperatingIncome": "None", "depreciation": "None", "depreciationAndAmortization": "1763000", "incomeBeforeTax": "15713000", "incomeTaxExpense": "6150000", "interestAndDebtExpense": "None", "netIncomeFromContinuingOperations": "None", "comprehensiveIncomeNetOfTax": "None", "ebit": "16519000", "ebitda": "18282000", "netIncome": "9563000"}, {"fiscalDateEnding": "2009-09-30", "reportedCurrency": "USD", "grossProfit": "15019000", "totalRevenue": "52973000", "costOfRevenue": "37954000", "costofGoodsAndServicesSold": "37954000", "operatingIncome": "-1938000", "sellingGeneralAndAdministrative": "14766000", "researchAndDevelopment": "509000", "operatingExpenses": "16957000", "investmentIncomeNet": "None", "netInterestIncome": "None", "interestIncome": "None", "interestExpense": "71000", "nonInterestIncome": "None", "otherNonOperatingIncome": "None", "depreciation": "None", "depreciationAndAmortization": "1559000", "incomeBeforeTax": "-2009000", "incomeTaxExpense": "-420000", "interestAndDebtExpense": "None", "netIncomeFromContinuingOperations": "None", "comprehensiveIncomeNetOfTax": "None", "ebit": "-256000", "ebitda": "1303000", "netIncome": "-1589000"}, {"fiscalDateEnding": "2008-09-30", "reportedCurrency": "USD", "grossProfit": "22961000", "totalRevenue": "80296000", "costOfRevenue": "57335000", "costofGoodsAndServicesSold": "57335000", "operatingIncome": "3802000", "sellingGeneralAndAdministrative": "17709000", "researchAndDevelopment": "1094000", "operatingExpenses": "19159000", "investmentIncomeNet": "None", "netInterestIncome": "None", "interestIncome": "None", "interestExpense": "745000", "nonInterestIncome": "None", "otherNonOperatingIncome": "None", "depreciation": "None", "depreciationAndAmortization": "1339000", "incomeBeforeTax": "4547000", "incomeTaxExpense": "1690000", "interestAndDebtExpense": "None", "netIncomeFromContinuingOperations": "None", "comprehensiveIncomeNetOfTax": "None", "ebit": "4158000", "ebitda": "5497000", "netIncome": "2857000"}, {"fiscalDateEnding": "2007-09-30", "reportedCurrency": "USD", "grossProfit": "12810000", "totalRevenue": "45984000", "costOfRevenue": "33174000", "costofGoodsAndServicesSold": "33174000", "operatingIncome": "1741000", "sellingGeneralAndAdministrative": "10505000", "researchAndDevelopment": "564000", "operatingExpenses": "11069000", "investmentIncomeNet": "None", "netInterestIncome": "None", "interestIncome": "None", "interestExpense": "0", "nonInterestIncome": "None", "otherNonOperatingIncome": "None", "depreciation": "None", "depreciationAndAmortization": "706000", "incomeBeforeTax": "2077000", "incomeTaxExpense": "-340000", "interestAndDebtExpense": "None", "netIncomeFromContinuingOperations": "None", "comprehensiveIncomeNetOfTax": "None", "ebit": "1741000", "ebitda": "2447000", "netIncome": "2417000"}, {"fiscalDateEnding": "2006-09-30", "reportedCurrency": "USD", "grossProfit": "10575000", "totalRevenue": "40445000", "costOfRevenue": "29870000", "costofGoodsAndServicesSold": "29870000", "operatingIncome": "1635000", "sellingGeneralAndAdministrative": "8313000", "researchAndDevelopment": "437000", "operatingExpenses": "8940000", "investmentIncomeNet": "None", "netInterestIncome": "None", "interestIncome": "None", "interestExpense": "37000", "nonInterestIncome": "None", "otherNonOperatingIncome": "None", "depreciation": "None", "depreciationAndAmortization": "642000", "incomeBeforeTax": "1598000", "incomeTaxExpense": "280000", "interestAndDebtExpense": "None", "netIncomeFromContinuingOperations": "None", "comprehensiveIncomeNetOfTax": "None", "ebit": "1825000", "ebitda": "2467000", "netIncome": "1318000"}], "quarterlyReports": [{"fiscalDateEnding": "2025-12-31", "reportedCurrency": "USD", "grossProfit": "8493000", "totalRevenue": "18973000", "costOfRevenue": "10480000", "costofGoodsAndServicesSold": "10480000", "operatingIncome": "775000", "sellingGeneralAndAdministrative": "6878000", "researchAndDevelopment": "840000", "operatingExpenses": "7718000", "investmentIncomeNet": "None", "netInterestIncome": "108000", "interestIncome": "115000", "interestExpense": "7000", "nonInterestIncome": "None", "otherNonOperatingIncome": "None", "depreciation": "None", "depreciationAndAmortization": "614000", "incomeBeforeTax": "689000", "incomeTaxExpense": "581000", "interestAndDebtExpense": "None", "netIncomeFromContinuingOperations": "108000", "comprehensiveIncomeNetOfTax": "None", "ebit": "696000", "ebitda": "1310000", "netIncome": "108000"}, {"fiscalDateEnding": "2025-09-30", "reportedCurrency": "USD", "grossProfit": "8814000", "totalRevenue": "19842000", "costOfRevenue": "11028000", "costofGoodsAndServicesSold": "11028000", "operatingIncome": "1840000", "sellingGeneralAndAdministrative": "6398000", "researchAndDevelopment": "579000", "operatingExpenses": "6974000", "investmentIncomeNet": "None", "netInterestIncome": "113000", "interestIncome": "120000", "interestExpense": "7000", "nonInterestIncome": "None", "otherNonOperatingIncome": "None", "depreciation": "None", "depreciationAndAmortization": "575000", "incomeBeforeTax": "1338000", "incomeTaxExpense": "818000", "interestAndDebtExpense": "None", "netIncomeFromContinuingOperations": "520000", "comprehensiveIncomeNetOfTax": "None", "ebit": "1345000", "ebitda": "1920000", "netIncome": "520000"}, {"fiscalDateEnding": "2025-06-30", "reportedCurrency": "USD", "grossProfit": "9132000", "totalRevenue": "19557000", "costOfRevenue": "10425000", "costofGoodsAndServicesSold": "10425000", "operatingIncome": "915000", "sellingGeneralAndAdministrative": "7387000", "researchAndDevelopment": "364000", "operatingExpenses": "8217000", "investmentIncomeNet": "None", "netInterestIncome": "83000", "interestIncome": "88000", "interestExpense": "5000", "nonInterestIncome": "None", "otherNonOperatingIncome": "None", "depreciation": "None", "depreciationAndAmortization": "594000", "incomeBeforeTax": "995000", "incomeTaxExpense": "799000", "interestAndDebtExpense": "None", "netIncomeFromContinuingOperations": "196000", "comprehensiveIncomeNetOfTax": "None", "ebit": "1000000", "ebitda": "1594000", "netIncome": "196000"}, {"fiscalDateEnding": "2025-03-31", "reportedCurrency": "USD", "grossProfit": "-325000", "totalRevenue": "15580000", "costOfRevenue": "15905000", "costofGoodsAndServicesSold": "15905000", "operatingIncome": "-31583000", "sellingGeneralAndAdministrative": "7115000", "researchAndDevelopment": "832000", "operatingExpenses": "31258000", "investmentIncomeNet": "None", "netInterestIncome": "21000", "interestIncome": "27000", "interestExpense": "6000", "nonInterestIncome": "None", "otherNonOperatingIncome": "None", "depreciation": "None", "depreciationAndAmortization": "821000", "incomeBeforeTax": "-31540000", "incomeTaxExpense": "272000", "interestAndDebtExpense": "None", "netIncomeFromContinuingOperations": "-31812000", "comprehensiveIncomeNetOfTax": "None", "ebit": "-31534000", "ebitda": "-30713000", "netIncome": "-31812000"}, {"fiscalDateEnding": "2024-12-31", "reportedCurrency": "USD", "grossProfit": "9363000", "totalRevenue": "24385000", "costOfRevenue": "15022000", "costofGoodsAndServicesSold": "15022000", "operatingIncome": "339000", "sellingGeneralAndAdministrative": "8051000", "researchAndDevelopment": "876000", "operatingExpenses": "9024000", "investmentIncomeNet": "None", "netInterestIncome": "-2000", "interestIncome": "5000", "interestExpense": "7000", "nonInterestIncome": "None", "otherNonOperatingIncome": "None", "depreciation": "None", "depreciationAndAmortization": "752000", "incomeBeforeTax": "757000", "incomeTaxExpense": "445000", "interestAndDebtExpense": "None", "netIncomeFromContinuingOperations": "312000", "comprehensiveIncomeNetOfTax": "None", "ebit": "764000", "ebitda": "1516000", "netIncome": "312000"}, {"fiscalDateEnding": "2024-09-30", "reportedCurrency": "USD", "grossProfit": "9803000", "totalRevenue": "24112000", "costOfRevenue": "14309000", "costofGoodsAndServicesSold": "14309000", "operatingIncome": "26000", "sellingGeneralAndAdministrative": "8786000", "researchAndDevelopment": "991000", "operatingExpenses": "9777000", "investmentIncomeNet": "None", "netInterestIncome": "-37000", "interestIncome": "22000", "interestExpense": "59000", "nonInterestIncome": "None", "otherNonOperatingIncome": "None", "depreciation": "None", "depreciationAndAmortization": "719000", "incomeBeforeTax": "-299000", "incomeTaxExpense": "237000", "interestAndDebtExpense": "None", "netIncomeFromContinuingOperations": "-536000", "comprehensiveIncomeNetOfTax": "None", "ebit": "-240000", "ebitda": "479000", "netIncome": "-536000"}, {"fiscalDateEnding": "2024-06-30", "reportedCurrency": "USD", "grossProfit": "9758000", "totalRevenue": "26749000", "costOfRevenue": "16991000", "costofGoodsAndServicesSold": "16991000", "operatingIncome": "816000", "sellingGeneralAndAdministrative": "8209000", "researchAndDevelopment": "693000", "operatingExpenses": "8942000", "investmentIncomeNet": "None", "netInterestIncome": "-105000", "interestIncome": "2000", "interestExpense": "107000", "nonInterestIncome": "None", "otherNonOperatingIncome": "None", "depreciation": "None", "depreciationAndAmortization": "738000", "incomeBeforeTax": "895000", "incomeTaxExpense": "457000", "interestAndDebtExpense": "None", "netIncomeFromContinuingOperations": "438000", "comprehensiveIncomeNetOfTax": "None", "ebit": "1002000", "ebitda": "1740000", "netIncome": "438000"}, {"fiscalDateEnding": "2024-03-31", "reportedCurrency": "USD", "grossProfit": "8451000", "totalRevenue": "25433000", "costOfRevenue": "16982000", "costofGoodsAndServicesSold": "16982000", "operatingIncome": "1363000", "sellingGeneralAndAdministrative": "8252000", "researchAndDevelopment": "921000", "operatingExpenses": "7088000", "investmentIncomeNet": "None", "netInterestIncome": "-179000", "interestIncome": "14000", "interestExpense": "193000", "nonInterestIncome": "None", "otherNonOperatingIncome": "None", "depreciation": "None", "depreciationAndAmortization": "720000", "incomeBeforeTax": "1193000", "incomeTaxExpense": "223000", "interestAndDebtExpense": "None", "netIncomeFromContinuingOperations": "970000", "comprehensiveIncomeNetOfTax": "None", "ebit": "1386000", "ebitda": "2106000", "netIncome": "970000"}, {"fiscalDateEnding": "2023-12-31", "reportedCurrency": "USD", "grossProfit": "8219000", "totalRevenue": "24920000", "costOfRevenue": "16701000", "costofGoodsAndServicesSold": "16701000", "operatingIncome": "-8934000", "sellingGeneralAndAdministrative": "8567000", "researchAndDevelopment": "1588000", "operatingExpenses": "17153000", "investmentIncomeNet": "None", "netInterestIncome": "-179000", "interestIncome": "19000", "interestExpense": "198000", "nonInterestIncome": "None", "otherNonOperatingIncome": "None", "depreciation": "None", "depreciationAndAmortization": "852000", "incomeBeforeTax": "-9300000", "incomeTaxExpense": "58000", "interestAndDebtExpense": "None", "netIncomeFromContinuingOperations": "-9358000", "comprehensiveIncomeNetOfTax": "None", "ebit": "-9102000", "ebitda": "-8250000", "netIncome": "-9358000"}, {"fiscalDateEnding": "2023-09-30", "reportedCurrency": "USD", "grossProfit": "2794000", "totalRevenue": "27707000", "costOfRevenue": "24913000", "costofGoodsAndServicesSold": "24913000", "operatingIncome": "-11690000", "sellingGeneralAndAdministrative": "10300000", "researchAndDevelopment": "2597000", "operatingExpenses": "14484000", "investmentIncomeNet": "None", "netInterestIncome": "-128000", "interestIncome": "None", "interestExpense": "178000", "nonInterestIncome": "None", "otherNonOperatingIncome": "None", "depreciation": "None", "depreciationAndAmortization": "1577000", "incomeBeforeTax": "-11876000", "incomeTaxExpense": "139000", "interestAndDebtExpense": "None", "netIncomeFromContinuingOperations": "-12015000", "comprehensiveIncomeNetOfTax": "None", "ebit": "-11782000", "ebitda": "-10205000", "netIncome": "-12015000"}, {"fiscalDateEnding": "2023-06-30", "reportedCurrency": "USD", "grossProfit": "10985000", "totalRevenue": "30740000", "costOfRevenue": "19755000", "costofGoodsAndServicesSold": "19755000", "operatingIncome": "-1119000", "sellingGeneralAndAdministrative": "10300000", "researchAndDevelopment": "1804000", "operatingExpenses": "12104000", "investmentIncomeNet": "None", "netInterestIncome": "303000", "interestIncome": "17000", "interestExpense": "185000", "nonInterestIncome": "None", "otherNonOperatingIncome": "None", "depreciation": "None", "depreciationAndAmortization": "1548000", "incomeBeforeTax": "-816000", "incomeTaxExpense": "211000", "interestAndDebtExpense": "None", "netIncomeFromContinuingOperations": "-1027000", "comprehensiveIncomeNetOfTax": "None", "ebit": "-631000", "ebitda": "917000", "netIncome": "-1027000"}, {"fiscalDateEnding": "2023-03-31", "reportedCurrency": "USD", "grossProfit": "13470000", "totalRevenue": "33310000", "costOfRevenue": "19840000", "costofGoodsAndServicesSold": "19840000", "operatingIncome": "519000", "sellingGeneralAndAdministrative": "11434000", "researchAndDevelopment": "1517000", "operatingExpenses": "12951000", "investmentIncomeNet": "None", "netInterestIncome": "-261000", "interestIncome": "49000", "interestExpense": "155000", "nonInterestIncome": "None", "otherNonOperatingIncome": "-261000", "depreciation": "None", "depreciationAndAmortization": "1499000", "incomeBeforeTax": "258000", "incomeTaxExpense": "-2946000", "interestAndDebtExpense": "None", "netIncomeFromContinuingOperations": "3204000", "comprehensiveIncomeNetOfTax": "None", "ebit": "413000", "ebitda": "1912000", "netIncome": "3204000"}, {"fiscalDateEnding": "2022-12-31", "reportedCurrency": "USD", "grossProfit": "8303000", "totalRevenue": "21558000", "costOfRevenue": "13255000", "costofGoodsAndServicesSold": "13255000", "operatingIncome": "-2680000", "sellingGeneralAndAdministrative": "9590000", "researchAndDevelopment": "1393000", "operatingExpenses": "10983000", "investmentIncomeNet": "None", "netInterestIncome": "-68000", "interestIncome": "290000", "interestExpense": "2000", "nonInterestIncome": "None", "otherNonOperatingIncome": "-68000", "depreciation": "None", "depreciationAndAmortization": "388000", "incomeBeforeTax": "-2748000", "incomeTaxExpense": "-4000", "interestAndDebtExpense": "None", "netIncomeFromContinuingOperations": "-2744000", "comprehensiveIncomeNetOfTax": "None", "ebit": "-2746000", "ebitda": "-2358000", "netIncome": "-2744000"}, {"fiscalDateEnding": "2022-09-30", "reportedCurrency": "USD", "grossProfit": "12553000", "totalRevenue": "32315000", "costOfRevenue": "19762000", "costofGoodsAndServicesSold": "19762000", "operatingIncome": "3889000", "sellingGeneralAndAdministrative": "6892000", "researchAndDevelopment": "1372000", "operatingExpenses": "8664000", "investmentIncomeNet": "None", "netInterestIncome": "872000", "interestIncome": "None", "interestExpense": "872000", "nonInterestIncome": "None", "otherNonOperatingIncome": "None", "depreciation": "None", "depreciationAndAmortization": "399000", "incomeBeforeTax": "4761000", "incomeTaxExpense": "578000", "interestAndDebtExpense": "None", "netIncomeFromContinuingOperations": "4183000", "comprehensiveIncomeNetOfTax": "None", "ebit": "3889000", "ebitda": "4288000", "netIncome": "4183000"}, {"fiscalDateEnding": "2022-06-30", "reportedCurrency": "USD", "grossProfit": "5900000", "totalRevenue": "19964000", "costOfRevenue": "14064000", "costofGoodsAndServicesSold": "14064000", "operatingIncome": "9562000", "sellingGeneralAndAdministrative": "7157000", "researchAndDevelopment": "1646000", "operatingExpenses": "-3662000", "investmentIncomeNet": "None", "netInterestIncome": "680000", "interestIncome": "None", "interestExpense": "680000", "nonInterestIncome": "None", "otherNonOperatingIncome": "680000", "depreciation": "None", "depreciationAndAmortization": "466000", "incomeBeforeTax": "10242000", "incomeTaxExpense": "20000", "interestAndDebtExpense": "None", "netIncomeFromContinuingOperations": "10222000", "comprehensiveIncomeNetOfTax": "None", "ebit": "-2903000", "ebitda": "-2437000", "netIncome": "10222000"}, {"fiscalDateEnding": "2022-03-31", "reportedCurrency": "USD", "grossProfit": "11160000", "totalRevenue": "27556000", "costOfRevenue": "16396000", "costofGoodsAndServicesSold": "16396000", "operatingIncome": "2595000", "sellingGeneralAndAdministrative": "7788000", "researchAndDevelopment": "1800000", "operatingExpenses": "8565000", "investmentIncomeNet": "None", "netInterestIncome": "30000", "interestIncome": "None", "interestExpense": "30000", "nonInterestIncome": "None", "otherNonOperatingIncome": "30000", "depreciation": "None", "depreciationAndAmortization": "434000", "incomeBeforeTax": "2625000", "incomeTaxExpense": "660000", "interestAndDebtExpense": "None", "netIncomeFromContinuingOperations": "1965000", "comprehensiveIncomeNetOfTax": "None", "ebit": "2595000", "ebitda": "3029000", "netIncome": "1965000"}, {"fiscalDateEnding": "2021-12-31", "reportedCurrency": "USD", "grossProfit": "9898000", "totalRevenue": "26463000", "costOfRevenue": "16565000", "costofGoodsAndServicesSold": "16565000", "operatingIncome": "1240000", "sellingGeneralAndAdministrative": "7952000", "researchAndDevelopment": "1572000", "operatingExpenses": "8658000", "investmentIncomeNet": "None", "netInterestIncome": "-83000", "interestIncome": "None", "interestExpense": "83000", "nonInterestIncome": "None", "otherNonOperatingIncome": "-83000", "depreciation": "None", "depreciationAndAmortization": "430000", "incomeBeforeTax": "1157000", "incomeTaxExpense": "160000", "interestAndDebtExpense": "None", "netIncomeFromContinuingOperations": "997000", "comprehensiveIncomeNetOfTax": "None", "ebit": "1240000", "ebitda": "1670000", "netIncome": "997000"}, {"fiscalDateEnding": "2021-09-30", "reportedCurrency": "USD", "grossProfit": "9211000", "totalRevenue": "24340000", "costOfRevenue": "15129000", "costofGoodsAndServicesSold": "15129000", "operatingIncome": "1296000", "sellingGeneralAndAdministrative": "6358000", "researchAndDevelopment": "1342000", "operatingExpenses": "7915000", "investmentIncomeNet": "None", "netInterestIncome": "46000", "interestIncome": "46000", "interestExpense": "510000", "nonInterestIncome": "None", "otherNonOperatingIncome": "46000", "depreciation": "None", "depreciationAndAmortization": "360000", "incomeBeforeTax": "1342000", "incomeTaxExpense": "676000", "interestAndDebtExpense": "None", "netIncomeFromContinuingOperations": "666000", "comprehensiveIncomeNetOfTax": "None", "ebit": "1225000", "ebitda": "1585000", "netIncome": "666000"}, {"fiscalDateEnding": "2021-06-30", "reportedCurrency": "USD", "grossProfit": "10079000", "totalRevenue": "23100000", "costOfRevenue": "13021000", "costofGoodsAndServicesSold": "13021000", "operatingIncome": "1204000", "sellingGeneralAndAdministrative": "7281000", "researchAndDevelopment": "1523000", "operatingExpenses": "8875000", "investmentIncomeNet": "None", "netInterestIncome": "-155000", "interestIncome": "None", "interestExpense": "155000", "nonInterestIncome": "None", "otherNonOperatingIncome": "-155000", "depreciation": "None", "depreciationAndAmortization": "394000", "incomeBeforeTax": "1049000", "incomeTaxExpense": "680000", "interestAndDebtExpense": "None", "netIncomeFromContinuingOperations": "369000", "comprehensiveIncomeNetOfTax": "None", "ebit": "1275000", "ebitda": "1669000", "netIncome": "369000"}, {"fiscalDateEnding": "2021-03-31", "reportedCurrency": "USD", "grossProfit": "7728000", "totalRevenue": "19790000", "costOfRevenue": "12062000", "costofGoodsAndServicesSold": "12062000", "operatingIncome": "171000", "sellingGeneralAndAdministrative": "5688000", "researchAndDevelopment": "1869000", "operatingExpenses": "7557000", "investmentIncomeNet": "None", "netInterestIncome": "73000", "interestIncome": "73000", "interestExpense": "73000", "nonInterestIncome": "None", "otherNonOperatingIncome": "73000", "depreciation": "None", "depreciationAndAmortization": "319000", "incomeBeforeTax": "244000", "incomeTaxExpense": "490000", "interestAndDebtExpense": "None", "netIncomeFromContinuingOperations": "-246000", "comprehensiveIncomeNetOfTax": "None", "ebit": "171000", "ebitda": "490000", "netIncome": "-246000"}, {"fiscalDateEnding": "2020-12-31", "reportedCurrency": "USD", "grossProfit": "7512000", "totalRevenue": "17975000", "costOfRevenue": "10463000", "costofGoodsAndServicesSold": "10463000", "operatingIncome": "1054000", "sellingGeneralAndAdministrative": "5213000", "researchAndDevelopment": "1245000", "operatingExpenses": "6458000", "investmentIncomeNet": "None", "netInterestIncome": "-255000", "interestIncome": "None", "interestExpense": "255000", "nonInterestIncome": "None", "otherNonOperatingIncome": "-255000", "depreciation": "None", "depreciationAndAmortization": "325000", "incomeBeforeTax": "799000", "incomeTaxExpense": "80000", "interestAndDebtExpense": "None", "netIncomeFromContinuingOperations": "719000", "comprehensiveIncomeNetOfTax": "None", "ebit": "1054000", "ebitda": "1379000", "netIncome": "719000"}, {"fiscalDateEnding": "2020-09-30", "reportedCurrency": "USD", "grossProfit": "4958000", "totalRevenue": "15084000", "costOfRevenue": "10126000", "costofGoodsAndServicesSold": "10126000", "operatingIncome": "-1181000", "sellingGeneralAndAdministrative": "4963000", "researchAndDevelopment": "876000", "operatingExpenses": "6139000", "investmentIncomeNet": "None", "netInterestIncome": "-350000", "interestIncome": "None", "interestExpense": "350000", "nonInterestIncome": "None", "otherNonOperatingIncome": "2443000", "depreciation": "None", "depreciationAndAmortization": "326000", "incomeBeforeTax": "-1531000", "incomeTaxExpense": "494000", "interestAndDebtExpense": "None", "netIncomeFromContinuingOperations": "-2025000", "comprehensiveIncomeNetOfTax": "None", "ebit": "-1181000", "ebitda": "-855000", "netIncome": "-2025000"}, {"fiscalDateEnding": "2020-06-30", "reportedCurrency": "USD", "grossProfit": "5951000", "totalRevenue": "15227000", "costOfRevenue": "9276000", "costofGoodsAndServicesSold": "9276000", "operatingIncome": "31000", "sellingGeneralAndAdministrative": "4804000", "researchAndDevelopment": "899000", "operatingExpenses": "5920000", "investmentIncomeNet": "None", "netInterestIncome": "-13000", "interestIncome": "None", "interestExpense": "13000", "nonInterestIncome": "None", "otherNonOperatingIncome": "-13000", "depreciation": "None", "depreciationAndAmortization": "238000", "incomeBeforeTax": "18000", "incomeTaxExpense": "90000", "interestAndDebtExpense": "None", "netIncomeFromContinuingOperations": "-72000", "comprehensiveIncomeNetOfTax": "None", "ebit": "248000", "ebitda": "486000", "netIncome": "-72000"}, {"fiscalDateEnding": "2020-03-31", "reportedCurrency": "USD", "grossProfit": "5358000", "totalRevenue": "14460000", "costOfRevenue": "9102000", "costofGoodsAndServicesSold": "9102000", "operatingIncome": "-972000", "sellingGeneralAndAdministrative": "5415000", "researchAndDevelopment": "915000", "operatingExpenses": "6330000", "investmentIncomeNet": "None", "netInterestIncome": "595000", "interestIncome": "595000", "interestExpense": "8000", "nonInterestIncome": "None", "otherNonOperatingIncome": "595000", "depreciation": "None", "depreciationAndAmortization": "288000", "incomeBeforeTax": "-377000", "incomeTaxExpense": "166000", "interestAndDebtExpense": "None", "netIncomeFromContinuingOperations": "-543000", "comprehensiveIncomeNetOfTax": "None", "ebit": "-972000", "ebitda": "-684000", "netIncome": "-11694000"}, {"fiscalDateEnding": "2019-12-31", "reportedCurrency": "USD", "grossProfit": "8174000", "totalRevenue": "20692000", "costOfRevenue": "12518000", "costofGoodsAndServicesSold": "12518000", "operatingIncome": "1637000", "sellingGeneralAndAdministrative": "5915000", "researchAndDevelopment": "622000", "operatingExpenses": "6537000", "investmentIncomeNet": "None", "netInterestIncome": "-70000", "interestIncome": "70000", "interestExpense": "70000", "nonInterestIncome": "None", "otherNonOperatingIncome": "-2863000", "depreciation": "None", "depreciationAndAmortization": "406000", "incomeBeforeTax": "-1226000", "incomeTaxExpense": "41000", "interestAndDebtExpense": "None", "netIncomeFromContinuingOperations": "-1267000", "comprehensiveIncomeNetOfTax": "None", "ebit": "-1156000", "ebitda": "-750000", "netIncome": "-1932000"}, {"fiscalDateEnding": "2019-09-30", "reportedCurrency": "USD", "grossProfit": "8560000", "totalRevenue": "20174000", "costOfRevenue": "11614000", "costofGoodsAndServicesSold": "11614000", "operatingIncome": "1653000", "sellingGeneralAndAdministrative": "5726000", "researchAndDevelopment": "743000", "operatingExpenses": "6907000", "investmentIncomeNet": "None", "netInterestIncome": "341000", "interestIncome": "341000", "interestExpense": "18000", "nonInterestIncome": "None", "otherNonOperatingIncome": "None", "depreciation": "None", "depreciationAndAmortization": "410000", "incomeBeforeTax": "1994000", "incomeTaxExpense": "1012000", "interestAndDebtExpense": "None", "netIncomeFromContinuingOperations": "982000", "comprehensiveIncomeNetOfTax": "None", "ebit": "1691000", "ebitda": "2101000", "netIncome": "798000"}, {"fiscalDateEnding": "2019-06-30", "reportedCurrency": "USD", "grossProfit": "7850000", "totalRevenue": "21003000", "costOfRevenue": "13153000", "costofGoodsAndServicesSold": "13153000", "operatingIncome": "1351000", "sellingGeneralAndAdministrative": "5718000", "researchAndDevelopment": "746000", "operatingExpenses": "6499000", "investmentIncomeNet": "None", "netInterestIncome": "249000", "interestIncome": "249000", "interestExpense": "70000", "nonInterestIncome": "None", "otherNonOperatingIncome": "249000", "depreciation": "None", "depreciationAndAmortization": "392000", "incomeBeforeTax": "1600000", "incomeTaxExpense": "707000", "interestAndDebtExpense": "None", "netIncomeFromContinuingOperations": "893000", "comprehensiveIncomeNetOfTax": "None", "ebit": "1386000", "ebitda": "1778000", "netIncome": "2047000"}, {"fiscalDateEnding": "2019-03-31", "reportedCurrency": "USD", "grossProfit": "7927000", "totalRevenue": "20633000", "costOfRevenue": "12706000", "costofGoodsAndServicesSold": "12706000", "operatingIncome": "1248000", "sellingGeneralAndAdministrative": "5793000", "researchAndDevelopment": "713000", "operatingExpenses": "6679000", "investmentIncomeNet": "None", "netInterestIncome": "96000", "interestIncome": "96000", "interestExpense": "70000", "nonInterestIncome": "None", "otherNonOperatingIncome": "96000", "depreciation": "None", "depreciationAndAmortization": "445000", "incomeBeforeTax": "1344000", "incomeTaxExpense": "332000", "interestAndDebtExpense": "None", "netIncomeFromContinuingOperations": "1012000", "comprehensiveIncomeNetOfTax": "None", "ebit": "1421000", "ebitda": "1866000", "netIncome": "-5635000"}, {"fiscalDateEnding": "2018-12-31", "reportedCurrency": "USD", "grossProfit": "9020000", "totalRevenue": "23225000", "costOfRevenue": "14205000", "costofGoodsAndServicesSold": "14205000", "operatingIncome": "664000", "sellingGeneralAndAdministrative": "8221000", "researchAndDevelopment": "866000", "operatingExpenses": "8356000", "investmentIncomeNet": "None", "netInterestIncome": "None", "interestIncome": "None", "interestExpense": "144000", "nonInterestIncome": "None", "otherNonOperatingIncome": "144000", "depreciation": "None", "depreciationAndAmortization": "443000", "incomeBeforeTax": "830000", "incomeTaxExpense": "582000", "interestAndDebtExpense": "None", "netIncomeFromContinuingOperations": "-2372000", "comprehensiveIncomeNetOfTax": "None", "ebit": "1528000", "ebitda": "1971000", "netIncome": "-2372000"}, {"fiscalDateEnding": "2018-09-30", "reportedCurrency": "USD", "grossProfit": "8496000", "totalRevenue": "28832000", "costOfRevenue": "20336000", "costofGoodsAndServicesSold": "20336000", "operatingIncome": "-8848000", "sellingGeneralAndAdministrative": "29599000", "researchAndDevelopment": "1505000", "operatingExpenses": "17344000", "investmentIncomeNet": "None", "netInterestIncome": "None", "interestIncome": "None", "interestExpense": "489000", "nonInterestIncome": "None", "otherNonOperatingIncome": "265000", "depreciation": "None", "depreciationAndAmortization": "232000", "incomeBeforeTax": "-8583000", "incomeTaxExpense": "370000", "interestAndDebtExpense": "None", "netIncomeFromContinuingOperations": "-8953000", "comprehensiveIncomeNetOfTax": "None", "ebit": "-945000", "ebitda": "-713000", "netIncome": "-8953000"}, {"fiscalDateEnding": "2018-06-30", "reportedCurrency": "USD", "grossProfit": "10183000", "totalRevenue": "28743000", "costOfRevenue": "18560000", "costofGoodsAndServicesSold": "18560000", "operatingIncome": "2826000", "sellingGeneralAndAdministrative": "9541000", "researchAndDevelopment": "582000", "operatingExpenses": "7357000", "investmentIncomeNet": "None", "netInterestIncome": "None", "interestIncome": "None", "interestExpense": "310000", "nonInterestIncome": "None", "otherNonOperatingIncome": "3425000", "depreciation": "None", "depreciationAndAmortization": "706000", "incomeBeforeTax": "6351000", "incomeTaxExpense": "1372000", "interestAndDebtExpense": "None", "netIncomeFromContinuingOperations": "4971000", "comprehensiveIncomeNetOfTax": "None", "ebit": "2826000", "ebitda": "3532000", "netIncome": "4971000"}, {"fiscalDateEnding": "2018-03-31", "reportedCurrency": "USD", "grossProfit": "8582000", "totalRevenue": "21115000", "costOfRevenue": "12533000", "costofGoodsAndServicesSold": "12533000", "operatingIncome": "1485000", "sellingGeneralAndAdministrative": "9478000", "researchAndDevelopment": "778000", "operatingExpenses": "7097000", "investmentIncomeNet": "None", "netInterestIncome": "None", "interestIncome": "None", "interestExpense": "32000", "nonInterestIncome": "None", "otherNonOperatingIncome": "-10000", "depreciation": "None", "depreciationAndAmortization": "445000", "incomeBeforeTax": "1481000", "incomeTaxExpense": "420000", "interestAndDebtExpense": "None", "netIncomeFromContinuingOperations": "2835000", "comprehensiveIncomeNetOfTax": "None", "ebit": "1485000", "ebitda": "1930000", "netIncome": "2835000"}, {"fiscalDateEnding": "2017-12-31", "reportedCurrency": "USD", "grossProfit": "20337000", "totalRevenue": "73611000", "costOfRevenue": "53274000", "costofGoodsAndServicesSold": "53274000", "operatingIncome": "7766000", "sellingGeneralAndAdministrative": "9369000", "researchAndDevelopment": "1991000", "operatingExpenses": "12571000", "investmentIncomeNet": "None", "netInterestIncome": "None", "interestIncome": "None", "interestExpense": "48000", "nonInterestIncome": "None", "otherNonOperatingIncome": "-74000", "depreciation": "None", "depreciationAndAmortization": "471000", "incomeBeforeTax": "7692000", "incomeTaxExpense": "1240000", "interestAndDebtExpense": "None", "netIncomeFromContinuingOperations": "6452000", "comprehensiveIncomeNetOfTax": "None", "ebit": "7766000", "ebitda": "8237000", "netIncome": "6452000"}, {"fiscalDateEnding": "2017-09-30", "reportedCurrency": "USD", "grossProfit": "19592000", "totalRevenue": "54677000", "costOfRevenue": "35085000", "costofGoodsAndServicesSold": "35085000", "operatingIncome": "8037000", "sellingGeneralAndAdministrative": "25364000", "researchAndDevelopment": "1786000", "operatingExpenses": "11555000", "investmentIncomeNet": "None", "netInterestIncome": "None", "interestIncome": "None", "interestExpense": "178000", "nonInterestIncome": "None", "otherNonOperatingIncome": "-244000", "depreciation": "None", "depreciationAndAmortization": "622000", "incomeBeforeTax": "7793000", "incomeTaxExpense": "474000", "interestAndDebtExpense": "None", "netIncomeFromContinuingOperations": "7316000", "comprehensiveIncomeNetOfTax": "None", "ebit": "8037000", "ebitda": "8659000", "netIncome": "7319000"}, {"fiscalDateEnding": "2017-06-30", "reportedCurrency": "USD", "grossProfit": "15502000", "totalRevenue": "47760000", "costOfRevenue": "32258000", "costofGoodsAndServicesSold": "32258000", "operatingIncome": "3971000", "sellingGeneralAndAdministrative": "10108000", "researchAndDevelopment": "1423000", "operatingExpenses": "11531000", "investmentIncomeNet": "None", "netInterestIncome": "None", "interestIncome": "None", "interestExpense": "34000", "nonInterestIncome": "None", "otherNonOperatingIncome": "-144000", "depreciation": "None", "depreciationAndAmortization": "616000", "incomeBeforeTax": "3827000", "incomeTaxExpense": "986000", "interestAndDebtExpense": "None", "netIncomeFromContinuingOperations": "2841000", "comprehensiveIncomeNetOfTax": "None", "ebit": "3971000", "ebitda": "4587000", "netIncome": "3287000"}, {"fiscalDateEnding": "2017-03-31", "reportedCurrency": "USD", "grossProfit": "8395000", "totalRevenue": "32944000", "costOfRevenue": "24549000", "costofGoodsAndServicesSold": "24549000", "operatingIncome": "-1400000", "sellingGeneralAndAdministrative": "8260000", "researchAndDevelopment": "1535000", "operatingExpenses": "9795000", "investmentIncomeNet": "None", "netInterestIncome": "None", "interestIncome": "None", "interestExpense": "197000", "nonInterestIncome": "None", "otherNonOperatingIncome": "-145000", "depreciation": "None", "depreciationAndAmortization": "601000", "incomeBeforeTax": "-1545000", "incomeTaxExpense": "194000", "interestAndDebtExpense": "None", "netIncomeFromContinuingOperations": "-1739000", "comprehensiveIncomeNetOfTax": "None", "ebit": "-1400000", "ebitda": "-799000", "netIncome": "-1420000"}, {"fiscalDateEnding": "2016-12-31", "reportedCurrency": "USD", "grossProfit": "8443000", "totalRevenue": "29135000", "costOfRevenue": "20692000", "costofGoodsAndServicesSold": "20692000", "operatingIncome": "-180000", "sellingGeneralAndAdministrative": "6996000", "researchAndDevelopment": "1627000", "operatingExpenses": "8623000", "investmentIncomeNet": "None", "netInterestIncome": "None", "interestIncome": "None", "interestExpense": "81000", "nonInterestIncome": "None", "otherNonOperatingIncome": "-62000", "depreciation": "None", "depreciationAndAmortization": "654000", "incomeBeforeTax": "-242000", "incomeTaxExpense": "90000", "interestAndDebtExpense": "None", "netIncomeFromContinuingOperations": "-332000", "comprehensiveIncomeNetOfTax": "None", "ebit": "-180000", "ebitda": "474000", "netIncome": "-53000"}, {"fiscalDateEnding": "2016-09-30", "reportedCurrency": "USD", "grossProfit": "12476000", "totalRevenue": "42409000", "costOfRevenue": "29933000", "costofGoodsAndServicesSold": "29933000", "operatingIncome": "229000", "sellingGeneralAndAdministrative": "9658000", "researchAndDevelopment": "1989000", "operatingExpenses": "12247000", "investmentIncomeNet": "None", "netInterestIncome": "None", "interestIncome": "None", "interestExpense": "417000", "nonInterestIncome": "None", "otherNonOperatingIncome": "89000", "depreciation": "None", "depreciationAndAmortization": "415000", "incomeBeforeTax": "318000", "incomeTaxExpense": "1060000", "interestAndDebtExpense": "None", "netIncomeFromContinuingOperations": "-741000", "comprehensiveIncomeNetOfTax": "None", "ebit": "229000", "ebitda": "644000", "netIncome": "-286000"}, {"fiscalDateEnding": "2016-06-30", "reportedCurrency": "USD", "grossProfit": "9631000", "totalRevenue": "33342000", "costOfRevenue": "23711000", "costofGoodsAndServicesSold": "23711000", "operatingIncome": "-602000", "sellingGeneralAndAdministrative": "8665000", "researchAndDevelopment": "1568000", "operatingExpenses": "10233000", "investmentIncomeNet": "None", "netInterestIncome": "None", "interestIncome": "None", "interestExpense": "265000", "nonInterestIncome": "None", "otherNonOperatingIncome": "-709000", "depreciation": "None", "depreciationAndAmortization": "1030000", "incomeBeforeTax": "-1311000", "incomeTaxExpense": "70000", "interestAndDebtExpense": "None", "netIncomeFromContinuingOperations": "-1381000", "comprehensiveIncomeNetOfTax": "None", "ebit": "-602000", "ebitda": "428000", "netIncome": "-1209000"}, {"fiscalDateEnding": "2016-03-31", "reportedCurrency": "USD", "grossProfit": "6001000", "totalRevenue": "22483000", "costOfRevenue": "16482000", "costofGoodsAndServicesSold": "16482000", "operatingIncome": "-3607000", "sellingGeneralAndAdministrative": "7448000", "researchAndDevelopment": "2160000", "operatingExpenses": "9608000", "investmentIncomeNet": "None", "netInterestIncome": "None", "interestIncome": "None", "interestExpense": "0", "nonInterestIncome": "None", "otherNonOperatingIncome": "3297000", "depreciation": "None", "depreciationAndAmortization": "746000", "incomeBeforeTax": "-310000", "incomeTaxExpense": "1670000", "interestAndDebtExpense": "None", "netIncomeFromContinuingOperations": "-1980000", "comprehensiveIncomeNetOfTax": "None", "ebit": "-3607000", "ebitda": "-2861000", "netIncome": "-1499000"}, {"fiscalDateEnding": "2015-12-31", "reportedCurrency": "USD", "grossProfit": "5955000", "totalRevenue": "22074000", "costOfRevenue": "16119000", "costofGoodsAndServicesSold": "16119000", "operatingIncome": "-3929000", "sellingGeneralAndAdministrative": "7596000", "researchAndDevelopment": "2288000", "operatingExpenses": "9884000", "investmentIncomeNet": "None", "netInterestIncome": "None", "interestIncome": "None", "interestExpense": "202000", "nonInterestIncome": "None", "otherNonOperatingIncome": "-219000", "depreciation": "None", "depreciationAndAmortization": "783000", "incomeBeforeTax": "-4148000", "incomeTaxExpense": "300000", "interestAndDebtExpense": "None", "netIncomeFromContinuingOperations": "-4448000", "comprehensiveIncomeNetOfTax": "None", "ebit": "-3929000", "ebitda": "-3146000", "netIncome": "-4015000"}, {"fiscalDateEnding": "2015-09-30", "reportedCurrency": "USD", "grossProfit": "6563000", "totalRevenue": "28198000", "costOfRevenue": "21635000", "costofGoodsAndServicesSold": "21635000", "operatingIncome": "-5559000", "sellingGeneralAndAdministrative": "24513000", "researchAndDevelopment": "3024000", "operatingExpenses": "12122000", "investmentIncomeNet": "None", "netInterestIncome": "None", "interestIncome": "None", "interestExpense": "100000", "nonInterestIncome": "None", "otherNonOperatingIncome": "8849000", "depreciation": "None", "depreciationAndAmortization": "869000", "incomeBeforeTax": "3290000", "incomeTaxExpense": "1270000", "interestAndDebtExpense": "None", "netIncomeFromContinuingOperations": "2021000", "comprehensiveIncomeNetOfTax": "None", "ebit": "-4976000", "ebitda": "-4107000", "netIncome": "1348000"}, {"fiscalDateEnding": "2015-06-30", "reportedCurrency": "USD", "grossProfit": "10128000", "totalRevenue": "40016000", "costOfRevenue": "29888000", "costofGoodsAndServicesSold": "29888000", "operatingIncome": "-1234000", "sellingGeneralAndAdministrative": "10054000", "researchAndDevelopment": "1308000", "operatingExpenses": "11362000", "investmentIncomeNet": "None", "netInterestIncome": "None", "interestIncome": "None", "interestExpense": "15000", "nonInterestIncome": "None", "otherNonOperatingIncome": "-15000", "depreciation": "None", "depreciationAndAmortization": "847000", "incomeBeforeTax": "-1249000", "incomeTaxExpense": "290000", "interestAndDebtExpense": "None", "netIncomeFromContinuingOperations": "-1539000", "comprehensiveIncomeNetOfTax": "None", "ebit": "-1234000", "ebitda": "-387000", "netIncome": "-1604000"}, {"fiscalDateEnding": "2015-03-31", "reportedCurrency": "USD", "grossProfit": "6889000", "totalRevenue": "24273000", "costOfRevenue": "17384000", "costofGoodsAndServicesSold": "17384000", "operatingIncome": "-1936000", "sellingGeneralAndAdministrative": "8075000", "researchAndDevelopment": "750000", "operatingExpenses": "8825000", "investmentIncomeNet": "None", "netInterestIncome": "None", "interestIncome": "None", "interestExpense": "217000", "nonInterestIncome": "None", "otherNonOperatingIncome": "-217000", "depreciation": "None", "depreciationAndAmortization": "936000", "incomeBeforeTax": "-2153000", "incomeTaxExpense": "170000", "interestAndDebtExpense": "None", "netIncomeFromContinuingOperations": "-2323000", "comprehensiveIncomeNetOfTax": "None", "ebit": "-1936000", "ebitda": "-1000000", "netIncome": "-2321000"}, {"fiscalDateEnding": "2014-12-31", "reportedCurrency": "USD", "grossProfit": "3428000", "totalRevenue": "12396000", "costOfRevenue": "8968000", "costofGoodsAndServicesSold": "8968000", "operatingIncome": "-4793000", "sellingGeneralAndAdministrative": "6384000", "researchAndDevelopment": "1837000", "operatingExpenses": "8221000", "investmentIncomeNet": "None", "netInterestIncome": "None", "interestIncome": "None", "interestExpense": "0", "nonInterestIncome": "None", "otherNonOperatingIncome": "97000", "depreciation": "None", "depreciationAndAmortization": "705000", "incomeBeforeTax": "-4696000", "incomeTaxExpense": "180000", "interestAndDebtExpense": "None", "netIncomeFromContinuingOperations": "-4876000", "comprehensiveIncomeNetOfTax": "None", "ebit": "-4793000", "ebitda": "-4088000", "netIncome": "-5195000"}, {"fiscalDateEnding": "2014-09-30", "reportedCurrency": "USD", "grossProfit": "2563000", "totalRevenue": "19823000", "costOfRevenue": "17260000", "costofGoodsAndServicesSold": "17260000", "operatingIncome": "-4205000", "sellingGeneralAndAdministrative": "13504000", "researchAndDevelopment": "1848000", "operatingExpenses": "6768000", "investmentIncomeNet": "None", "netInterestIncome": "None", "interestIncome": "None", "interestExpense": "90000", "nonInterestIncome": "None", "otherNonOperatingIncome": "-89000", "depreciation": "None", "depreciationAndAmortization": "614000", "incomeBeforeTax": "-4295000", "incomeTaxExpense": "-645000", "interestAndDebtExpense": "None", "netIncomeFromContinuingOperations": "-3650000", "comprehensiveIncomeNetOfTax": "None", "ebit": "-4205000", "ebitda": "-3591000", "netIncome": "-3245000"}, {"fiscalDateEnding": "2014-06-30", "reportedCurrency": "USD", "grossProfit": "1631000", "totalRevenue": "9190000", "costOfRevenue": "7559000", "costofGoodsAndServicesSold": "7559000", "operatingIncome": "-3871000", "sellingGeneralAndAdministrative": "4103000", "researchAndDevelopment": "1399000", "operatingExpenses": "5502000", "investmentIncomeNet": "None", "netInterestIncome": "None", "interestIncome": "None", "interestExpense": "0", "nonInterestIncome": "None", "otherNonOperatingIncome": "43000", "depreciation": "None", "depreciationAndAmortization": "590000", "incomeBeforeTax": "-3828000", "incomeTaxExpense": "1325000", "interestAndDebtExpense": "None", "netIncomeFromContinuingOperations": "-5153000", "comprehensiveIncomeNetOfTax": "None", "ebit": "-3871000", "ebitda": "-3281000", "netIncome": "-5257000"}, {"fiscalDateEnding": "2014-03-31", "reportedCurrency": "USD", "grossProfit": "2898000", "totalRevenue": "12717000", "costOfRevenue": "9819000", "costofGoodsAndServicesSold": "9819000", "operatingIncome": "-4534000", "sellingGeneralAndAdministrative": "5277000", "researchAndDevelopment": "2155000", "operatingExpenses": "7432000", "investmentIncomeNet": "None", "netInterestIncome": "None", "interestIncome": "None", "interestExpense": "20000", "nonInterestIncome": "None", "otherNonOperatingIncome": "-20000", "depreciation": "None", "depreciationAndAmortization": "583000", "incomeBeforeTax": "-4554000", "incomeTaxExpense": "-803000", "interestAndDebtExpense": "None", "netIncomeFromContinuingOperations": "-4554000", "comprehensiveIncomeNetOfTax": "None", "ebit": "-4534000", "ebitda": "-3951000", "netIncome": "-3751000"}, {"fiscalDateEnding": "2013-12-31", "reportedCurrency": "USD", "grossProfit": "4535000", "totalRevenue": "14772000", "costOfRevenue": "10237000", "costofGoodsAndServicesSold": "10237000", "operatingIncome": "-478000", "sellingGeneralAndAdministrative": "4124000", "researchAndDevelopment": "889000", "operatingExpenses": "5013000", "investmentIncomeNet": "None", "netInterestIncome": "None", "interestIncome": "None", "interestExpense": "0", "nonInterestIncome": "None", "otherNonOperatingIncome": "106000", "depreciation": "None", "depreciationAndAmortization": "623000", "incomeBeforeTax": "-372000", "incomeTaxExpense": "560000", "interestAndDebtExpense": "None", "netIncomeFromContinuingOperations": "-932000", "comprehensiveIncomeNetOfTax": "None", "ebit": "-478000", "ebitda": "145000", "netIncome": "-794000"}, {"fiscalDateEnding": "2013-09-30", "reportedCurrency": "USD", "grossProfit": "3159000", "totalRevenue": "6925000", "costOfRevenue": "3766000", "costofGoodsAndServicesSold": "3766000", "operatingIncome": "-1532000", "sellingGeneralAndAdministrative": "13683000", "researchAndDevelopment": "1539000", "operatingExpenses": "4691000", "investmentIncomeNet": "None", "netInterestIncome": "None", "interestIncome": "None", "interestExpense": "40000", "nonInterestIncome": "None", "otherNonOperatingIncome": "-39000", "depreciation": "None", "depreciationAndAmortization": "653000", "incomeBeforeTax": "-1572000", "incomeTaxExpense": "580000", "interestAndDebtExpense": "None", "netIncomeFromContinuingOperations": "-2151000", "comprehensiveIncomeNetOfTax": "None", "ebit": "-1528000", "ebitda": "-875000", "netIncome": "-1683000"}, {"fiscalDateEnding": "2013-06-30", "reportedCurrency": "USD", "grossProfit": "-2677000", "totalRevenue": "10398000", "costOfRevenue": "13075000", "costofGoodsAndServicesSold": "13075000", "operatingIncome": "-10249000", "sellingGeneralAndAdministrative": "5443000", "researchAndDevelopment": "1947000", "operatingExpenses": "7572000", "investmentIncomeNet": "None", "netInterestIncome": "None", "interestIncome": "None", "interestExpense": "0", "nonInterestIncome": "None", "otherNonOperatingIncome": "143000", "depreciation": "None", "depreciationAndAmortization": "632000", "incomeBeforeTax": "-10106000", "incomeTaxExpense": "2560000", "interestAndDebtExpense": "None", "netIncomeFromContinuingOperations": "-12666000", "comprehensiveIncomeNetOfTax": "None", "ebit": "-10067000", "ebitda": "-9435000", "netIncome": "-12101000"}, {"fiscalDateEnding": "2013-03-31", "reportedCurrency": "USD", "grossProfit": "2453000", "totalRevenue": "8118000", "costOfRevenue": "5665000", "costofGoodsAndServicesSold": "5665000", "operatingIncome": "-3461000", "sellingGeneralAndAdministrative": "3968000", "researchAndDevelopment": "1946000", "operatingExpenses": "5914000", "investmentIncomeNet": "None", "netInterestIncome": "None", "interestIncome": "None", "interestExpense": "0", "nonInterestIncome": "None", "otherNonOperatingIncome": "39000", "depreciation": "None", "depreciationAndAmortization": "683000", "incomeBeforeTax": "-3422000", "incomeTaxExpense": "-800000", "interestAndDebtExpense": "None", "netIncomeFromContinuingOperations": "-2622000", "comprehensiveIncomeNetOfTax": "None", "ebit": "-3461000", "ebitda": "-2778000", "netIncome": "-2092000"}, {"fiscalDateEnding": "2012-12-31", "reportedCurrency": "USD", "grossProfit": "1378000", "totalRevenue": "9357000", "costOfRevenue": "7979000", "costofGoodsAndServicesSold": "7979000", "operatingIncome": "-4752000", "sellingGeneralAndAdministrative": "4272000", "researchAndDevelopment": "1161000", "operatingExpenses": "6130000", "investmentIncomeNet": "None", "netInterestIncome": "None", "interestIncome": "None", "interestExpense": "0", "nonInterestIncome": "None", "otherNonOperatingIncome": "4000", "depreciation": "None", "depreciationAndAmortization": "699000", "incomeBeforeTax": "-4748000", "incomeTaxExpense": "-480000", "interestAndDebtExpense": "None", "netIncomeFromContinuingOperations": "-4268000", "comprehensiveIncomeNetOfTax": "None", "ebit": "-4055000", "ebitda": "-3356000", "netIncome": "-4194000"}, {"fiscalDateEnding": "2012-09-30", "reportedCurrency": "USD", "grossProfit": "-6860000", "totalRevenue": "10945000", "costOfRevenue": "17805000", "costofGoodsAndServicesSold": "17805000", "operatingIncome": "-19905000", "sellingGeneralAndAdministrative": "18698000", "researchAndDevelopment": "3948000", "operatingExpenses": "13045000", "investmentIncomeNet": "None", "netInterestIncome": "None", "interestIncome": "None", "interestExpense": "66000", "nonInterestIncome": "None", "otherNonOperatingIncome": "-129000", "depreciation": "None", "depreciationAndAmortization": "603000", "incomeBeforeTax": "-20034000", "incomeTaxExpense": "-3670000", "interestAndDebtExpense": "None", "netIncomeFromContinuingOperations": "-27004000", "comprehensiveIncomeNetOfTax": "None", "ebit": "-15165000", "ebitda": "-14562000", "netIncome": "-14111000"}, {"fiscalDateEnding": "2012-06-30", "reportedCurrency": "USD", "grossProfit": "4804000", "totalRevenue": "24300000", "costOfRevenue": "19496000", "costofGoodsAndServicesSold": "19496000", "operatingIncome": "-5250000", "sellingGeneralAndAdministrative": "6360000", "researchAndDevelopment": "3694000", "operatingExpenses": "10054000", "investmentIncomeNet": "None", "netInterestIncome": "None", "interestIncome": "None", "interestExpense": "69000", "nonInterestIncome": "None", "otherNonOperatingIncome": "69000", "depreciation": "None", "depreciationAndAmortization": "727000", "incomeBeforeTax": "-5181000", "incomeTaxExpense": "-1110000", "interestAndDebtExpense": "None", "netIncomeFromContinuingOperations": "-4071000", "comprehensiveIncomeNetOfTax": "None", "ebit": "-5250000", "ebitda": "-4523000", "netIncome": "-2965000"}, {"fiscalDateEnding": "2012-03-31", "reportedCurrency": "USD", "grossProfit": "4048000", "totalRevenue": "21566000", "costOfRevenue": "17518000", "costofGoodsAndServicesSold": "17518000", "operatingIncome": "-5985000", "sellingGeneralAndAdministrative": "6046000", "researchAndDevelopment": "3299000", "operatingExpenses": "10033000", "investmentIncomeNet": "None", "netInterestIncome": "None", "interestIncome": "None", "interestExpense": "0", "nonInterestIncome": "None", "otherNonOperatingIncome": "39000", "depreciation": "None", "depreciationAndAmortization": "759000", "incomeBeforeTax": "-5946000", "incomeTaxExpense": "-220000", "interestAndDebtExpense": "None", "netIncomeFromContinuingOperations": "-5726000", "comprehensiveIncomeNetOfTax": "None", "ebit": "-5297000", "ebitda": "-4538000", "netIncome": "-5079000"}, {"fiscalDateEnding": "2011-12-31", "reportedCurrency": "USD", "grossProfit": "7201000", "totalRevenue": "24728000", "costOfRevenue": "17527000", "costofGoodsAndServicesSold": "17527000", "operatingIncome": "-1844000", "sellingGeneralAndAdministrative": "6292000", "researchAndDevelopment": "2753000", "operatingExpenses": "9045000", "investmentIncomeNet": "None", "netInterestIncome": "None", "interestIncome": "None", "interestExpense": "87000", "nonInterestIncome": "None", "otherNonOperatingIncome": "87000", "depreciation": "None", "depreciationAndAmortization": "769000", "incomeBeforeTax": "-1757000", "incomeTaxExpense": "-320000", "interestAndDebtExpense": "None", "netIncomeFromContinuingOperations": "-1437000", "comprehensiveIncomeNetOfTax": "None", "ebit": "-1844000", "ebitda": "-1075000", "netIncome": "-876000"}, {"fiscalDateEnding": "2011-09-30", "reportedCurrency": "USD", "grossProfit": "20242000", "totalRevenue": "59869000", "costOfRevenue": "39627000", "costofGoodsAndServicesSold": "39627000", "operatingIncome": "5261000", "sellingGeneralAndAdministrative": "33680000", "researchAndDevelopment": "2067000", "operatingExpenses": "14981000", "investmentIncomeNet": "None", "netInterestIncome": "None", "interestIncome": "None", "interestExpense": "30000", "nonInterestIncome": "None", "otherNonOperatingIncome": "None", "depreciation": "None", "depreciationAndAmortization": "818000", "incomeBeforeTax": "5173000", "incomeTaxExpense": "2600000", "interestAndDebtExpense": "None", "netIncomeFromContinuingOperations": "0", "comprehensiveIncomeNetOfTax": "None", "ebit": "5261000", "ebitda": "6079000", "netIncome": "3075000"}, {"fiscalDateEnding": "2011-06-30", "reportedCurrency": "USD", "grossProfit": "26116000", "totalRevenue": "71871000", "costOfRevenue": "45755000", "costofGoodsAndServicesSold": "45755000", "operatingIncome": "12147000", "sellingGeneralAndAdministrative": "12034000", "researchAndDevelopment": "1935000", "operatingExpenses": "13969000", "investmentIncomeNet": "None", "netInterestIncome": "None", "interestIncome": "None", "interestExpense": "73000", "nonInterestIncome": "None", "otherNonOperatingIncome": "73000", "depreciation": "None", "depreciationAndAmortization": "774000", "incomeBeforeTax": "12220000", "incomeTaxExpense": "5160000", "interestAndDebtExpense": "None", "netIncomeFromContinuingOperations": "7060000", "comprehensiveIncomeNetOfTax": "None", "ebit": "12147000", "ebitda": "12921000", "netIncome": "7298000"}, {"fiscalDateEnding": "2011-03-31", "reportedCurrency": "USD", "grossProfit": "24703000", "totalRevenue": "61253000", "costOfRevenue": "36550000", "costofGoodsAndServicesSold": "36550000", "operatingIncome": "12520000", "sellingGeneralAndAdministrative": "11249000", "researchAndDevelopment": "934000", "operatingExpenses": "12183000", "investmentIncomeNet": "None", "netInterestIncome": "None", "interestIncome": "None", "interestExpense": "0", "nonInterestIncome": "None", "otherNonOperatingIncome": "None", "depreciation": "None", "depreciationAndAmortization": "575000", "incomeBeforeTax": "12595000", "incomeTaxExpense": "5100000", "interestAndDebtExpense": "None", "netIncomeFromContinuingOperations": "0", "comprehensiveIncomeNetOfTax": "None", "ebit": "12520000", "ebitda": "13095000", "netIncome": "7517000"}, {"fiscalDateEnding": "2010-12-31", "reportedCurrency": "USD", "grossProfit": "19597000", "totalRevenue": "53712000", "costOfRevenue": "34115000", "costofGoodsAndServicesSold": "34115000", "operatingIncome": "8352000", "sellingGeneralAndAdministrative": "10397000", "researchAndDevelopment": "848000", "operatingExpenses": "11245000", "investmentIncomeNet": "None", "netInterestIncome": "None", "interestIncome": "None", "interestExpense": "30000", "nonInterestIncome": "None", "otherNonOperatingIncome": "None", "depreciation": "None", "depreciationAndAmortization": "647000", "incomeBeforeTax": "8322000", "incomeTaxExpense": "3330000", "interestAndDebtExpense": "None", "netIncomeFromContinuingOperations": "0", "comprehensiveIncomeNetOfTax": "None", "ebit": "8352000", "ebitda": "8999000", "netIncome": "4992000"}, {"fiscalDateEnding": "2010-09-30", "reportedCurrency": "USD", "grossProfit": "17652000", "totalRevenue": "45413000", "costOfRevenue": "27761000", "costofGoodsAndServicesSold": "27761000", "operatingIncome": "8936000", "sellingGeneralAndAdministrative": "16215000", "researchAndDevelopment": "858000", "operatingExpenses": "8716000", "investmentIncomeNet": "None", "netInterestIncome": "None", "interestIncome": "None", "interestExpense": "196000", "nonInterestIncome": "None", "otherNonOperatingIncome": "None", "depreciation": "None", "depreciationAndAmortization": "480000", "incomeBeforeTax": "9033000", "incomeTaxExpense": "3630000", "interestAndDebtExpense": "None", "netIncomeFromContinuingOperations": "0", "comprehensiveIncomeNetOfTax": "None", "ebit": "8936000", "ebitda": "9416000", "netIncome": "5403000"}, {"fiscalDateEnding": "2010-06-30", "reportedCurrency": "USD", "grossProfit": "15752000", "totalRevenue": "43072000", "costOfRevenue": "27320000", "costofGoodsAndServicesSold": "27320000", "operatingIncome": "6425000", "sellingGeneralAndAdministrative": "8179000", "researchAndDevelopment": "538000", "operatingExpenses": "9327000", "investmentIncomeNet": "None", "netInterestIncome": "None", "interestIncome": "None", "interestExpense": "219000", "nonInterestIncome": "None", "otherNonOperatingIncome": "None", "depreciation": "None", "depreciationAndAmortization": "438000", "incomeBeforeTax": "6206000", "incomeTaxExpense": "2330000", "interestAndDebtExpense": "None", "netIncomeFromContinuingOperations": "0", "comprehensiveIncomeNetOfTax": "None", "ebit": "7035000", "ebitda": "7473000", "netIncome": "3876000"}, {"fiscalDateEnding": "2010-03-31", "reportedCurrency": "USD", "grossProfit": "4708000", "totalRevenue": "16077000", "costOfRevenue": "11369000", "costofGoodsAndServicesSold": "11369000", "operatingIncome": "422000", "sellingGeneralAndAdministrative": "4061000", "researchAndDevelopment": "225000", "operatingExpenses": "4286000", "investmentIncomeNet": "None", "netInterestIncome": "None", "interestIncome": "None", "interestExpense": "76000", "nonInterestIncome": "None", "otherNonOperatingIncome": "None", "depreciation": "None", "depreciationAndAmortization": "421000", "incomeBeforeTax": "346000", "incomeTaxExpense": "140000", "interestAndDebtExpense": "None", "netIncomeFromContinuingOperations": "0", "comprehensiveIncomeNetOfTax": "None", "ebit": "422000", "ebitda": "843000", "netIncome": "206000"}, {"fiscalDateEnding": "2009-12-31", "reportedCurrency": "USD", "grossProfit": "4600000", "totalRevenue": "15457000", "costOfRevenue": "10857000", "costofGoodsAndServicesSold": "10857000", "operatingIncome": "128000", "sellingGeneralAndAdministrative": "3975000", "researchAndDevelopment": "497000", "operatingExpenses": "4472000", "investmentIncomeNet": "None", "netInterestIncome": "None", "interestIncome": "None", "interestExpense": "0", "nonInterestIncome": "None", "otherNonOperatingIncome": "None", "depreciation": "None", "depreciationAndAmortization": "424000", "incomeBeforeTax": "130000", "incomeTaxExpense": "50000", "interestAndDebtExpense": "None", "netIncomeFromContinuingOperations": "0", "comprehensiveIncomeNetOfTax": "None", "ebit": "128000", "ebitda": "552000", "netIncome": "80000"}, {"fiscalDateEnding": "2009-09-30", "reportedCurrency": "USD", "grossProfit": "2994000", "totalRevenue": "11669000", "costOfRevenue": "8675000", "costofGoodsAndServicesSold": "8675000", "operatingIncome": "-436000", "sellingGeneralAndAdministrative": "11317000", "researchAndDevelopment": "18000", "operatingExpenses": "3430000", "investmentIncomeNet": "None", "netInterestIncome": "None", "interestIncome": "None", "interestExpense": "85000", "nonInterestIncome": "None", "otherNonOperatingIncome": "None", "depreciation": "None", "depreciationAndAmortization": "421000", "incomeBeforeTax": "-521000", "incomeTaxExpense": "-320000", "interestAndDebtExpense": "None", "netIncomeFromContinuingOperations": "0", "comprehensiveIncomeNetOfTax": "None", "ebit": "-436000", "ebitda": "-15000", "netIncome": "-201000"}, {"fiscalDateEnding": "2009-06-30", "reportedCurrency": "USD", "grossProfit": "3582000", "totalRevenue": "12528000", "costOfRevenue": "8946000", "costofGoodsAndServicesSold": "8946000", "operatingIncome": "-302000", "sellingGeneralAndAdministrative": "3733000", "researchAndDevelopment": "151000", "operatingExpenses": "3884000", "investmentIncomeNet": "None", "netInterestIncome": "None", "interestIncome": "None", "interestExpense": "33000", "nonInterestIncome": "None", "otherNonOperatingIncome": "None", "depreciation": "None", "depreciationAndAmortization": "391000", "incomeBeforeTax": "-335000", "incomeTaxExpense": "-100000", "interestAndDebtExpense": "None", "netIncomeFromContinuingOperations": "0", "comprehensiveIncomeNetOfTax": "None", "ebit": "-302000", "ebitda": "89000", "netIncome": "-235000"}, {"fiscalDateEnding": "2009-03-31", "reportedCurrency": "USD", "grossProfit": "2357000", "totalRevenue": "10904000", "costOfRevenue": "8547000", "costofGoodsAndServicesSold": "8547000", "operatingIncome": "-2578000", "sellingGeneralAndAdministrative": "3101000", "researchAndDevelopment": "152000", "operatingExpenses": "4935000", "investmentIncomeNet": "None", "netInterestIncome": "None", "interestIncome": "None", "interestExpense": "14000", "nonInterestIncome": "None", "otherNonOperatingIncome": "None", "depreciation": "None", "depreciationAndAmortization": "384000", "incomeBeforeTax": "-2592000", "incomeTaxExpense": "-580000", "interestAndDebtExpense": "None", "netIncomeFromContinuingOperations": "0", "comprehensiveIncomeNetOfTax": "None", "ebit": "-896000", "ebitda": "-512000", "netIncome": "-2012000"}, {"fiscalDateEnding": "2008-12-31", "reportedCurrency": "USD", "grossProfit": "6086000", "totalRevenue": "17872000", "costOfRevenue": "11786000", "costofGoodsAndServicesSold": "11786000", "operatingIncome": "1379000", "sellingGeneralAndAdministrative": "4483000", "researchAndDevelopment": "224000", "operatingExpenses": "4707000", "investmentIncomeNet": "None", "netInterestIncome": "None", "interestIncome": "None", "interestExpense": "0", "nonInterestIncome": "None", "otherNonOperatingIncome": "None", "depreciation": "None", "depreciationAndAmortization": "363000", "incomeBeforeTax": "1440000", "incomeTaxExpense": "580000", "interestAndDebtExpense": "None", "netIncomeFromContinuingOperations": "0", "comprehensiveIncomeNetOfTax": "None", "ebit": "1379000", "ebitda": "1742000", "netIncome": "860000"}, {"fiscalDateEnding": "2008-09-30", "reportedCurrency": "USD", "grossProfit": "8196000", "totalRevenue": "26817000", "costOfRevenue": "18621000", "costofGoodsAndServicesSold": "18621000", "operatingIncome": "2182000", "sellingGeneralAndAdministrative": "12115000", "researchAndDevelopment": "408000", "operatingExpenses": "6014000", "investmentIncomeNet": "None", "netInterestIncome": "None", "interestIncome": "None", "interestExpense": "0", "nonInterestIncome": "None", "otherNonOperatingIncome": "None", "depreciation": "None", "depreciationAndAmortization": "244000", "incomeBeforeTax": "2178000", "incomeTaxExpense": "750000", "interestAndDebtExpense": "None", "netIncomeFromContinuingOperations": "0", "comprehensiveIncomeNetOfTax": "None", "ebit": "2194000", "ebitda": "2438000", "netIncome": "1428000"}, {"fiscalDateEnding": "2008-06-30", "reportedCurrency": "USD", "grossProfit": "7078000", "totalRevenue": "24147000", "costOfRevenue": "17069000", "costofGoodsAndServicesSold": "17069000", "operatingIncome": "1677000", "sellingGeneralAndAdministrative": "4847000", "researchAndDevelopment": "210000", "operatingExpenses": "5401000", "investmentIncomeNet": "None", "netInterestIncome": "None", "interestIncome": "None", "interestExpense": "0", "nonInterestIncome": "None", "otherNonOperatingIncome": "None", "depreciation": "None", "depreciationAndAmortization": "395000", "incomeBeforeTax": "1925000", "incomeTaxExpense": "765000", "interestAndDebtExpense": "None", "netIncomeFromContinuingOperations": "0", "comprehensiveIncomeNetOfTax": "None", "ebit": "2021000", "ebitda": "2416000", "netIncome": "1160000"}, {"fiscalDateEnding": "2008-03-31", "reportedCurrency": "USD", "grossProfit": "4127000", "totalRevenue": "17591000", "costOfRevenue": "13464000", "costofGoodsAndServicesSold": "13464000", "operatingIncome": "-82000", "sellingGeneralAndAdministrative": "3966000", "researchAndDevelopment": "243000", "operatingExpenses": "4209000", "investmentIncomeNet": "None", "netInterestIncome": "None", "interestIncome": "None", "interestExpense": "348000", "nonInterestIncome": "None", "otherNonOperatingIncome": "None", "depreciation": "None", "depreciationAndAmortization": "387000", "incomeBeforeTax": "266000", "incomeTaxExpense": "105000", "interestAndDebtExpense": "None", "netIncomeFromContinuingOperations": "0", "comprehensiveIncomeNetOfTax": "None", "ebit": "-82000", "ebitda": "305000", "netIncome": "161000"}, {"fiscalDateEnding": "2007-12-31", "reportedCurrency": "USD", "grossProfit": "3560000", "totalRevenue": "11741000", "costOfRevenue": "8181000", "costofGoodsAndServicesSold": "8181000", "operatingIncome": "25000", "sellingGeneralAndAdministrative": "3302000", "researchAndDevelopment": "233000", "operatingExpenses": "3535000", "investmentIncomeNet": "None", "netInterestIncome": "None", "interestIncome": "None", "interestExpense": "0", "nonInterestIncome": "None", "otherNonOperatingIncome": "None", "depreciation": "None", "depreciationAndAmortization": "313000", "incomeBeforeTax": "178000", "incomeTaxExpense": "70000", "interestAndDebtExpense": "None", "netIncomeFromContinuingOperations": "0", "comprehensiveIncomeNetOfTax": "None", "ebit": "25000", "ebitda": "338000", "netIncome": "108000"}, {"fiscalDateEnding": "2007-09-30", "reportedCurrency": "USD", "grossProfit": "4126000", "totalRevenue": "13120000", "costOfRevenue": "8994000", "costofGoodsAndServicesSold": "8994000", "operatingIncome": "769000", "sellingGeneralAndAdministrative": "3169000", "researchAndDevelopment": "188000", "operatingExpenses": "3357000", "investmentIncomeNet": "None", "netInterestIncome": "None", "interestIncome": "None", "interestExpense": "0", "nonInterestIncome": "None", "otherNonOperatingIncome": "None", "depreciation": "None", "depreciationAndAmortization": "182000", "incomeBeforeTax": "792000", "incomeTaxExpense": "-347000", "interestAndDebtExpense": "None", "netIncomeFromContinuingOperations": "0", "comprehensiveIncomeNetOfTax": "None", "ebit": "769000", "ebitda": "951000", "netIncome": "1139000"}, {"fiscalDateEnding": "2007-06-30", "reportedCurrency": "USD", "grossProfit": "3424000", "totalRevenue": "12874000", "costOfRevenue": "9450000", "costofGoodsAndServicesSold": "9450000", "operatingIncome": "607000", "sellingGeneralAndAdministrative": "2700000", "researchAndDevelopment": "117000", "operatingExpenses": "2817000", "investmentIncomeNet": "None", "netInterestIncome": "None", "interestIncome": "None", "interestExpense": "170000", "nonInterestIncome": "None", "otherNonOperatingIncome": "None", "depreciation": "None", "depreciationAndAmortization": "195000", "incomeBeforeTax": "777000", "incomeTaxExpense": "-233000", "interestAndDebtExpense": "None", "netIncomeFromContinuingOperations": "0", "comprehensiveIncomeNetOfTax": "None", "ebit": "607000", "ebitda": "802000", "netIncome": "1010000"}, {"fiscalDateEnding": "2007-03-31", "reportedCurrency": "USD", "grossProfit": "2868000", "totalRevenue": "10539000", "costOfRevenue": "7671000", "costofGoodsAndServicesSold": "7671000", "operatingIncome": "310000", "sellingGeneralAndAdministrative": "2417000", "researchAndDevelopment": "141000", "operatingExpenses": "2558000", "investmentIncomeNet": "None", "netInterestIncome": "None", "interestIncome": "None", "interestExpense": "122000", "nonInterestIncome": "None", "otherNonOperatingIncome": "None", "depreciation": "None", "depreciationAndAmortization": "161000", "incomeBeforeTax": "432000", "incomeTaxExpense": "170000", "interestAndDebtExpense": "None", "netIncomeFromContinuingOperations": "0", "comprehensiveIncomeNetOfTax": "None", "ebit": "310000", "ebitda": "471000", "netIncome": "262000"}, {"fiscalDateEnding": "2006-12-31", "reportedCurrency": "USD", "grossProfit": "2392000", "totalRevenue": "9451000", "costOfRevenue": "7059000", "costofGoodsAndServicesSold": "7059000", "operatingIncome": "55000", "sellingGeneralAndAdministrative": "2219000", "researchAndDevelopment": "118000", "operatingExpenses": "2337000", "investmentIncomeNet": "None", "netInterestIncome": "None", "interestIncome": "None", "interestExpense": "21000", "nonInterestIncome": "None", "otherNonOperatingIncome": "None", "depreciation": "None", "depreciationAndAmortization": "168000", "incomeBeforeTax": "76000", "incomeTaxExpense": "70000", "interestAndDebtExpense": "None", "netIncomeFromContinuingOperations": "0", "comprehensiveIncomeNetOfTax": "None", "ebit": "55000", "ebitda": "223000", "netIncome": "6000"}, {"fiscalDateEnding": "2006-09-30", "reportedCurrency": "USD", "grossProfit": "2658142", "totalRevenue": "11287896", "costOfRevenue": "8629754", "costofGoodsAndServicesSold": "8629754", "operatingIncome": "546907", "sellingGeneralAndAdministrative": "6316547", "researchAndDevelopment": "64782", "operatingExpenses": "2111235", "investmentIncomeNet": "None", "netInterestIncome": "None", "interestIncome": "None", "interestExpense": "0", "nonInterestIncome": "None", "otherNonOperatingIncome": "None", "depreciation": "None", "depreciationAndAmortization": "180457", "incomeBeforeTax": "496207", "incomeTaxExpense": "100700", "interestAndDebtExpense": "None", "netIncomeFromContinuingOperations": "0", "comprehensiveIncomeNetOfTax": "None", "ebit": "596907", "ebitda": "777364", "netIncome": "496207"}, {"fiscalDateEnding": "2006-06-30", "reportedCurrency": "USD", "grossProfit": "2644000", "totalRevenue": "10351000", "costOfRevenue": "7707000", "costofGoodsAndServicesSold": "7707000", "operatingIncome": "200000", "sellingGeneralAndAdministrative": "2260730", "researchAndDevelopment": "65000", "operatingExpenses": "2444000", "investmentIncomeNet": "None", "netInterestIncome": "None", "interestIncome": "None", "interestExpense": "6055000", "nonInterestIncome": "None", "otherNonOperatingIncome": "None", "depreciation": "None", "depreciationAndAmortization": "149000", "incomeBeforeTax": "171000", "incomeTaxExpense": "3000", "interestAndDebtExpense": "None", "netIncomeFromContinuingOperations": "0", "comprehensiveIncomeNetOfTax": "None", "ebit": "341000", "ebitda": "490000", "netIncome": "168000"}, {"fiscalDateEnding": "2006-03-31", "reportedCurrency": "USD", "grossProfit": "2737000", "totalRevenue": "10892000", "costOfRevenue": "8155000", "costofGoodsAndServicesSold": "8155000", "operatingIncome": "427000", "sellingGeneralAndAdministrative": "2197074", "researchAndDevelopment": "138000", "operatingExpenses": "2310000", "investmentIncomeNet": "None", "netInterestIncome": "None", "interestIncome": "None", "interestExpense": "0", "nonInterestIncome": "None", "otherNonOperatingIncome": "None", "depreciation": "None", "depreciationAndAmortization": "154000", "incomeBeforeTax": "408000", "incomeTaxExpense": "226000", "interestAndDebtExpense": "None", "netIncomeFromContinuingOperations": "0", "comprehensiveIncomeNetOfTax": "None", "ebit": "427000", "ebitda": "581000", "netIncome": "182000"}, {"fiscalDateEnding": "2005-12-31", "reportedCurrency": "USD", "grossProfit": "2537000", "totalRevenue": "7915000", "costOfRevenue": "5378000", "costofGoodsAndServicesSold": "5378000", "operatingIncome": "478000", "sellingGeneralAndAdministrative": "1858743", "researchAndDevelopment": "170000", "operatingExpenses": "2059000", "investmentIncomeNet": "None", "netInterestIncome": "None", "interestIncome": "None", "interestExpense": "13276000", "nonInterestIncome": "None", "otherNonOperatingIncome": "None", "depreciation": "None", "depreciationAndAmortization": "158000", "incomeBeforeTax": "521000", "incomeTaxExpense": "50000", "interestAndDebtExpense": "None", "netIncomeFromContinuingOperations": "0", "comprehensiveIncomeNetOfTax": "None", "ebit": "478000", "ebitda": "636000", "netIncome": "471000"}]}