{"symbol": "CF", "annualReports": [{"fiscalDateEnding": "2024-12-31", "reportedCurrency": "USD", "grossProfit": "2056000000", "totalRevenue": "5936000000", "costOfRevenue": "3880000000", "costofGoodsAndServicesSold": "3880000000", "operatingIncome": "1746000000", "sellingGeneralAndAdministrative": "320000000", "researchAndDevelopment": "None", "operatingExpenses": "310000000", "investmentIncomeNet": "None", "netInterestIncome": "2000000", "interestIncome": "150000000", "interestExpense": "121000000", "nonInterestIncome": "None", "otherNonOperatingIncome": "None", "depreciation": "None", "depreciationAndAmortization": "925000000", "incomeBeforeTax": "1762000000", "incomeTaxExpense": "285000000", "interestAndDebtExpense": "None", "netIncomeFromContinuingOperations": "1477000000", "comprehensiveIncomeNetOfTax": "None", "ebit": "1901000000", "ebitda": "2826000000", "netIncome": "1218000000"}, {"fiscalDateEnding": "2023-12-31", "reportedCurrency": "USD", "grossProfit": "2645000000", "totalRevenue": "6631000000", "costOfRevenue": "3986000000", "costofGoodsAndServicesSold": "3986000000", "operatingIncome": "2356000000", "sellingGeneralAndAdministrative": "289000000", "researchAndDevelopment": "None", "operatingExpenses": "289000000", "investmentIncomeNet": "None", "netInterestIncome": "34000000", "interestIncome": "124000000", "interestExpense": "150000000", "nonInterestIncome": "None", "otherNonOperatingIncome": "None", "depreciation": "None", "depreciationAndAmortization": "869000000", "incomeBeforeTax": "2248000000", "incomeTaxExpense": "410000000", "interestAndDebtExpense": "None", "netIncomeFromContinuingOperations": "2495000000", "comprehensiveIncomeNetOfTax": "None", "ebit": "2398000000", "ebitda": "3267000000", "netIncome": "1525000000"}, {"fiscalDateEnding": "2022-12-31", "reportedCurrency": "USD", "grossProfit": "5892000000", "totalRevenue": "11186000000", "costOfRevenue": "5294000000", "costofGoodsAndServicesSold": "5294000000", "operatingIncome": "5602000000", "sellingGeneralAndAdministrative": "290000000", "researchAndDevelopment": "None", "operatingExpenses": "290000000", "investmentIncomeNet": "None", "netInterestIncome": "-279000000", "interestIncome": "65000000", "interestExpense": "344000000", "nonInterestIncome": "None", "otherNonOperatingIncome": "42000000", "depreciation": "None", "depreciationAndAmortization": "841000000", "incomeBeforeTax": "5095000000", "incomeTaxExpense": "1158000000", "interestAndDebtExpense": "None", "netIncomeFromContinuingOperations": "3937000000", "comprehensiveIncomeNetOfTax": "None", "ebit": "5439000000", "ebitda": "6280000000", "netIncome": "3346000000"}, {"fiscalDateEnding": "2021-12-31", "reportedCurrency": "USD", "grossProfit": "2361000000", "totalRevenue": "6538000000", "costOfRevenue": "4177000000", "costofGoodsAndServicesSold": "4177000000", "operatingIncome": "2138000000", "sellingGeneralAndAdministrative": "223000000", "researchAndDevelopment": "None", "operatingExpenses": "223000000", "investmentIncomeNet": "None", "netInterestIncome": "-183000000", "interestIncome": "183000000", "interestExpense": "184000000", "nonInterestIncome": "None", "otherNonOperatingIncome": "-2000000", "depreciation": "None", "depreciationAndAmortization": "879000000", "incomeBeforeTax": "1543000000", "incomeTaxExpense": "283000000", "interestAndDebtExpense": "None", "netIncomeFromContinuingOperations": "1260000000", "comprehensiveIncomeNetOfTax": "None", "ebit": "1727000000", "ebitda": "2606000000", "netIncome": "917000000"}, {"fiscalDateEnding": "2020-12-31", "reportedCurrency": "USD", "grossProfit": "834000000", "totalRevenue": "4124000000", "costOfRevenue": "3290000000", "costofGoodsAndServicesSold": "3290000000", "operatingIncome": "628000000", "sellingGeneralAndAdministrative": "206000000", "researchAndDevelopment": "None", "operatingExpenses": "206000000", "investmentIncomeNet": "None", "netInterestIncome": "-161000000", "interestIncome": "161000000", "interestExpense": "179000000", "nonInterestIncome": "None", "otherNonOperatingIncome": "19000000", "depreciation": "None", "depreciationAndAmortization": "884000000", "incomeBeforeTax": "463000000", "incomeTaxExpense": "31000000", "interestAndDebtExpense": "None", "netIncomeFromContinuingOperations": "432000000", "comprehensiveIncomeNetOfTax": "None", "ebit": "642000000", "ebitda": "1526000000", "netIncome": "317000000"}, {"fiscalDateEnding": "2019-12-31", "reportedCurrency": "USD", "grossProfit": "1184000000", "totalRevenue": "4590000000", "costOfRevenue": "3406000000", "costofGoodsAndServicesSold": "3406000000", "operatingIncome": "945000000", "sellingGeneralAndAdministrative": "239000000", "researchAndDevelopment": "None", "operatingExpenses": "239000000", "investmentIncomeNet": "None", "netInterestIncome": "-217000000", "interestIncome": "20000000", "interestExpense": "237000000", "nonInterestIncome": "None", "otherNonOperatingIncome": "20000000", "depreciation": "None", "depreciationAndAmortization": "863000000", "incomeBeforeTax": "772000000", "incomeTaxExpense": "126000000", "interestAndDebtExpense": "None", "netIncomeFromContinuingOperations": "646000000", "comprehensiveIncomeNetOfTax": "None", "ebit": "1009000000", "ebitda": "1872000000", "netIncome": "493000000"}, {"fiscalDateEnding": "2018-12-31", "reportedCurrency": "USD", "grossProfit": "906000000", "totalRevenue": "4429000000", "costOfRevenue": "3523000000", "costofGoodsAndServicesSold": "3523000000", "operatingIncome": "694000000", "sellingGeneralAndAdministrative": "214000000", "researchAndDevelopment": "0", "operatingExpenses": "212000000", "investmentIncomeNet": "None", "netInterestIncome": "-228000000", "interestIncome": "13000000", "interestExpense": "241000000", "nonInterestIncome": "None", "otherNonOperatingIncome": "13000000", "depreciation": "None", "depreciationAndAmortization": "872000000", "incomeBeforeTax": "547000000", "incomeTaxExpense": "119000000", "interestAndDebtExpense": "None", "netIncomeFromContinuingOperations": "428000000", "comprehensiveIncomeNetOfTax": "None", "ebit": "788000000", "ebitda": "1660000000", "netIncome": "290000000"}, {"fiscalDateEnding": "2017-12-31", "reportedCurrency": "USD", "grossProfit": "521000000", "totalRevenue": "4130000000", "costOfRevenue": "3609000000", "costofGoodsAndServicesSold": "3609000000", "operatingIncome": "330000000", "sellingGeneralAndAdministrative": "192000000", "researchAndDevelopment": "0", "operatingExpenses": "191000000", "investmentIncomeNet": "None", "netInterestIncome": "-303000000", "interestIncome": "12000000", "interestExpense": "315000000", "nonInterestIncome": "None", "otherNonOperatingIncome": "12000000", "depreciation": "None", "depreciationAndAmortization": "857000000", "incomeBeforeTax": "-125000000", "incomeTaxExpense": "-575000000", "interestAndDebtExpense": "None", "netIncomeFromContinuingOperations": "450000000", "comprehensiveIncomeNetOfTax": "None", "ebit": "190000000", "ebitda": "1047000000", "netIncome": "358000000"}, {"fiscalDateEnding": "2016-12-31", "reportedCurrency": "USD", "grossProfit": "713000000", "totalRevenue": "3685000000", "costOfRevenue": "2972000000", "costofGoodsAndServicesSold": "2972000000", "operatingIncome": "539000000", "sellingGeneralAndAdministrative": "174000000", "researchAndDevelopment": "0", "operatingExpenses": "174000000", "investmentIncomeNet": "None", "netInterestIncome": "-195000000", "interestIncome": "5000000", "interestExpense": "200000000", "nonInterestIncome": "None", "otherNonOperatingIncome": "5000000", "depreciation": "None", "depreciationAndAmortization": "614000000", "incomeBeforeTax": "-226000000", "incomeTaxExpense": "-68000000", "interestAndDebtExpense": "None", "netIncomeFromContinuingOperations": "-158000000", "comprehensiveIncomeNetOfTax": "None", "ebit": "-26000000", "ebitda": "588000000", "netIncome": "-277000000"}, {"fiscalDateEnding": "2015-12-31", "reportedCurrency": "USD", "grossProfit": "1837000000", "totalRevenue": "4308300000", "costOfRevenue": "2471000000", "costofGoodsAndServicesSold": "2471000000", "operatingIncome": "1667000000", "sellingGeneralAndAdministrative": "169800000", "researchAndDevelopment": "0", "operatingExpenses": "170000000", "investmentIncomeNet": "None", "netInterestIncome": "None", "interestIncome": "109200000", "interestExpense": "133000000", "nonInterestIncome": "None", "otherNonOperatingIncome": "72300000", "depreciation": "None", "depreciationAndAmortization": "454000000", "incomeBeforeTax": "1057600000", "incomeTaxExpense": "395800000", "interestAndDebtExpense": "None", "netIncomeFromContinuingOperations": "661800000", "comprehensiveIncomeNetOfTax": "None", "ebit": "1191000000", "ebitda": "1645000000", "netIncome": "700000000"}, {"fiscalDateEnding": "2014-12-31", "reportedCurrency": "USD", "grossProfit": "1793800000", "totalRevenue": "4743200000", "costOfRevenue": "2949400000", "costofGoodsAndServicesSold": "2949400000", "operatingIncome": "1611200000", "sellingGeneralAndAdministrative": "151900000", "researchAndDevelopment": "0", "operatingExpenses": "182600000", "investmentIncomeNet": "None", "netInterestIncome": "None", "interestIncome": "None", "interestExpense": "178200000", "nonInterestIncome": "None", "otherNonOperatingIncome": "22500000", "depreciation": "None", "depreciationAndAmortization": "392500000", "incomeBeforeTax": "2187300000", "incomeTaxExpense": "773000000", "interestAndDebtExpense": "None", "netIncomeFromContinuingOperations": "1414300000", "comprehensiveIncomeNetOfTax": "None", "ebit": "2365500000", "ebitda": "2758000000", "netIncome": "1390000000"}, {"fiscalDateEnding": "2013-12-31", "reportedCurrency": "USD", "grossProfit": "2465500000", "totalRevenue": "5474700000", "costOfRevenue": "3009200000", "costofGoodsAndServicesSold": "3009200000", "operatingIncome": "2299500000", "sellingGeneralAndAdministrative": "166000000", "researchAndDevelopment": "0", "operatingExpenses": "166000000", "investmentIncomeNet": "None", "netInterestIncome": "None", "interestIncome": "None", "interestExpense": "152200000", "nonInterestIncome": "None", "otherNonOperatingIncome": "9600000", "depreciation": "None", "depreciationAndAmortization": "410600000", "incomeBeforeTax": "2209700000", "incomeTaxExpense": "686500000", "interestAndDebtExpense": "None", "netIncomeFromContinuingOperations": "1523200000", "comprehensiveIncomeNetOfTax": "None", "ebit": "2361900000", "ebitda": "2772500000", "netIncome": "1464600000"}, {"fiscalDateEnding": "2012-12-31", "reportedCurrency": "USD", "grossProfit": "3169300000", "totalRevenue": "6104000000", "costOfRevenue": "2934700000", "costofGoodsAndServicesSold": "2934700000", "operatingIncome": "3017500000", "sellingGeneralAndAdministrative": "151800000", "researchAndDevelopment": "21900000", "operatingExpenses": "151800000", "investmentIncomeNet": "None", "netInterestIncome": "None", "interestIncome": "None", "interestExpense": "135300000", "nonInterestIncome": "None", "otherNonOperatingIncome": "63500000", "depreciation": "None", "depreciationAndAmortization": "419800000", "incomeBeforeTax": "2829500000", "incomeTaxExpense": "964200000", "interestAndDebtExpense": "None", "netIncomeFromContinuingOperations": "1865300000", "comprehensiveIncomeNetOfTax": "None", "ebit": "2964800000", "ebitda": "3384600000", "netIncome": "1848700000"}, {"fiscalDateEnding": "2011-12-31", "reportedCurrency": "USD", "grossProfit": "3027400000", "totalRevenue": "6097900000", "costOfRevenue": "3070500000", "costofGoodsAndServicesSold": "3070500000", "operatingIncome": "2897400000", "sellingGeneralAndAdministrative": "130000000", "researchAndDevelopment": "0", "operatingExpenses": "130000000", "investmentIncomeNet": "None", "netInterestIncome": "None", "interestIncome": "None", "interestExpense": "147200000", "nonInterestIncome": "None", "otherNonOperatingIncome": "44200000", "depreciation": "None", "depreciationAndAmortization": "416200000", "incomeBeforeTax": "2645600000", "incomeTaxExpense": "926500000", "interestAndDebtExpense": "None", "netIncomeFromContinuingOperations": "1719100000", "comprehensiveIncomeNetOfTax": "None", "ebit": "2792800000", "ebitda": "3209000000", "netIncome": "1539200000"}, {"fiscalDateEnding": "2010-12-31", "reportedCurrency": "USD", "grossProfit": "1223100000", "totalRevenue": "3965000000", "costOfRevenue": "2741900000", "costofGoodsAndServicesSold": "2741900000", "operatingIncome": "1117000000", "sellingGeneralAndAdministrative": "106100000", "researchAndDevelopment": "0", "operatingExpenses": "106100000", "investmentIncomeNet": "None", "netInterestIncome": "None", "interestIncome": "None", "interestExpense": "221300000", "nonInterestIncome": "None", "otherNonOperatingIncome": "40000000", "depreciation": "None", "depreciationAndAmortization": "394800000", "incomeBeforeTax": "687700000", "incomeTaxExpense": "273700000", "interestAndDebtExpense": "None", "netIncomeFromContinuingOperations": "414000000", "comprehensiveIncomeNetOfTax": "None", "ebit": "909000000", "ebitda": "1303800000", "netIncome": "349200000"}, {"fiscalDateEnding": "2009-12-31", "reportedCurrency": "USD", "grossProfit": "867500000", "totalRevenue": "2608400000", "costOfRevenue": "1740900000", "costofGoodsAndServicesSold": "1740900000", "operatingIncome": "804600000", "sellingGeneralAndAdministrative": "62900000", "researchAndDevelopment": "0", "operatingExpenses": "62900000", "investmentIncomeNet": "None", "netInterestIncome": "None", "interestIncome": "None", "interestExpense": "1500000", "nonInterestIncome": "None", "otherNonOperatingIncome": "16200000", "depreciation": "None", "depreciationAndAmortization": "101000000", "incomeBeforeTax": "695600000", "incomeTaxExpense": "246000000", "interestAndDebtExpense": "None", "netIncomeFromContinuingOperations": "449600000", "comprehensiveIncomeNetOfTax": "None", "ebit": "697100000", "ebitda": "798100000", "netIncome": "365600000"}, {"fiscalDateEnding": "2008-12-31", "reportedCurrency": "USD", "grossProfit": "1313200000", "totalRevenue": "3921100000", "costOfRevenue": "2607900000", "costofGoodsAndServicesSold": "2607900000", "operatingIncome": "1245200000", "sellingGeneralAndAdministrative": "72500000", "researchAndDevelopment": "None", "operatingExpenses": "68000000", "investmentIncomeNet": "None", "netInterestIncome": "None", "interestIncome": "None", "interestExpense": "1600000", "nonInterestIncome": "None", "otherNonOperatingIncome": "None", "depreciation": "None", "depreciationAndAmortization": "100800000", "incomeBeforeTax": "1058500000", "incomeTaxExpense": "378100000", "interestAndDebtExpense": "None", "netIncomeFromContinuingOperations": "None", "comprehensiveIncomeNetOfTax": "None", "ebit": "1177000000", "ebitda": "1277800000", "netIncome": "684600000"}, {"fiscalDateEnding": "2007-12-31", "reportedCurrency": "USD", "grossProfit": "729500000", "totalRevenue": "2756700000", "costOfRevenue": "2027200000", "costofGoodsAndServicesSold": "2027200000", "operatingIncome": "664300000", "sellingGeneralAndAdministrative": "68400000", "researchAndDevelopment": "None", "operatingExpenses": "65200000", "investmentIncomeNet": "None", "netInterestIncome": "None", "interestIncome": "None", "interestExpense": "1700000", "nonInterestIncome": "None", "otherNonOperatingIncome": "None", "depreciation": "None", "depreciationAndAmortization": "84500000", "incomeBeforeTax": "571300000", "incomeTaxExpense": "199500000", "interestAndDebtExpense": "None", "netIncomeFromContinuingOperations": "None", "comprehensiveIncomeNetOfTax": "None", "ebit": "627600000", "ebitda": "712100000", "netIncome": "372700000"}, {"fiscalDateEnding": "2006-12-31", "reportedCurrency": "USD", "grossProfit": "240900000", "totalRevenue": "1949500000", "costOfRevenue": "1708600000", "costofGoodsAndServicesSold": "1708600000", "operatingIncome": "163800000", "sellingGeneralAndAdministrative": "54500000", "researchAndDevelopment": "None", "operatingExpenses": "77100000", "investmentIncomeNet": "None", "netInterestIncome": "None", "interestIncome": "None", "interestExpense": "2900000", "nonInterestIncome": "None", "otherNonOperatingIncome": "None", "depreciation": "None", "depreciationAndAmortization": "94600000", "incomeBeforeTax": "53000000", "incomeTaxExpense": "19700000", "interestAndDebtExpense": "None", "netIncomeFromContinuingOperations": "None", "comprehensiveIncomeNetOfTax": "None", "ebit": "84700000", "ebitda": "179300000", "netIncome": "33300000"}, {"fiscalDateEnding": "2005-12-31", "reportedCurrency": "USD", "grossProfit": "232500000", "totalRevenue": "1908400000", "costOfRevenue": "1675900000", "costofGoodsAndServicesSold": "1675900000", "operatingIncome": "160200000", "sellingGeneralAndAdministrative": "71100000", "researchAndDevelopment": "None", "operatingExpenses": "72300000", "investmentIncomeNet": "None", "netInterestIncome": "None", "interestIncome": "None", "interestExpense": "14000000", "nonInterestIncome": "None", "otherNonOperatingIncome": "None", "depreciation": "None", "depreciationAndAmortization": "97500000", "incomeBeforeTax": "92500000", "incomeTaxExpense": "128700000", "interestAndDebtExpense": "None", "netIncomeFromContinuingOperations": "None", "comprehensiveIncomeNetOfTax": "None", "ebit": "124300000", "ebitda": "221800000", "netIncome": "-39000000"}], "quarterlyReports": [{"fiscalDateEnding": "2025-09-30", "reportedCurrency": "USD", "grossProfit": "632000000", "totalRevenue": "1659000000", "costOfRevenue": "1027000000", "costofGoodsAndServicesSold": "1027000000", "operatingIncome": "580000000", "sellingGeneralAndAdministrative": "88000000", "researchAndDevelopment": "None", "operatingExpenses": "52000000", "investmentIncomeNet": "None", "netInterestIncome": "-18000000", "interestIncome": "23000000", "interestExpense": "41000000", "nonInterestIncome": "None", "otherNonOperatingIncome": "None", "depreciation": "None", "depreciationAndAmortization": "217000000", "incomeBeforeTax": "565000000", "incomeTaxExpense": "105000000", "interestAndDebtExpense": "None", "netIncomeFromContinuingOperations": "460000000", "comprehensiveIncomeNetOfTax": "None", "ebit": "606000000", "ebitda": "823000000", "netIncome": "353000000"}, {"fiscalDateEnding": "2025-06-30", "reportedCurrency": "USD", "grossProfit": "846000000", "totalRevenue": "1890000000", "costOfRevenue": "1044000000", "costofGoodsAndServicesSold": "1044000000", "operatingIncome": "745000000", "sellingGeneralAndAdministrative": "101000000", "researchAndDevelopment": "None", "operatingExpenses": "101000000", "investmentIncomeNet": "None", "netInterestIncome": "-19000000", "interestIncome": "17000000", "interestExpense": "36000000", "nonInterestIncome": "None", "otherNonOperatingIncome": "None", "depreciation": "None", "depreciationAndAmortization": "232000000", "incomeBeforeTax": "635000000", "incomeTaxExpense": "143000000", "interestAndDebtExpense": "None", "netIncomeFromContinuingOperations": "492000000", "comprehensiveIncomeNetOfTax": "None", "ebit": "671000000", "ebitda": "903000000", "netIncome": "386000000"}, {"fiscalDateEnding": "2025-03-31", "reportedCurrency": "USD", "grossProfit": "677000000", "totalRevenue": "1663000000", "costOfRevenue": "986000000", "costofGoodsAndServicesSold": "986000000", "operatingIncome": "593000000", "sellingGeneralAndAdministrative": "84000000", "researchAndDevelopment": "None", "operatingExpenses": "84000000", "investmentIncomeNet": "None", "netInterestIncome": "-20000000", "interestIncome": "17000000", "interestExpense": "37000000", "nonInterestIncome": "None", "otherNonOperatingIncome": "None", "depreciation": "None", "depreciationAndAmortization": "221000000", "incomeBeforeTax": "437000000", "incomeTaxExpense": "86000000", "interestAndDebtExpense": "None", "netIncomeFromContinuingOperations": "351000000", "comprehensiveIncomeNetOfTax": "None", "ebit": "474000000", "ebitda": "695000000", "netIncome": "312000000"}, {"fiscalDateEnding": "2024-12-31", "reportedCurrency": "USD", "grossProfit": "523000000", "totalRevenue": "1524000000", "costOfRevenue": "1001000000", "costofGoodsAndServicesSold": "1001000000", "operatingIncome": "445000000", "sellingGeneralAndAdministrative": "78000000", "researchAndDevelopment": "None", "operatingExpenses": "78000000", "investmentIncomeNet": "None", "netInterestIncome": "-14000000", "interestIncome": "23000000", "interestExpense": "47000000", "nonInterestIncome": "None", "otherNonOperatingIncome": "None", "depreciation": "None", "depreciationAndAmortization": "221000000", "incomeBeforeTax": "433000000", "incomeTaxExpense": "41000000", "interestAndDebtExpense": "None", "netIncomeFromContinuingOperations": "392000000", "comprehensiveIncomeNetOfTax": "None", "ebit": "480000000", "ebitda": "701000000", "netIncome": "328000000"}, {"fiscalDateEnding": "2024-09-30", "reportedCurrency": "USD", "grossProfit": "446000000", "totalRevenue": "1370000000", "costOfRevenue": "924000000", "costofGoodsAndServicesSold": "924000000", "operatingIncome": "368000000", "sellingGeneralAndAdministrative": "78000000", "researchAndDevelopment": "None", "operatingExpenses": "78000000", "investmentIncomeNet": "None", "netInterestIncome": "32000000", "interestIncome": "69000000", "interestExpense": "34000000", "nonInterestIncome": "None", "otherNonOperatingIncome": "None", "depreciation": "None", "depreciationAndAmortization": "229000000", "incomeBeforeTax": "400000000", "incomeTaxExpense": "59000000", "interestAndDebtExpense": "None", "netIncomeFromContinuingOperations": "341000000", "comprehensiveIncomeNetOfTax": "None", "ebit": "400000000", "ebitda": "629000000", "netIncome": "276000000"}, {"fiscalDateEnding": "2024-06-30", "reportedCurrency": "USD", "grossProfit": "679000000", "totalRevenue": "1572000000", "costOfRevenue": "893000000", "costofGoodsAndServicesSold": "893000000", "operatingIncome": "603000000", "sellingGeneralAndAdministrative": "76000000", "researchAndDevelopment": "None", "operatingExpenses": "76000000", "investmentIncomeNet": "None", "netInterestIncome": "-9000000", "interestIncome": "28000000", "interestExpense": "37000000", "nonInterestIncome": "None", "otherNonOperatingIncome": "None", "depreciation": "None", "depreciationAndAmortization": "222000000", "incomeBeforeTax": "629000000", "incomeTaxExpense": "123000000", "interestAndDebtExpense": "None", "netIncomeFromContinuingOperations": "506000000", "comprehensiveIncomeNetOfTax": "None", "ebit": "666000000", "ebitda": "888000000", "netIncome": "420000000"}, {"fiscalDateEnding": "2024-03-31", "reportedCurrency": "USD", "grossProfit": "413000000", "totalRevenue": "1470000000", "costOfRevenue": "1057000000", "costofGoodsAndServicesSold": "1057000000", "operatingIncome": "325000000", "sellingGeneralAndAdministrative": "88000000", "researchAndDevelopment": "None", "operatingExpenses": "88000000", "investmentIncomeNet": "None", "netInterestIncome": "-7000000", "interestIncome": "30000000", "interestExpense": "37000000", "nonInterestIncome": "None", "otherNonOperatingIncome": "None", "depreciation": "None", "depreciationAndAmortization": "253000000", "incomeBeforeTax": "300000000", "incomeTaxExpense": "62000000", "interestAndDebtExpense": "None", "netIncomeFromContinuingOperations": "238000000", "comprehensiveIncomeNetOfTax": "None", "ebit": "337000000", "ebitda": "590000000", "netIncome": "194000000"}, {"fiscalDateEnding": "2023-12-31", "reportedCurrency": "USD", "grossProfit": "547000000", "totalRevenue": "1571000000", "costOfRevenue": "1024000000", "costofGoodsAndServicesSold": "1024000000", "operatingIncome": "471000000", "sellingGeneralAndAdministrative": "76000000", "researchAndDevelopment": "None", "operatingExpenses": "76000000", "investmentIncomeNet": "None", "netInterestIncome": "8000000", "interestIncome": "45000000", "interestExpense": "35000000", "nonInterestIncome": "None", "otherNonOperatingIncome": "None", "depreciation": "None", "depreciationAndAmortization": "229000000", "incomeBeforeTax": "436000000", "incomeTaxExpense": "84000000", "interestAndDebtExpense": "None", "netIncomeFromContinuingOperations": "352000000", "comprehensiveIncomeNetOfTax": "None", "ebit": "471000000", "ebitda": "700000000", "netIncome": "274000000"}, {"fiscalDateEnding": "2023-09-30", "reportedCurrency": "USD", "grossProfit": "385000000", "totalRevenue": "1273000000", "costOfRevenue": "888000000", "costofGoodsAndServicesSold": "888000000", "operatingIncome": "317000000", "sellingGeneralAndAdministrative": "68000000", "researchAndDevelopment": "None", "operatingExpenses": "68000000", "investmentIncomeNet": "None", "netInterestIncome": "6000000", "interestIncome": "45000000", "interestExpense": "39000000", "nonInterestIncome": "None", "otherNonOperatingIncome": "None", "depreciation": "None", "depreciationAndAmortization": "213000000", "incomeBeforeTax": "253000000", "incomeTaxExpense": "23000000", "interestAndDebtExpense": "None", "netIncomeFromContinuingOperations": "230000000", "comprehensiveIncomeNetOfTax": "None", "ebit": "292000000", "ebitda": "505000000", "netIncome": "164000000"}, {"fiscalDateEnding": "2023-06-30", "reportedCurrency": "USD", "grossProfit": "804000000", "totalRevenue": "1775000000", "costOfRevenue": "971000000", "costofGoodsAndServicesSold": "971000000", "operatingIncome": "733000000", "sellingGeneralAndAdministrative": "71000000", "researchAndDevelopment": "None", "operatingExpenses": "71000000", "investmentIncomeNet": "None", "netInterestIncome": "4000000", "interestIncome": "40000000", "interestExpense": "36000000", "nonInterestIncome": "None", "otherNonOperatingIncome": "42000000", "depreciation": "None", "depreciationAndAmortization": "221000000", "incomeBeforeTax": "740000000", "incomeTaxExpense": "134000000", "interestAndDebtExpense": "None", "netIncomeFromContinuingOperations": "606000000", "comprehensiveIncomeNetOfTax": "None", "ebit": "776000000", "ebitda": "997000000", "netIncome": "527000000"}, {"fiscalDateEnding": "2023-03-31", "reportedCurrency": "USD", "grossProfit": "909000000", "totalRevenue": "2012000000", "costOfRevenue": "1103000000", "costofGoodsAndServicesSold": "1103000000", "operatingIncome": "835000000", "sellingGeneralAndAdministrative": "74000000", "researchAndDevelopment": "None", "operatingExpenses": "74000000", "investmentIncomeNet": "None", "netInterestIncome": "-10000000", "interestIncome": "30000000", "interestExpense": "40000000", "nonInterestIncome": "None", "otherNonOperatingIncome": "33000000", "depreciation": "None", "depreciationAndAmortization": "206000000", "incomeBeforeTax": "819000000", "incomeTaxExpense": "169000000", "interestAndDebtExpense": "None", "netIncomeFromContinuingOperations": "650000000", "comprehensiveIncomeNetOfTax": "None", "ebit": "859000000", "ebitda": "1065000000", "netIncome": "560000000"}, {"fiscalDateEnding": "2022-12-31", "reportedCurrency": "USD", "grossProfit": "1346000000", "totalRevenue": "2608000000", "costOfRevenue": "1262000000", "costofGoodsAndServicesSold": "1262000000", "operatingIncome": "1259000000", "sellingGeneralAndAdministrative": "73000000", "researchAndDevelopment": "None", "operatingExpenses": "87000000", "investmentIncomeNet": "None", "netInterestIncome": "34000000", "interestIncome": "34000000", "interestExpense": "27000000", "nonInterestIncome": "None", "otherNonOperatingIncome": "16000000", "depreciation": "None", "depreciationAndAmortization": "195000000", "incomeBeforeTax": "1254000000", "incomeTaxExpense": "245000000", "interestAndDebtExpense": "None", "netIncomeFromContinuingOperations": "1009000000", "comprehensiveIncomeNetOfTax": "None", "ebit": "1254000000", "ebitda": "1449000000", "netIncome": "860000000"}, {"fiscalDateEnding": "2022-09-30", "reportedCurrency": "USD", "grossProfit": "915000000", "totalRevenue": "2321000000", "costOfRevenue": "1406000000", "costofGoodsAndServicesSold": "1406000000", "operatingIncome": "849000000", "sellingGeneralAndAdministrative": "66000000", "researchAndDevelopment": "None", "operatingExpenses": "66000000", "investmentIncomeNet": "None", "netInterestIncome": "-34000000", "interestIncome": "34000000", "interestExpense": "46000000", "nonInterestIncome": "None", "otherNonOperatingIncome": "-11000000", "depreciation": "None", "depreciationAndAmortization": "220000000", "incomeBeforeTax": "693000000", "incomeTaxExpense": "155000000", "interestAndDebtExpense": "None", "netIncomeFromContinuingOperations": "538000000", "comprehensiveIncomeNetOfTax": "None", "ebit": "739000000", "ebitda": "959000000", "netIncome": "438000000"}, {"fiscalDateEnding": "2022-06-30", "reportedCurrency": "USD", "grossProfit": "1983000000", "totalRevenue": "3389000000", "costOfRevenue": "1406000000", "costofGoodsAndServicesSold": "1406000000", "operatingIncome": "1910000000", "sellingGeneralAndAdministrative": "73000000", "researchAndDevelopment": "None", "operatingExpenses": "73000000", "investmentIncomeNet": "None", "netInterestIncome": "-74000000", "interestIncome": "8000000", "interestExpense": "82000000", "nonInterestIncome": "None", "otherNonOperatingIncome": "None", "depreciation": "None", "depreciationAndAmortization": "220000000", "incomeBeforeTax": "1696000000", "incomeTaxExpense": "357000000", "interestAndDebtExpense": "None", "netIncomeFromContinuingOperations": "1339000000", "comprehensiveIncomeNetOfTax": "None", "ebit": "1778000000", "ebitda": "1998000000", "netIncome": "1165000000"}, {"fiscalDateEnding": "2022-03-31", "reportedCurrency": "USD", "grossProfit": "1648000000", "totalRevenue": "2868000000", "costOfRevenue": "1220000000", "costofGoodsAndServicesSold": "1220000000", "operatingIncome": "1584000000", "sellingGeneralAndAdministrative": "64000000", "researchAndDevelopment": "None", "operatingExpenses": "64000000", "investmentIncomeNet": "None", "netInterestIncome": "-205000000", "interestIncome": "36000000", "interestExpense": "241000000", "nonInterestIncome": "None", "otherNonOperatingIncome": "37000000", "depreciation": "None", "depreciationAndAmortization": "206000000", "incomeBeforeTax": "1452000000", "incomeTaxExpense": "401000000", "interestAndDebtExpense": "None", "netIncomeFromContinuingOperations": "1051000000", "comprehensiveIncomeNetOfTax": "None", "ebit": "1693000000", "ebitda": "1899000000", "netIncome": "883000000"}, {"fiscalDateEnding": "2021-12-31", "reportedCurrency": "USD", "grossProfit": "1112000000", "totalRevenue": "2540000000", "costOfRevenue": "1428000000", "costofGoodsAndServicesSold": "1428000000", "operatingIncome": "1056000000", "sellingGeneralAndAdministrative": "112000000", "researchAndDevelopment": "None", "operatingExpenses": "56000000", "investmentIncomeNet": "None", "netInterestIncome": "-43000000", "interestIncome": "43000000", "interestExpense": "44000000", "nonInterestIncome": "None", "otherNonOperatingIncome": "None", "depreciation": "None", "depreciationAndAmortization": "236000000", "incomeBeforeTax": "1085000000", "incomeTaxExpense": "226000000", "interestAndDebtExpense": "None", "netIncomeFromContinuingOperations": "859000000", "comprehensiveIncomeNetOfTax": "None", "ebit": "1129000000", "ebitda": "1365000000", "netIncome": "705000000"}, {"fiscalDateEnding": "2021-09-30", "reportedCurrency": "USD", "grossProfit": "428000000", "totalRevenue": "1362000000", "costOfRevenue": "934000000", "costofGoodsAndServicesSold": "934000000", "operatingIncome": "376000000", "sellingGeneralAndAdministrative": "52000000", "researchAndDevelopment": "None", "operatingExpenses": "52000000", "investmentIncomeNet": "None", "netInterestIncome": "-46000000", "interestIncome": "46000000", "interestExpense": "46000000", "nonInterestIncome": "None", "otherNonOperatingIncome": "6000000", "depreciation": "None", "depreciationAndAmortization": "200000000", "incomeBeforeTax": "-137000000", "incomeTaxExpense": "-46000000", "interestAndDebtExpense": "None", "netIncomeFromContinuingOperations": "-91000000", "comprehensiveIncomeNetOfTax": "None", "ebit": "-91000000", "ebitda": "109000000", "netIncome": "-185000000"}, {"fiscalDateEnding": "2021-06-30", "reportedCurrency": "USD", "grossProfit": "503000000", "totalRevenue": "1588000000", "costOfRevenue": "1085000000", "costofGoodsAndServicesSold": "1085000000", "operatingIncome": "443000000", "sellingGeneralAndAdministrative": "60000000", "researchAndDevelopment": "None", "operatingExpenses": "60000000", "investmentIncomeNet": "None", "netInterestIncome": "-46000000", "interestIncome": "46000000", "interestExpense": "46000000", "nonInterestIncome": "None", "otherNonOperatingIncome": "-2000000", "depreciation": "None", "depreciationAndAmortization": "241000000", "incomeBeforeTax": "402000000", "incomeTaxExpense": "85000000", "interestAndDebtExpense": "None", "netIncomeFromContinuingOperations": "317000000", "comprehensiveIncomeNetOfTax": "None", "ebit": "448000000", "ebitda": "689000000", "netIncome": "246000000"}, {"fiscalDateEnding": "2021-03-31", "reportedCurrency": "USD", "grossProfit": "174000000", "totalRevenue": "1048000000", "costOfRevenue": "874000000", "costofGoodsAndServicesSold": "874000000", "operatingIncome": "119000000", "sellingGeneralAndAdministrative": "55000000", "researchAndDevelopment": "None", "operatingExpenses": "55000000", "investmentIncomeNet": "None", "netInterestIncome": "-48000000", "interestIncome": "48000000", "interestExpense": "48000000", "nonInterestIncome": "None", "otherNonOperatingIncome": "-6000000", "depreciation": "None", "depreciationAndAmortization": "202000000", "incomeBeforeTax": "193000000", "incomeTaxExpense": "18000000", "interestAndDebtExpense": "None", "netIncomeFromContinuingOperations": "175000000", "comprehensiveIncomeNetOfTax": "None", "ebit": "241000000", "ebitda": "443000000", "netIncome": "151000000"}, {"fiscalDateEnding": "2020-12-31", "reportedCurrency": "USD", "grossProfit": "186000000", "totalRevenue": "1102000000", "costOfRevenue": "916000000", "costofGoodsAndServicesSold": "916000000", "operatingIncome": "134000000", "sellingGeneralAndAdministrative": "52000000", "researchAndDevelopment": "None", "operatingExpenses": "52000000", "investmentIncomeNet": "None", "netInterestIncome": "-38000000", "interestIncome": "38000000", "interestExpense": "38000000", "nonInterestIncome": "None", "otherNonOperatingIncome": "-1000000", "depreciation": "None", "depreciationAndAmortization": "228000000", "incomeBeforeTax": "117000000", "incomeTaxExpense": "-2000000", "interestAndDebtExpense": "None", "netIncomeFromContinuingOperations": "119000000", "comprehensiveIncomeNetOfTax": "None", "ebit": "155000000", "ebitda": "383000000", "netIncome": "87000000"}, {"fiscalDateEnding": "2020-09-30", "reportedCurrency": "USD", "grossProfit": "94000000", "totalRevenue": "847000000", "costOfRevenue": "753000000", "costofGoodsAndServicesSold": "753000000", "operatingIncome": "45000000", "sellingGeneralAndAdministrative": "49000000", "researchAndDevelopment": "None", "operatingExpenses": "49000000", "investmentIncomeNet": "None", "netInterestIncome": "-48000000", "interestIncome": "48000000", "interestExpense": "48000000", "nonInterestIncome": "None", "otherNonOperatingIncome": "-1000000", "depreciation": "None", "depreciationAndAmortization": "209000000", "incomeBeforeTax": "-9000000", "incomeTaxExpense": "-13000000", "interestAndDebtExpense": "None", "netIncomeFromContinuingOperations": "4000000", "comprehensiveIncomeNetOfTax": "None", "ebit": "39000000", "ebitda": "248000000", "netIncome": "-28000000"}, {"fiscalDateEnding": "2020-06-30", "reportedCurrency": "USD", "grossProfit": "334000000", "totalRevenue": "1204000000", "costOfRevenue": "870000000", "costofGoodsAndServicesSold": "870000000", "operatingIncome": "283000000", "sellingGeneralAndAdministrative": "51000000", "researchAndDevelopment": "None", "operatingExpenses": "51000000", "investmentIncomeNet": "None", "netInterestIncome": "-32000000", "interestIncome": "17000000", "interestExpense": "49000000", "nonInterestIncome": "None", "otherNonOperatingIncome": "20000000", "depreciation": "None", "depreciationAndAmortization": "237000000", "incomeBeforeTax": "251000000", "incomeTaxExpense": "33000000", "interestAndDebtExpense": "None", "netIncomeFromContinuingOperations": "218000000", "comprehensiveIncomeNetOfTax": "None", "ebit": "300000000", "ebitda": "537000000", "netIncome": "190000000"}, {"fiscalDateEnding": "2020-03-31", "reportedCurrency": "USD", "grossProfit": "192000000", "totalRevenue": "971000000", "costOfRevenue": "779000000", "costofGoodsAndServicesSold": "779000000", "operatingIncome": "138000000", "sellingGeneralAndAdministrative": "54000000", "researchAndDevelopment": "None", "operatingExpenses": "54000000", "investmentIncomeNet": "None", "netInterestIncome": "-43000000", "interestIncome": "5000000", "interestExpense": "44000000", "nonInterestIncome": "None", "otherNonOperatingIncome": "1000000", "depreciation": "None", "depreciationAndAmortization": "210000000", "incomeBeforeTax": "104000000", "incomeTaxExpense": "13000000", "interestAndDebtExpense": "None", "netIncomeFromContinuingOperations": "91000000", "comprehensiveIncomeNetOfTax": "None", "ebit": "148000000", "ebitda": "358000000", "netIncome": "68000000"}, {"fiscalDateEnding": "2019-12-31", "reportedCurrency": "USD", "grossProfit": "238000000", "totalRevenue": "1049000000", "costOfRevenue": "811000000", "costofGoodsAndServicesSold": "811000000", "operatingIncome": "175000000", "sellingGeneralAndAdministrative": "63000000", "researchAndDevelopment": "None", "operatingExpenses": "63000000", "investmentIncomeNet": "None", "netInterestIncome": "-47000000", "interestIncome": "8000000", "interestExpense": "55000000", "nonInterestIncome": "None", "otherNonOperatingIncome": "8000000", "depreciation": "None", "depreciationAndAmortization": "212000000", "incomeBeforeTax": "107000000", "incomeTaxExpense": "13000000", "interestAndDebtExpense": "None", "netIncomeFromContinuingOperations": "94000000", "comprehensiveIncomeNetOfTax": "None", "ebit": "162000000", "ebitda": "374000000", "netIncome": "55000000"}, {"fiscalDateEnding": "2019-09-30", "reportedCurrency": "USD", "grossProfit": "230000000", "totalRevenue": "1038000000", "costOfRevenue": "808000000", "costofGoodsAndServicesSold": "808000000", "operatingIncome": "174000000", "sellingGeneralAndAdministrative": "56000000", "researchAndDevelopment": "None", "operatingExpenses": "56000000", "investmentIncomeNet": "None", "netInterestIncome": "-59000000", "interestIncome": "4000000", "interestExpense": "63000000", "nonInterestIncome": "None", "otherNonOperatingIncome": "4000000", "depreciation": "None", "depreciationAndAmortization": "220000000", "incomeBeforeTax": "133000000", "incomeTaxExpense": "19000000", "interestAndDebtExpense": "None", "netIncomeFromContinuingOperations": "114000000", "comprehensiveIncomeNetOfTax": "None", "ebit": "196000000", "ebitda": "416000000", "netIncome": "65000000"}, {"fiscalDateEnding": "2019-06-30", "reportedCurrency": "USD", "grossProfit": "498000000", "totalRevenue": "1502000000", "costOfRevenue": "1004000000", "costofGoodsAndServicesSold": "1004000000", "operatingIncome": "436000000", "sellingGeneralAndAdministrative": "62000000", "researchAndDevelopment": "None", "operatingExpenses": "62000000", "investmentIncomeNet": "None", "netInterestIncome": "-55000000", "interestIncome": "4000000", "interestExpense": "59000000", "nonInterestIncome": "None", "otherNonOperatingIncome": "4000000", "depreciation": "None", "depreciationAndAmortization": "249000000", "incomeBeforeTax": "422000000", "incomeTaxExpense": "102000000", "interestAndDebtExpense": "None", "netIncomeFromContinuingOperations": "320000000", "comprehensiveIncomeNetOfTax": "None", "ebit": "481000000", "ebitda": "730000000", "netIncome": "283000000"}, {"fiscalDateEnding": "2019-03-31", "reportedCurrency": "USD", "grossProfit": "222000000", "totalRevenue": "1001000000", "costOfRevenue": "779000000", "costofGoodsAndServicesSold": "779000000", "operatingIncome": "164000000", "sellingGeneralAndAdministrative": "58000000", "researchAndDevelopment": "None", "operatingExpenses": "58000000", "investmentIncomeNet": "None", "netInterestIncome": "-56000000", "interestIncome": "56000000", "interestExpense": "60000000", "nonInterestIncome": "None", "otherNonOperatingIncome": "4000000", "depreciation": "None", "depreciationAndAmortization": "185000000", "incomeBeforeTax": "110000000", "incomeTaxExpense": "-8000000", "interestAndDebtExpense": "None", "netIncomeFromContinuingOperations": "118000000", "comprehensiveIncomeNetOfTax": "None", "ebit": "170000000", "ebitda": "355000000", "netIncome": "90000000"}, {"fiscalDateEnding": "2018-12-31", "reportedCurrency": "USD", "grossProfit": "235000000", "totalRevenue": "1132000000", "costOfRevenue": "897000000", "costofGoodsAndServicesSold": "897000000", "operatingIncome": "184000000", "sellingGeneralAndAdministrative": "51000000", "researchAndDevelopment": "0", "operatingExpenses": "51000000", "investmentIncomeNet": "None", "netInterestIncome": "None", "interestIncome": "None", "interestExpense": "61000000", "nonInterestIncome": "None", "otherNonOperatingIncome": "4000000", "depreciation": "None", "depreciationAndAmortization": "218000000", "incomeBeforeTax": "141000000", "incomeTaxExpense": "46000000", "interestAndDebtExpense": "None", "netIncomeFromContinuingOperations": "95000000", "comprehensiveIncomeNetOfTax": "None", "ebit": "202000000", "ebitda": "420000000", "netIncome": "49000000"}, {"fiscalDateEnding": "2018-09-30", "reportedCurrency": "USD", "grossProfit": "173000000", "totalRevenue": "1040000000", "costOfRevenue": "867000000", "costofGoodsAndServicesSold": "867000000", "operatingIncome": "120000000", "sellingGeneralAndAdministrative": "53000000", "researchAndDevelopment": "0", "operatingExpenses": "53000000", "investmentIncomeNet": "None", "netInterestIncome": "None", "interestIncome": "None", "interestExpense": "59000000", "nonInterestIncome": "None", "otherNonOperatingIncome": "4000000", "depreciation": "None", "depreciationAndAmortization": "228000000", "incomeBeforeTax": "83000000", "incomeTaxExpense": "12000000", "interestAndDebtExpense": "None", "netIncomeFromContinuingOperations": "71000000", "comprehensiveIncomeNetOfTax": "None", "ebit": "142000000", "ebitda": "370000000", "netIncome": "30000000"}, {"fiscalDateEnding": "2018-06-30", "reportedCurrency": "USD", "grossProfit": "310000000", "totalRevenue": "1300000000", "costOfRevenue": "990000000", "costofGoodsAndServicesSold": "990000000", "operatingIncome": "257000000", "sellingGeneralAndAdministrative": "53000000", "researchAndDevelopment": "0", "operatingExpenses": "53000000", "investmentIncomeNet": "None", "netInterestIncome": "None", "interestIncome": "None", "interestExpense": "61000000", "nonInterestIncome": "None", "otherNonOperatingIncome": "2000000", "depreciation": "None", "depreciationAndAmortization": "239000000", "incomeBeforeTax": "218000000", "incomeTaxExpense": "44000000", "interestAndDebtExpense": "None", "netIncomeFromContinuingOperations": "174000000", "comprehensiveIncomeNetOfTax": "None", "ebit": "279000000", "ebitda": "518000000", "netIncome": "148000000"}, {"fiscalDateEnding": "2018-03-31", "reportedCurrency": "USD", "grossProfit": "188000000", "totalRevenue": "957000000", "costOfRevenue": "769000000", "costofGoodsAndServicesSold": "769000000", "operatingIncome": "133000000", "sellingGeneralAndAdministrative": "57000000", "researchAndDevelopment": "0", "operatingExpenses": "55000000", "investmentIncomeNet": "None", "netInterestIncome": "None", "interestIncome": "None", "interestExpense": "60000000", "nonInterestIncome": "None", "otherNonOperatingIncome": "3000000", "depreciation": "None", "depreciationAndAmortization": "187000000", "incomeBeforeTax": "105000000", "incomeTaxExpense": "17000000", "interestAndDebtExpense": "None", "netIncomeFromContinuingOperations": "88000000", "comprehensiveIncomeNetOfTax": "None", "ebit": "165000000", "ebitda": "352000000", "netIncome": "63000000"}, {"fiscalDateEnding": "2017-12-31", "reportedCurrency": "USD", "grossProfit": "153000000", "totalRevenue": "1099000000", "costOfRevenue": "946000000", "costofGoodsAndServicesSold": "946000000", "operatingIncome": "101000000", "sellingGeneralAndAdministrative": "52000000", "researchAndDevelopment": "0", "operatingExpenses": "52000000", "investmentIncomeNet": "None", "netInterestIncome": "None", "interestIncome": "None", "interestExpense": "74000000", "nonInterestIncome": "None", "otherNonOperatingIncome": "4000000", "depreciation": "None", "depreciationAndAmortization": "228000000", "incomeBeforeTax": "-17000000", "incomeTaxExpense": "-520000000", "interestAndDebtExpense": "None", "netIncomeFromContinuingOperations": "503000000", "comprehensiveIncomeNetOfTax": "None", "ebit": "57000000", "ebitda": "285000000", "netIncome": "465000000"}, {"fiscalDateEnding": "2017-09-30", "reportedCurrency": "USD", "grossProfit": "15000000", "totalRevenue": "870000000", "costOfRevenue": "855000000", "costofGoodsAndServicesSold": "855000000", "operatingIncome": "-30000000", "sellingGeneralAndAdministrative": "45000000", "researchAndDevelopment": "0", "operatingExpenses": "45000000", "investmentIncomeNet": "None", "netInterestIncome": "None", "interestIncome": "None", "interestExpense": "81000000", "nonInterestIncome": "None", "otherNonOperatingIncome": "5000000", "depreciation": "None", "depreciationAndAmortization": "219000000", "incomeBeforeTax": "-115000000", "incomeTaxExpense": "-47000000", "interestAndDebtExpense": "None", "netIncomeFromContinuingOperations": "-68000000", "comprehensiveIncomeNetOfTax": "None", "ebit": "-34000000", "ebitda": "185000000", "netIncome": "-87000000"}, {"fiscalDateEnding": "2017-06-30", "reportedCurrency": "USD", "grossProfit": "193000000", "totalRevenue": "1124000000", "costOfRevenue": "931000000", "costofGoodsAndServicesSold": "931000000", "operatingIncome": "144000000", "sellingGeneralAndAdministrative": "49000000", "researchAndDevelopment": "0", "operatingExpenses": "49000000", "investmentIncomeNet": "None", "netInterestIncome": "None", "interestIncome": "None", "interestExpense": "80000000", "nonInterestIncome": "None", "otherNonOperatingIncome": "2000000", "depreciation": "None", "depreciationAndAmortization": "211000000", "incomeBeforeTax": "29000000", "incomeTaxExpense": "5000000", "interestAndDebtExpense": "None", "netIncomeFromContinuingOperations": "24000000", "comprehensiveIncomeNetOfTax": "None", "ebit": "109000000", "ebitda": "320000000", "netIncome": "3000000"}, {"fiscalDateEnding": "2017-03-31", "reportedCurrency": "USD", "grossProfit": "158000000", "totalRevenue": "1037000000", "costOfRevenue": "879000000", "costofGoodsAndServicesSold": "879000000", "operatingIncome": "112000000", "sellingGeneralAndAdministrative": "46000000", "researchAndDevelopment": "0", "operatingExpenses": "46000000", "investmentIncomeNet": "None", "netInterestIncome": "None", "interestIncome": "None", "interestExpense": "80000000", "nonInterestIncome": "None", "otherNonOperatingIncome": "1000000", "depreciation": "None", "depreciationAndAmortization": "199000000", "incomeBeforeTax": "-22000000", "incomeTaxExpense": "-13000000", "interestAndDebtExpense": "None", "netIncomeFromContinuingOperations": "-9000000", "comprehensiveIncomeNetOfTax": "None", "ebit": "58000000", "ebitda": "257000000", "netIncome": "-23000000"}, {"fiscalDateEnding": "2016-12-31", "reportedCurrency": "USD", "grossProfit": "11000000", "totalRevenue": "867000000", "costOfRevenue": "856000000", "costofGoodsAndServicesSold": "856000000", "operatingIncome": "-22000000", "sellingGeneralAndAdministrative": "33000000", "researchAndDevelopment": "0", "operatingExpenses": "33000000", "investmentIncomeNet": "None", "netInterestIncome": "None", "interestIncome": "None", "interestExpense": "70000000", "nonInterestIncome": "None", "otherNonOperatingIncome": "1000000", "depreciation": "None", "depreciationAndAmortization": "183000000", "incomeBeforeTax": "-335000000", "incomeTaxExpense": "-47000000", "interestAndDebtExpense": "None", "netIncomeFromContinuingOperations": "-288000000", "comprehensiveIncomeNetOfTax": "None", "ebit": "-265000000", "ebitda": "-82000000", "netIncome": "-320000000"}, {"fiscalDateEnding": "2016-09-30", "reportedCurrency": "USD", "grossProfit": "33000000", "totalRevenue": "680000000", "costOfRevenue": "647000000", "costofGoodsAndServicesSold": "647000000", "operatingIncome": "-11000000", "sellingGeneralAndAdministrative": "44000000", "researchAndDevelopment": "0", "operatingExpenses": "44000000", "investmentIncomeNet": "None", "netInterestIncome": "None", "interestIncome": "None", "interestExpense": "31000000", "nonInterestIncome": "None", "otherNonOperatingIncome": "2000000", "depreciation": "None", "depreciationAndAmortization": "141000000", "incomeBeforeTax": "-131000000", "incomeTaxExpense": "-131000000", "interestAndDebtExpense": "None", "netIncomeFromContinuingOperations": "38000000", "comprehensiveIncomeNetOfTax": "None", "ebit": "-100000000", "ebitda": "41000000", "netIncome": "-30000000"}, {"fiscalDateEnding": "2016-06-30", "reportedCurrency": "USD", "grossProfit": "527000000", "totalRevenue": "1134000000", "costOfRevenue": "607000000", "costofGoodsAndServicesSold": "607000000", "operatingIncome": "238000000", "sellingGeneralAndAdministrative": "52000000", "researchAndDevelopment": "0", "operatingExpenses": "115000000", "investmentIncomeNet": "None", "netInterestIncome": "None", "interestIncome": "None", "interestExpense": "61000000", "nonInterestIncome": "None", "otherNonOperatingIncome": "1000000", "depreciation": "None", "depreciationAndAmortization": "181000000", "incomeBeforeTax": "178000000", "incomeTaxExpense": "95000000", "interestAndDebtExpense": "None", "netIncomeFromContinuingOperations": "83000000", "comprehensiveIncomeNetOfTax": "None", "ebit": "207000000", "ebitda": "388000000", "netIncome": "47000000"}, {"fiscalDateEnding": "2016-03-31", "reportedCurrency": "USD", "grossProfit": "217000000", "totalRevenue": "1004000000", "costOfRevenue": "787000000", "costofGoodsAndServicesSold": "787000000", "operatingIncome": "97000000", "sellingGeneralAndAdministrative": "45000000", "researchAndDevelopment": "0", "operatingExpenses": "106000000", "investmentIncomeNet": "None", "netInterestIncome": "None", "interestIncome": "None", "interestExpense": "38000000", "nonInterestIncome": "None", "otherNonOperatingIncome": "1000000", "depreciation": "None", "depreciationAndAmortization": "146000000", "incomeBeforeTax": "62000000", "incomeTaxExpense": "15000000", "interestAndDebtExpense": "None", "netIncomeFromContinuingOperations": "47000000", "comprehensiveIncomeNetOfTax": "None", "ebit": "96000000", "ebitda": "242000000", "netIncome": "26000000"}, {"fiscalDateEnding": "2015-12-31", "reportedCurrency": "USD", "grossProfit": "280400000", "totalRevenue": "1115800000", "costOfRevenue": "835400000", "costofGoodsAndServicesSold": "835400000", "operatingIncome": "137100000", "sellingGeneralAndAdministrative": "50200000", "researchAndDevelopment": "0", "operatingExpenses": "27800000", "investmentIncomeNet": "None", "netInterestIncome": "None", "interestIncome": "None", "interestExpense": "40000000", "nonInterestIncome": "None", "otherNonOperatingIncome": "-400000", "depreciation": "None", "depreciationAndAmortization": "131600000", "incomeBeforeTax": "98300000", "incomeTaxExpense": "62300000", "interestAndDebtExpense": "None", "netIncomeFromContinuingOperations": "36000000", "comprehensiveIncomeNetOfTax": "None", "ebit": "133800000", "ebitda": "265400000", "netIncome": "26500000"}, {"fiscalDateEnding": "2015-09-30", "reportedCurrency": "USD", "grossProfit": "165000000", "totalRevenue": "927400000", "costOfRevenue": "763000000", "costofGoodsAndServicesSold": "763000000", "operatingIncome": "59000000", "sellingGeneralAndAdministrative": "41600000", "researchAndDevelopment": "0", "operatingExpenses": "75000000", "investmentIncomeNet": "None", "netInterestIncome": "None", "interestIncome": "None", "interestExpense": "30300000", "nonInterestIncome": "None", "otherNonOperatingIncome": "92900000", "depreciation": "None", "depreciationAndAmortization": "129000000", "incomeBeforeTax": "24600000", "incomeTaxExpense": "20100000", "interestAndDebtExpense": "None", "netIncomeFromContinuingOperations": "4500000", "comprehensiveIncomeNetOfTax": "None", "ebit": "46000000", "ebitda": "175000000", "netIncome": "90000000"}, {"fiscalDateEnding": "2015-06-30", "reportedCurrency": "USD", "grossProfit": "686000000", "totalRevenue": "1311500000", "costOfRevenue": "625000000", "costofGoodsAndServicesSold": "625000000", "operatingIncome": "630000000", "sellingGeneralAndAdministrative": "37900000", "researchAndDevelopment": "0", "operatingExpenses": "61000000", "investmentIncomeNet": "None", "netInterestIncome": "None", "interestIncome": "None", "interestExpense": "26600000", "nonInterestIncome": "None", "otherNonOperatingIncome": "-35500000", "depreciation": "None", "depreciationAndAmortization": "104000000", "incomeBeforeTax": "601000000", "incomeTaxExpense": "200700000", "interestAndDebtExpense": "None", "netIncomeFromContinuingOperations": "400300000", "comprehensiveIncomeNetOfTax": "None", "ebit": "627000000", "ebitda": "731000000", "netIncome": "352000000"}, {"fiscalDateEnding": "2015-03-31", "reportedCurrency": "USD", "grossProfit": "416000000", "totalRevenue": "953600000", "costOfRevenue": "538000000", "costofGoodsAndServicesSold": "538000000", "operatingIncome": "367000000", "sellingGeneralAndAdministrative": "40100000", "researchAndDevelopment": "0", "operatingExpenses": "58000000", "investmentIncomeNet": "None", "netInterestIncome": "None", "interestIncome": "None", "interestExpense": "33900000", "nonInterestIncome": "None", "otherNonOperatingIncome": "15300000", "depreciation": "None", "depreciationAndAmortization": "115000000", "incomeBeforeTax": "333700000", "incomeTaxExpense": "112700000", "interestAndDebtExpense": "None", "netIncomeFromContinuingOperations": "221000000", "comprehensiveIncomeNetOfTax": "None", "ebit": "367000000", "ebitda": "482000000", "netIncome": "231000000"}, {"fiscalDateEnding": "2014-12-31", "reportedCurrency": "USD", "grossProfit": "444300000", "totalRevenue": "1216500000", "costOfRevenue": "772200000", "costofGoodsAndServicesSold": "772200000", "operatingIncome": "418800000", "sellingGeneralAndAdministrative": "32500000", "researchAndDevelopment": "0", "operatingExpenses": "21700000", "investmentIncomeNet": "None", "netInterestIncome": "None", "interestIncome": "None", "interestExpense": "41100000", "nonInterestIncome": "None", "otherNonOperatingIncome": "6700000", "depreciation": "None", "depreciationAndAmortization": "94000000", "incomeBeforeTax": "376500000", "incomeTaxExpense": "132100000", "interestAndDebtExpense": "None", "netIncomeFromContinuingOperations": "244400000", "comprehensiveIncomeNetOfTax": "None", "ebit": "415200000", "ebitda": "509200000", "netIncome": "238300000"}, {"fiscalDateEnding": "2014-09-30", "reportedCurrency": "USD", "grossProfit": "301100000", "totalRevenue": "921400000", "costOfRevenue": "620300000", "costofGoodsAndServicesSold": "620300000", "operatingIncome": "246600000", "sellingGeneralAndAdministrative": "38200000", "researchAndDevelopment": "0", "operatingExpenses": "63900000", "investmentIncomeNet": "None", "netInterestIncome": "None", "interestIncome": "None", "interestExpense": "46400000", "nonInterestIncome": "None", "otherNonOperatingIncome": "10600000", "depreciation": "None", "depreciationAndAmortization": "95400000", "incomeBeforeTax": "200500000", "incomeTaxExpense": "70500000", "interestAndDebtExpense": "None", "netIncomeFromContinuingOperations": "130000000", "comprehensiveIncomeNetOfTax": "None", "ebit": "244600000", "ebitda": "340000000", "netIncome": "130900000"}, {"fiscalDateEnding": "2014-06-30", "reportedCurrency": "USD", "grossProfit": "590300000", "totalRevenue": "1472700000", "costOfRevenue": "882400000", "costofGoodsAndServicesSold": "882400000", "operatingIncome": "531300000", "sellingGeneralAndAdministrative": "39500000", "researchAndDevelopment": "0", "operatingExpenses": "61100000", "investmentIncomeNet": "None", "netInterestIncome": "None", "interestIncome": "None", "interestExpense": "50700000", "nonInterestIncome": "None", "otherNonOperatingIncome": "1700000", "depreciation": "None", "depreciationAndAmortization": "97800000", "incomeBeforeTax": "480200000", "incomeTaxExpense": "157200000", "interestAndDebtExpense": "None", "netIncomeFromContinuingOperations": "323000000", "comprehensiveIncomeNetOfTax": "None", "ebit": "528500000", "ebitda": "626300000", "netIncome": "312600000"}, {"fiscalDateEnding": "2014-03-31", "reportedCurrency": "USD", "grossProfit": "442800000", "totalRevenue": "1132600000", "costOfRevenue": "689800000", "costofGoodsAndServicesSold": "689800000", "operatingIncome": "1169800000", "sellingGeneralAndAdministrative": "41700000", "researchAndDevelopment": "0", "operatingExpenses": "35900000", "investmentIncomeNet": "None", "netInterestIncome": "None", "interestIncome": "None", "interestExpense": "40000000", "nonInterestIncome": "None", "otherNonOperatingIncome": "3500000", "depreciation": "None", "depreciationAndAmortization": "105300000", "incomeBeforeTax": "1130100000", "incomeTaxExpense": "413200000", "interestAndDebtExpense": "None", "netIncomeFromContinuingOperations": "716900000", "comprehensiveIncomeNetOfTax": "None", "ebit": "1166600000", "ebitda": "1271900000", "netIncome": "708500000"}, {"fiscalDateEnding": "2013-12-31", "reportedCurrency": "USD", "grossProfit": "593800000", "totalRevenue": "1326300000", "costOfRevenue": "732500000", "costofGoodsAndServicesSold": "732500000", "operatingIncome": "564800000", "sellingGeneralAndAdministrative": "45000000", "researchAndDevelopment": "0", "operatingExpenses": "65000000", "investmentIncomeNet": "None", "netInterestIncome": "None", "interestIncome": "None", "interestExpense": "39800000", "nonInterestIncome": "None", "otherNonOperatingIncome": "3400000", "depreciation": "None", "depreciationAndAmortization": "96800000", "incomeBeforeTax": "525200000", "incomeTaxExpense": "187200000", "interestAndDebtExpense": "None", "netIncomeFromContinuingOperations": "338000000", "comprehensiveIncomeNetOfTax": "None", "ebit": "561000000", "ebitda": "657800000", "netIncome": "325800000"}, {"fiscalDateEnding": "2013-09-30", "reportedCurrency": "USD", "grossProfit": "386100000", "totalRevenue": "1097000000", "costOfRevenue": "710900000", "costofGoodsAndServicesSold": "710900000", "operatingIncome": "385400000", "sellingGeneralAndAdministrative": "32200000", "researchAndDevelopment": "0", "operatingExpenses": "11900000", "investmentIncomeNet": "None", "netInterestIncome": "None", "interestIncome": "None", "interestExpense": "41000000", "nonInterestIncome": "None", "otherNonOperatingIncome": "7200000", "depreciation": "None", "depreciationAndAmortization": "100100000", "incomeBeforeTax": "345700000", "incomeTaxExpense": "109000000", "interestAndDebtExpense": "None", "netIncomeFromContinuingOperations": "236700000", "comprehensiveIncomeNetOfTax": "None", "ebit": "382800000", "ebitda": "482900000", "netIncome": "234100000"}, {"fiscalDateEnding": "2013-06-30", "reportedCurrency": "USD", "grossProfit": "865200000", "totalRevenue": "1714900000", "costOfRevenue": "849700000", "costofGoodsAndServicesSold": "849700000", "operatingIncome": "833700000", "sellingGeneralAndAdministrative": "44500000", "researchAndDevelopment": "0", "operatingExpenses": "41000000", "investmentIncomeNet": "None", "netInterestIncome": "None", "interestIncome": "None", "interestExpense": "32300000", "nonInterestIncome": "None", "otherNonOperatingIncome": "-1700000", "depreciation": "None", "depreciationAndAmortization": "106600000", "incomeBeforeTax": "802700000", "incomeTaxExpense": "282900000", "interestAndDebtExpense": "None", "netIncomeFromContinuingOperations": "519800000", "comprehensiveIncomeNetOfTax": "None", "ebit": "831400000", "ebitda": "938000000", "netIncome": "498200000"}, {"fiscalDateEnding": "2013-03-31", "reportedCurrency": "USD", "grossProfit": "675100000", "totalRevenue": "1336500000", "costOfRevenue": "661400000", "costofGoodsAndServicesSold": "661400000", "operatingIncome": "627800000", "sellingGeneralAndAdministrative": "44300000", "researchAndDevelopment": "0", "operatingExpenses": "58900000", "investmentIncomeNet": "None", "netInterestIncome": "None", "interestIncome": "None", "interestExpense": "39100000", "nonInterestIncome": "None", "otherNonOperatingIncome": "700000", "depreciation": "None", "depreciationAndAmortization": "107100000", "incomeBeforeTax": "536100000", "incomeTaxExpense": "107400000", "interestAndDebtExpense": "None", "netIncomeFromContinuingOperations": "428700000", "comprehensiveIncomeNetOfTax": "None", "ebit": "571700000", "ebitda": "678800000", "netIncome": "406500000"}, {"fiscalDateEnding": "2012-12-31", "reportedCurrency": "USD", "grossProfit": "656200000", "totalRevenue": "1481400000", "costOfRevenue": "825200000", "costofGoodsAndServicesSold": "825200000", "operatingIncome": "655600000", "sellingGeneralAndAdministrative": "40200000", "researchAndDevelopment": "21900000", "operatingExpenses": "20400000", "investmentIncomeNet": "None", "netInterestIncome": "None", "interestIncome": "None", "interestExpense": "30400000", "nonInterestIncome": "None", "otherNonOperatingIncome": "11800000", "depreciation": "None", "depreciationAndAmortization": "101100000", "incomeBeforeTax": "588200000", "incomeTaxExpense": "242200000", "interestAndDebtExpense": "None", "netIncomeFromContinuingOperations": "346000000", "comprehensiveIncomeNetOfTax": "None", "ebit": "586500000", "ebitda": "687600000", "netIncome": "470700000"}, {"fiscalDateEnding": "2012-09-30", "reportedCurrency": "USD", "grossProfit": "702000000", "totalRevenue": "1359400000", "costOfRevenue": "657400000", "costofGoodsAndServicesSold": "657400000", "operatingIncome": "667100000", "sellingGeneralAndAdministrative": "36500000", "researchAndDevelopment": "0", "operatingExpenses": "45100000", "investmentIncomeNet": "None", "netInterestIncome": "None", "interestIncome": "None", "interestExpense": "28700000", "nonInterestIncome": "None", "otherNonOperatingIncome": "25700000", "depreciation": "None", "depreciationAndAmortization": "99700000", "incomeBeforeTax": "640200000", "incomeTaxExpense": "206000000", "interestAndDebtExpense": "None", "netIncomeFromContinuingOperations": "434200000", "comprehensiveIncomeNetOfTax": "None", "ebit": "665600000", "ebitda": "765300000", "netIncome": "403300000"}, {"fiscalDateEnding": "2012-06-30", "reportedCurrency": "USD", "grossProfit": "1043300000", "totalRevenue": "1735600000", "costOfRevenue": "692300000", "costofGoodsAndServicesSold": "692300000", "operatingIncome": "1005000000", "sellingGeneralAndAdministrative": "41300000", "researchAndDevelopment": "0", "operatingExpenses": "52100000", "investmentIncomeNet": "None", "netInterestIncome": "None", "interestIncome": "None", "interestExpense": "45300000", "nonInterestIncome": "None", "otherNonOperatingIncome": "27800000", "depreciation": "None", "depreciationAndAmortization": "115900000", "incomeBeforeTax": "960300000", "incomeTaxExpense": "309200000", "interestAndDebtExpense": "None", "netIncomeFromContinuingOperations": "651100000", "comprehensiveIncomeNetOfTax": "None", "ebit": "985600000", "ebitda": "1101500000", "netIncome": "606300000"}, {"fiscalDateEnding": "2012-03-31", "reportedCurrency": "USD", "grossProfit": "711800000", "totalRevenue": "1527600000", "costOfRevenue": "815800000", "costofGoodsAndServicesSold": "815800000", "operatingIncome": "671200000", "sellingGeneralAndAdministrative": "33800000", "researchAndDevelopment": "0", "operatingExpenses": "56100000", "investmentIncomeNet": "None", "netInterestIncome": "None", "interestIncome": "None", "interestExpense": "30900000", "nonInterestIncome": "None", "otherNonOperatingIncome": "-1800000", "depreciation": "None", "depreciationAndAmortization": "103100000", "incomeBeforeTax": "640800000", "incomeTaxExpense": "206800000", "interestAndDebtExpense": "None", "netIncomeFromContinuingOperations": "434000000", "comprehensiveIncomeNetOfTax": "None", "ebit": "666600000", "ebitda": "769700000", "netIncome": "368400000"}, {"fiscalDateEnding": "2011-12-31", "reportedCurrency": "USD", "grossProfit": "865200000", "totalRevenue": "1718400000", "costOfRevenue": "853200000", "costofGoodsAndServicesSold": "853200000", "operatingIncome": "869800000", "sellingGeneralAndAdministrative": "36800000", "researchAndDevelopment": "0", "operatingExpenses": "-4800000", "investmentIncomeNet": "None", "netInterestIncome": "None", "interestIncome": "None", "interestExpense": "32200000", "nonInterestIncome": "None", "otherNonOperatingIncome": "7100000", "depreciation": "None", "depreciationAndAmortization": "101300000", "incomeBeforeTax": "797100000", "incomeTaxExpense": "-301800000", "interestAndDebtExpense": "None", "netIncomeFromContinuingOperations": "495300000", "comprehensiveIncomeNetOfTax": "None", "ebit": "829300000", "ebitda": "930600000", "netIncome": "438900000"}, {"fiscalDateEnding": "2011-09-30", "reportedCurrency": "USD", "grossProfit": "638000000", "totalRevenue": "1403800000", "costOfRevenue": "765800000", "costofGoodsAndServicesSold": "765800000", "operatingIncome": "567300000", "sellingGeneralAndAdministrative": "30500000", "researchAndDevelopment": "0", "operatingExpenses": "69900000", "investmentIncomeNet": "None", "netInterestIncome": "None", "interestIncome": "None", "interestExpense": "32100000", "nonInterestIncome": "None", "otherNonOperatingIncome": "17100000", "depreciation": "None", "depreciationAndAmortization": "101600000", "incomeBeforeTax": "550600000", "incomeTaxExpense": "184900000", "interestAndDebtExpense": "None", "netIncomeFromContinuingOperations": "365700000", "comprehensiveIncomeNetOfTax": "None", "ebit": "582700000", "ebitda": "684300000", "netIncome": "330900000"}, {"fiscalDateEnding": "2011-06-30", "reportedCurrency": "USD", "grossProfit": "867400000", "totalRevenue": "1801700000", "costOfRevenue": "934300000", "costofGoodsAndServicesSold": "934300000", "operatingIncome": "830500000", "sellingGeneralAndAdministrative": "31700000", "researchAndDevelopment": "0", "operatingExpenses": "33800000", "investmentIncomeNet": "None", "netInterestIncome": "None", "interestIncome": "None", "interestExpense": "30800000", "nonInterestIncome": "None", "otherNonOperatingIncome": "10900000", "depreciation": "None", "depreciationAndAmortization": "94800000", "incomeBeforeTax": "815000000", "incomeTaxExpense": "281000000", "interestAndDebtExpense": "None", "netIncomeFromContinuingOperations": "534000000", "comprehensiveIncomeNetOfTax": "None", "ebit": "845800000", "ebitda": "940600000", "netIncome": "487400000"}, {"fiscalDateEnding": "2011-03-31", "reportedCurrency": "USD", "grossProfit": "525000000", "totalRevenue": "1174000000", "costOfRevenue": "649000000", "costofGoodsAndServicesSold": "649000000", "operatingIncome": "534400000", "sellingGeneralAndAdministrative": "31000000", "researchAndDevelopment": "0", "operatingExpenses": "31000000", "investmentIncomeNet": "None", "netInterestIncome": "None", "interestIncome": "None", "interestExpense": "52100000", "nonInterestIncome": "None", "otherNonOperatingIncome": "9100000", "depreciation": "None", "depreciationAndAmortization": "118500000", "incomeBeforeTax": "482900000", "incomeTaxExpense": "-158800000", "interestAndDebtExpense": "None", "netIncomeFromContinuingOperations": "324100000", "comprehensiveIncomeNetOfTax": "None", "ebit": "535000000", "ebitda": "653500000", "netIncome": "282000000"}, {"fiscalDateEnding": "2010-12-31", "reportedCurrency": "USD", "grossProfit": "483900000", "totalRevenue": "1237600000", "costOfRevenue": "753700000", "costofGoodsAndServicesSold": "753700000", "operatingIncome": "435000000", "sellingGeneralAndAdministrative": "32800000", "researchAndDevelopment": "0", "operatingExpenses": "45200000", "investmentIncomeNet": "None", "netInterestIncome": "None", "interestIncome": "None", "interestExpense": "50700000", "nonInterestIncome": "None", "otherNonOperatingIncome": "11700000", "depreciation": "None", "depreciationAndAmortization": "106300000", "incomeBeforeTax": "385000000", "incomeTaxExpense": "378100000", "interestAndDebtExpense": "None", "netIncomeFromContinuingOperations": "215700000", "comprehensiveIncomeNetOfTax": "None", "ebit": "435700000", "ebitda": "542000000", "netIncome": "200300000"}, {"fiscalDateEnding": "2010-09-30", "reportedCurrency": "USD", "grossProfit": "169800000", "totalRevenue": "917100000", "costOfRevenue": "747300000", "costofGoodsAndServicesSold": "747300000", "operatingIncome": "131100000", "sellingGeneralAndAdministrative": "28800000", "researchAndDevelopment": "0", "operatingExpenses": "30100000", "investmentIncomeNet": "None", "netInterestIncome": "None", "interestIncome": "None", "interestExpense": "58300000", "nonInterestIncome": "None", "otherNonOperatingIncome": "11600000", "depreciation": "None", "depreciationAndAmortization": "110400000", "incomeBeforeTax": "79300000", "incomeTaxExpense": "18900000", "interestAndDebtExpense": "None", "netIncomeFromContinuingOperations": "60400000", "comprehensiveIncomeNetOfTax": "None", "ebit": "137600000", "ebitda": "248000000", "netIncome": "48200000"}, {"fiscalDateEnding": "2010-06-30", "reportedCurrency": "USD", "grossProfit": "396800000", "totalRevenue": "1307900000", "costOfRevenue": "911100000", "costofGoodsAndServicesSold": "911100000", "operatingIncome": "350400000", "sellingGeneralAndAdministrative": "28300000", "researchAndDevelopment": "0", "operatingExpenses": "28300000", "investmentIncomeNet": "None", "netInterestIncome": "None", "interestIncome": "None", "interestExpense": "111900000", "nonInterestIncome": "None", "otherNonOperatingIncome": "-12000000", "depreciation": "None", "depreciationAndAmortization": "149800000", "incomeBeforeTax": "221700000", "incomeTaxExpense": "89900000", "interestAndDebtExpense": "None", "netIncomeFromContinuingOperations": "131800000", "comprehensiveIncomeNetOfTax": "None", "ebit": "333600000", "ebitda": "483400000", "netIncome": "105100000"}, {"fiscalDateEnding": "2010-03-31", "reportedCurrency": "USD", "grossProfit": "129000000", "totalRevenue": "502400000", "costOfRevenue": "373400000", "costofGoodsAndServicesSold": "373400000", "operatingIncome": "-26500000", "sellingGeneralAndAdministrative": "16200000", "researchAndDevelopment": "0", "operatingExpenses": "155500000", "investmentIncomeNet": "None", "netInterestIncome": "None", "interestIncome": "None", "interestExpense": "400000", "nonInterestIncome": "None", "otherNonOperatingIncome": "28700000", "depreciation": "None", "depreciationAndAmortization": "28300000", "incomeBeforeTax": "1700000", "incomeTaxExpense": "4400000", "interestAndDebtExpense": "None", "netIncomeFromContinuingOperations": "6100000", "comprehensiveIncomeNetOfTax": "None", "ebit": "2100000", "ebitda": "30400000", "netIncome": "-4400000"}, {"fiscalDateEnding": "2009-12-31", "reportedCurrency": "USD", "grossProfit": "126100000", "totalRevenue": "506700000", "costOfRevenue": "380600000", "costofGoodsAndServicesSold": "380600000", "operatingIncome": "71100000", "sellingGeneralAndAdministrative": "15900000", "researchAndDevelopment": "0", "operatingExpenses": "55000000", "investmentIncomeNet": "None", "netInterestIncome": "None", "interestIncome": "None", "interestExpense": "400000", "nonInterestIncome": "None", "otherNonOperatingIncome": "None", "depreciation": "None", "depreciationAndAmortization": "27700000", "incomeBeforeTax": "83500000", "incomeTaxExpense": "25900000", "interestAndDebtExpense": "None", "netIncomeFromContinuingOperations": "0", "comprehensiveIncomeNetOfTax": "None", "ebit": "83900000", "ebitda": "111600000", "netIncome": "51400000"}, {"fiscalDateEnding": "2009-09-30", "reportedCurrency": "USD", "grossProfit": "124000000", "totalRevenue": "430100000", "costOfRevenue": "306100000", "costofGoodsAndServicesSold": "306100000", "operatingIncome": "89800000", "sellingGeneralAndAdministrative": "15100000", "researchAndDevelopment": "0", "operatingExpenses": "34200000", "investmentIncomeNet": "None", "netInterestIncome": "None", "interestIncome": "None", "interestExpense": "400000", "nonInterestIncome": "None", "otherNonOperatingIncome": "2700000", "depreciation": "None", "depreciationAndAmortization": "27000000", "incomeBeforeTax": "91500000", "incomeTaxExpense": "32100000", "interestAndDebtExpense": "None", "netIncomeFromContinuingOperations": "59400000", "comprehensiveIncomeNetOfTax": "None", "ebit": "91900000", "ebitda": "118900000", "netIncome": "38500000"}, {"fiscalDateEnding": "2009-06-30", "reportedCurrency": "USD", "grossProfit": "427000000", "totalRevenue": "991000000", "costOfRevenue": "564000000", "costofGoodsAndServicesSold": "564000000", "operatingIncome": "395200000", "sellingGeneralAndAdministrative": "16500000", "researchAndDevelopment": "0", "operatingExpenses": "31800000", "investmentIncomeNet": "None", "netInterestIncome": "None", "interestIncome": "None", "interestExpense": "300000", "nonInterestIncome": "None", "otherNonOperatingIncome": "100000", "depreciation": "None", "depreciationAndAmortization": "24400000", "incomeBeforeTax": "395700000", "incomeTaxExpense": "146800000", "interestAndDebtExpense": "None", "netIncomeFromContinuingOperations": "248900000", "comprehensiveIncomeNetOfTax": "None", "ebit": "396000000", "ebitda": "420400000", "netIncome": "213000000"}, {"fiscalDateEnding": "2009-03-31", "reportedCurrency": "USD", "grossProfit": "162300000", "totalRevenue": "680600000", "costOfRevenue": "518300000", "costofGoodsAndServicesSold": "518300000", "operatingIncome": "123700000", "sellingGeneralAndAdministrative": "15400000", "researchAndDevelopment": "0", "operatingExpenses": "38600000", "investmentIncomeNet": "None", "netInterestIncome": "None", "interestIncome": "None", "interestExpense": "400000", "nonInterestIncome": "None", "otherNonOperatingIncome": "None", "depreciation": "None", "depreciationAndAmortization": "21900000", "incomeBeforeTax": "124900000", "incomeTaxExpense": "41200000", "interestAndDebtExpense": "None", "netIncomeFromContinuingOperations": "0", "comprehensiveIncomeNetOfTax": "None", "ebit": "125300000", "ebitda": "147200000", "netIncome": "62700000"}, {"fiscalDateEnding": "2008-12-31", "reportedCurrency": "USD", "grossProfit": "360700000", "totalRevenue": "1072000000", "costOfRevenue": "711300000", "costofGoodsAndServicesSold": "711300000", "operatingIncome": "343900000", "sellingGeneralAndAdministrative": "19500000", "researchAndDevelopment": "0", "operatingExpenses": "16800000", "investmentIncomeNet": "None", "netInterestIncome": "None", "interestIncome": "None", "interestExpense": "1600000", "nonInterestIncome": "None", "otherNonOperatingIncome": "None", "depreciation": "None", "depreciationAndAmortization": "25100000", "incomeBeforeTax": "297300000", "incomeTaxExpense": "103900000", "interestAndDebtExpense": "None", "netIncomeFromContinuingOperations": "0", "comprehensiveIncomeNetOfTax": "None", "ebit": "343900000", "ebitda": "369000000", "netIncome": "190100000"}, {"fiscalDateEnding": "2008-09-30", "reportedCurrency": "USD", "grossProfit": "120900000", "totalRevenue": "1020800000", "costOfRevenue": "899900000", "costofGoodsAndServicesSold": "899900000", "operatingIncome": "102600000", "sellingGeneralAndAdministrative": "16700000", "researchAndDevelopment": "0", "operatingExpenses": "18300000", "investmentIncomeNet": "None", "netInterestIncome": "None", "interestIncome": "None", "interestExpense": "400000", "nonInterestIncome": "None", "otherNonOperatingIncome": "None", "depreciation": "None", "depreciationAndAmortization": "24300000", "incomeBeforeTax": "76000000", "incomeTaxExpense": "27500000", "interestAndDebtExpense": "None", "netIncomeFromContinuingOperations": "0", "comprehensiveIncomeNetOfTax": "None", "ebit": "102600000", "ebitda": "126900000", "netIncome": "47100000"}, {"fiscalDateEnding": "2008-06-30", "reportedCurrency": "USD", "grossProfit": "469900000", "totalRevenue": "1161000000", "costOfRevenue": "691100000", "costofGoodsAndServicesSold": "691100000", "operatingIncome": "452100000", "sellingGeneralAndAdministrative": "18100000", "researchAndDevelopment": "0", "operatingExpenses": "18100000", "investmentIncomeNet": "None", "netInterestIncome": "None", "interestIncome": "None", "interestExpense": "400000", "nonInterestIncome": "None", "otherNonOperatingIncome": "None", "depreciation": "None", "depreciationAndAmortization": "25600000", "incomeBeforeTax": "441300000", "incomeTaxExpense": "159900000", "interestAndDebtExpense": "None", "netIncomeFromContinuingOperations": "0", "comprehensiveIncomeNetOfTax": "None", "ebit": "460800000", "ebitda": "486400000", "netIncome": "288600000"}, {"fiscalDateEnding": "2008-03-31", "reportedCurrency": "USD", "grossProfit": "271200000", "totalRevenue": "667300000", "costOfRevenue": "396100000", "costofGoodsAndServicesSold": "396100000", "operatingIncome": "251600000", "sellingGeneralAndAdministrative": "19600000", "researchAndDevelopment": "0", "operatingExpenses": "19600000", "investmentIncomeNet": "None", "netInterestIncome": "None", "interestIncome": "None", "interestExpense": "400000", "nonInterestIncome": "None", "otherNonOperatingIncome": "None", "depreciation": "None", "depreciationAndAmortization": "25800000", "incomeBeforeTax": "243900000", "incomeTaxExpense": "86800000", "interestAndDebtExpense": "None", "netIncomeFromContinuingOperations": "0", "comprehensiveIncomeNetOfTax": "None", "ebit": "262800000", "ebitda": "288600000", "netIncome": "158800000"}, {"fiscalDateEnding": "2007-12-31", "reportedCurrency": "USD", "grossProfit": "236000000", "totalRevenue": "852500000", "costOfRevenue": "616500000", "costofGoodsAndServicesSold": "616500000", "operatingIncome": "214200000", "sellingGeneralAndAdministrative": "20600000", "researchAndDevelopment": "0", "operatingExpenses": "21800000", "investmentIncomeNet": "None", "netInterestIncome": "None", "interestIncome": "None", "interestExpense": "1700000", "nonInterestIncome": "None", "otherNonOperatingIncome": "None", "depreciation": "None", "depreciationAndAmortization": "23400000", "incomeBeforeTax": "206800000", "incomeTaxExpense": "72300000", "interestAndDebtExpense": "None", "netIncomeFromContinuingOperations": "0", "comprehensiveIncomeNetOfTax": "None", "ebit": "214200000", "ebitda": "237600000", "netIncome": "135400000"}, {"fiscalDateEnding": "2007-09-30", "reportedCurrency": "USD", "grossProfit": "151300000", "totalRevenue": "582900000", "costOfRevenue": "431600000", "costofGoodsAndServicesSold": "431600000", "operatingIncome": "137900000", "sellingGeneralAndAdministrative": "16600000", "researchAndDevelopment": "0", "operatingExpenses": "13400000", "investmentIncomeNet": "None", "netInterestIncome": "None", "interestIncome": "None", "interestExpense": "500000", "nonInterestIncome": "None", "otherNonOperatingIncome": "None", "depreciation": "None", "depreciationAndAmortization": "20600000", "incomeBeforeTax": "132600000", "incomeTaxExpense": "46100000", "interestAndDebtExpense": "None", "netIncomeFromContinuingOperations": "0", "comprehensiveIncomeNetOfTax": "None", "ebit": "137900000", "ebitda": "158500000", "netIncome": "86500000"}, {"fiscalDateEnding": "2007-06-30", "reportedCurrency": "USD", "grossProfit": "177600000", "totalRevenue": "848900000", "costOfRevenue": "671300000", "costofGoodsAndServicesSold": "671300000", "operatingIncome": "159400000", "sellingGeneralAndAdministrative": "18200000", "researchAndDevelopment": "0", "operatingExpenses": "18200000", "investmentIncomeNet": "None", "netInterestIncome": "None", "interestIncome": "None", "interestExpense": "300000", "nonInterestIncome": "None", "otherNonOperatingIncome": "None", "depreciation": "None", "depreciationAndAmortization": "20400000", "incomeBeforeTax": "144900000", "incomeTaxExpense": "51300000", "interestAndDebtExpense": "None", "netIncomeFromContinuingOperations": "0", "comprehensiveIncomeNetOfTax": "None", "ebit": "159400000", "ebitda": "179800000", "netIncome": "93600000"}, {"fiscalDateEnding": "2007-03-31", "reportedCurrency": "USD", "grossProfit": "105100000", "totalRevenue": "447700000", "costOfRevenue": "367300000", "costofGoodsAndServicesSold": "367300000", "operatingIncome": "90100000", "sellingGeneralAndAdministrative": "15000000", "researchAndDevelopment": "0", "operatingExpenses": "15000000", "investmentIncomeNet": "None", "netInterestIncome": "None", "interestIncome": "None", "interestExpense": "500000", "nonInterestIncome": "None", "otherNonOperatingIncome": "None", "depreciation": "None", "depreciationAndAmortization": "20100000", "incomeBeforeTax": "87000000", "incomeTaxExpense": "29800000", "interestAndDebtExpense": "None", "netIncomeFromContinuingOperations": "0", "comprehensiveIncomeNetOfTax": "None", "ebit": "90100000", "ebitda": "110200000", "netIncome": "57200000"}, {"fiscalDateEnding": "2006-12-31", "reportedCurrency": "USD", "grossProfit": "42900000", "totalRevenue": "506200000", "costOfRevenue": "463300000", "costofGoodsAndServicesSold": "463300000", "operatingIncome": "10900000", "sellingGeneralAndAdministrative": "10600000", "researchAndDevelopment": "0", "operatingExpenses": "32000000", "investmentIncomeNet": "None", "netInterestIncome": "None", "interestIncome": "None", "interestExpense": "2900000", "nonInterestIncome": "None", "otherNonOperatingIncome": "None", "depreciation": "None", "depreciationAndAmortization": "24300000", "incomeBeforeTax": "12500000", "incomeTaxExpense": "4500000", "interestAndDebtExpense": "None", "netIncomeFromContinuingOperations": "0", "comprehensiveIncomeNetOfTax": "None", "ebit": "10900000", "ebitda": "35200000", "netIncome": "8000000"}, {"fiscalDateEnding": "2006-09-30", "reportedCurrency": "USD", "grossProfit": "25800000", "totalRevenue": "378000000", "costOfRevenue": "372800000", "costofGoodsAndServicesSold": "372800000", "operatingIncome": "12300000", "sellingGeneralAndAdministrative": "13500000", "researchAndDevelopment": "0", "operatingExpenses": "13500000", "investmentIncomeNet": "None", "netInterestIncome": "None", "interestIncome": "None", "interestExpense": "500000", "nonInterestIncome": "None", "otherNonOperatingIncome": "None", "depreciation": "None", "depreciationAndAmortization": "22900000", "incomeBeforeTax": "11000000", "incomeTaxExpense": "3700000", "interestAndDebtExpense": "None", "netIncomeFromContinuingOperations": "0", "comprehensiveIncomeNetOfTax": "None", "ebit": "12300000", "ebitda": "35200000", "netIncome": "7300000"}, {"fiscalDateEnding": "2006-06-30", "reportedCurrency": "USD", "grossProfit": "101200000", "totalRevenue": "664800000", "costOfRevenue": "587500000", "costofGoodsAndServicesSold": "587500000", "operatingIncome": "85300000", "sellingGeneralAndAdministrative": "15900000", "researchAndDevelopment": "0", "operatingExpenses": "15900000", "investmentIncomeNet": "None", "netInterestIncome": "None", "interestIncome": "None", "interestExpense": "1500000", "nonInterestIncome": "None", "otherNonOperatingIncome": "None", "depreciation": "None", "depreciationAndAmortization": "24900000", "incomeBeforeTax": "70300000", "incomeTaxExpense": "27700000", "interestAndDebtExpense": "None", "netIncomeFromContinuingOperations": "0", "comprehensiveIncomeNetOfTax": "None", "ebit": "85300000", "ebitda": "110200000", "netIncome": "42600000"}, {"fiscalDateEnding": "2006-03-31", "reportedCurrency": "USD", "grossProfit": "-22700000", "totalRevenue": "400500000", "costOfRevenue": "423200000", "costofGoodsAndServicesSold": "423200000", "operatingIncome": "-37200000", "sellingGeneralAndAdministrative": "14500000", "researchAndDevelopment": "0", "operatingExpenses": "14500000", "investmentIncomeNet": "None", "netInterestIncome": "None", "interestIncome": "None", "interestExpense": "500000", "nonInterestIncome": "None", "otherNonOperatingIncome": "None", "depreciation": "None", "depreciationAndAmortization": "22500000", "incomeBeforeTax": "-40800000", "incomeTaxExpense": "-16200000", "interestAndDebtExpense": "None", "netIncomeFromContinuingOperations": "0", "comprehensiveIncomeNetOfTax": "None", "ebit": "-37200000", "ebitda": "-14700000", "netIncome": "-24600000"}, {"fiscalDateEnding": "2005-12-31", "reportedCurrency": "USD", "grossProfit": "2260000", "totalRevenue": "462985000", "costOfRevenue": "460725000", "costofGoodsAndServicesSold": "460725000", "operatingIncome": "-22029000", "sellingGeneralAndAdministrative": "22089000", "researchAndDevelopment": "0", "operatingExpenses": "24289000", "investmentIncomeNet": "None", "netInterestIncome": "None", "interestIncome": "None", "interestExpense": "14000000", "nonInterestIncome": "None", "otherNonOperatingIncome": "None", "depreciation": "None", "depreciationAndAmortization": "21069000", "incomeBeforeTax": "-18675000", "incomeTaxExpense": "-8729000", "interestAndDebtExpense": "None", "netIncomeFromContinuingOperations": "0", "comprehensiveIncomeNetOfTax": "None", "ebit": "-22029000", "ebitda": "-960000", "netIncome": "-12762000"}, {"fiscalDateEnding": "2005-09-30", "reportedCurrency": "USD", "grossProfit": "56000000", "totalRevenue": "359430000", "costOfRevenue": "303400000", "costofGoodsAndServicesSold": "303400000", "operatingIncome": "37000000", "sellingGeneralAndAdministrative": "20850000", "researchAndDevelopment": "0", "operatingExpenses": "19000000", "investmentIncomeNet": "None", "netInterestIncome": "None", "interestIncome": "None", "interestExpense": "2982000", "nonInterestIncome": "None", "otherNonOperatingIncome": "None", "depreciation": "None", "depreciationAndAmortization": "23200000", "incomeBeforeTax": "3303000", "incomeTaxExpense": "94672000", "interestAndDebtExpense": "None", "netIncomeFromContinuingOperations": "0", "comprehensiveIncomeNetOfTax": "None", "ebit": "37000000", "ebitda": "60200000", "netIncome": "-91400000"}]}