{"symbol": "AAPG", "annualReports": [{"fiscalDateEnding": "2024-12-31", "reportedCurrency": "CNY", "grossProfit": "951565000", "totalRevenue": "980650000", "costOfRevenue": "29085000", "costofGoodsAndServicesSold": "29085000", "operatingIncome": "-369730000", "sellingGeneralAndAdministrative": "187125000", "researchAndDevelopment": "947245000", "operatingExpenses": "1321295000", "investmentIncomeNet": "None", "netInterestIncome": "-26615000", "interestIncome": "37840000", "interestExpense": "64455000", "nonInterestIncome": "None", "otherNonOperatingIncome": "None", "depreciation": "None", "depreciationAndAmortization": "93169000", "incomeBeforeTax": "-395255000", "incomeTaxExpense": "10425000", "interestAndDebtExpense": "None", "netIncomeFromContinuingOperations": "-405680000", "comprehensiveIncomeNetOfTax": "None", "ebit": "-330800000", "ebitda": "-237631000", "netIncome": "-405433000"}, {"fiscalDateEnding": "2023-12-31", "reportedCurrency": "USD", "grossProfit": "191441000", "totalRevenue": "221984000", "costOfRevenue": "30543000", "costofGoodsAndServicesSold": "30543000", "operatingIncome": "-872636000", "sellingGeneralAndAdministrative": "181076000", "researchAndDevelopment": "706972000", "operatingExpenses": "1064077000", "investmentIncomeNet": "None", "netInterestIncome": "-63648000", "interestIncome": "32409000", "interestExpense": "96057000", "nonInterestIncome": "None", "otherNonOperatingIncome": "None", "depreciation": "None", "depreciationAndAmortization": "93195000", "incomeBeforeTax": "-932862000", "incomeTaxExpense": "-7150000", "interestAndDebtExpense": "None", "netIncomeFromContinuingOperations": "-925712000", "comprehensiveIncomeNetOfTax": "None", "ebit": "-836805000", "ebitda": "-743610000", "netIncome": "-925637000"}, {"fiscalDateEnding": "2022-12-31", "reportedCurrency": "USD", "grossProfit": "187713000", "totalRevenue": "209711000", "costOfRevenue": "21998000", "costofGoodsAndServicesSold": "21998000", "operatingIncome": "-849810000", "sellingGeneralAndAdministrative": "170595000", "researchAndDevelopment": "743104000", "operatingExpenses": "1037523000", "investmentIncomeNet": "None", "netInterestIncome": "-43058000", "interestIncome": "9727000", "interestExpense": "52785000", "nonInterestIncome": "None", "otherNonOperatingIncome": "None", "depreciation": "None", "depreciationAndAmortization": "47421000", "incomeBeforeTax": "-887172000", "incomeTaxExpense": "-4248000", "interestAndDebtExpense": "None", "netIncomeFromContinuingOperations": "-882924000", "comprehensiveIncomeNetOfTax": "None", "ebit": "-834387000", "ebitda": "-786966000", "netIncome": "-882924000"}, {"fiscalDateEnding": "2021-12-31", "reportedCurrency": "USD", "grossProfit": "24582000", "totalRevenue": "27910000", "costOfRevenue": "3328000", "costofGoodsAndServicesSold": "3328000", "operatingIncome": "-869835000", "sellingGeneralAndAdministrative": "143513000", "researchAndDevelopment": "766491000", "operatingExpenses": "894417000", "investmentIncomeNet": "None", "netInterestIncome": "-9625000", "interestIncome": "7106000", "interestExpense": "16731000", "nonInterestIncome": "None", "otherNonOperatingIncome": "None", "depreciation": "None", "depreciationAndAmortization": "17183000", "incomeBeforeTax": "-832249000", "incomeTaxExpense": "-49825000", "interestAndDebtExpense": "None", "netIncomeFromContinuingOperations": "-782424000", "comprehensiveIncomeNetOfTax": "None", "ebit": "-815518000", "ebitda": "-798335000", "netIncome": "-782424000"}, {"fiscalDateEnding": "2020-12-31", "reportedCurrency": "USD", "grossProfit": "10484000", "totalRevenue": "12450000", "costOfRevenue": "1966000", "costofGoodsAndServicesSold": "1966000", "operatingIncome": "-663941000", "sellingGeneralAndAdministrative": "62686000", "researchAndDevelopment": "564571000", "operatingExpenses": "674425000", "investmentIncomeNet": "None", "netInterestIncome": "-1037000", "interestIncome": "5218000", "interestExpense": "6255000", "nonInterestIncome": "None", "otherNonOperatingIncome": "None", "depreciation": "None", "depreciationAndAmortization": "16965000", "incomeBeforeTax": "-675448000", "incomeTaxExpense": "2158000", "interestAndDebtExpense": "None", "netIncomeFromContinuingOperations": "-677606000", "comprehensiveIncomeNetOfTax": "None", "ebit": "-669193000", "ebitda": "-652228000", "netIncome": "-677606000"}, {"fiscalDateEnding": "2019-12-31", "reportedCurrency": "None", "grossProfit": "12417000", "totalRevenue": "14513000", "costOfRevenue": "2096000", "costofGoodsAndServicesSold": "2096000", "operatingIncome": "-582685000", "sellingGeneralAndAdministrative": "98853000", "researchAndDevelopment": "463883000", "operatingExpenses": "595102000", "investmentIncomeNet": "None", "netInterestIncome": "None", "interestIncome": "None", "interestExpense": "4274000", "nonInterestIncome": "None", "otherNonOperatingIncome": "None", "depreciation": "None", "depreciationAndAmortization": "3825406", "incomeBeforeTax": "-1482316000", "incomeTaxExpense": "-1602000", "interestAndDebtExpense": "None", "netIncomeFromContinuingOperations": "None", "comprehensiveIncomeNetOfTax": "None", "ebit": "-1478042000", "ebitda": "-1474216594", "netIncome": "-1480714000"}, {"fiscalDateEnding": "2018-12-31", "reportedCurrency": "None", "grossProfit": "6807000", "totalRevenue": "6807000", "costOfRevenue": "None", "costofGoodsAndServicesSold": "None", "operatingIncome": "-50245491", "sellingGeneralAndAdministrative": "89221000", "researchAndDevelopment": "249565000", "operatingExpenses": "330651000", "investmentIncomeNet": "None", "netInterestIncome": "None", "interestIncome": "None", "interestExpense": "36919000", "nonInterestIncome": "None", "otherNonOperatingIncome": "None", "depreciation": "None", "depreciationAndAmortization": "18462000", "incomeBeforeTax": "-346909000", "incomeTaxExpense": "-1602000", "interestAndDebtExpense": "None", "netIncomeFromContinuingOperations": "None", "comprehensiveIncomeNetOfTax": "None", "ebit": "-309990000", "ebitda": "-291528000", "netIncome": "-345307000"}, {"fiscalDateEnding": "2017-12-31", "reportedCurrency": "None", "grossProfit": "6328000", "totalRevenue": "6328000", "costOfRevenue": "None", "costofGoodsAndServicesSold": "None", "operatingIncome": "-130668000", "sellingGeneralAndAdministrative": "13405000", "researchAndDevelopment": "118815000", "operatingExpenses": "136996000", "investmentIncomeNet": "None", "netInterestIncome": "None", "interestIncome": "None", "interestExpense": "57938000", "nonInterestIncome": "None", "otherNonOperatingIncome": "None", "depreciation": "None", "depreciationAndAmortization": "12501000", "incomeBeforeTax": "-120116000", "incomeTaxExpense": "-1602000", "interestAndDebtExpense": "None", "netIncomeFromContinuingOperations": "None", "comprehensiveIncomeNetOfTax": "None", "ebit": "-62178000", "ebitda": "-49677000", "netIncome": "-118514000"}, {"fiscalDateEnding": "2016-12-31", "reportedCurrency": "None", "grossProfit": "7406000", "totalRevenue": "7667000", "costOfRevenue": "261000", "costofGoodsAndServicesSold": "261000", "operatingIncome": "-114622000", "sellingGeneralAndAdministrative": "17707000", "researchAndDevelopment": "102692000", "operatingExpenses": "122028000", "investmentIncomeNet": "None", "netInterestIncome": "None", "interestIncome": "None", "interestExpense": "3259000", "nonInterestIncome": "None", "otherNonOperatingIncome": "None", "depreciation": "None", "depreciationAndAmortization": "164369", "incomeBeforeTax": "-107839000", "incomeTaxExpense": "None", "interestAndDebtExpense": "None", "netIncomeFromContinuingOperations": "None", "comprehensiveIncomeNetOfTax": "None", "ebit": "-103197369", "ebitda": "-103033000", "netIncome": "-107839000"}], "quarterlyReports": [{"fiscalDateEnding": "2025-06-30", "reportedCurrency": "None", "grossProfit": "212049000", "totalRevenue": "233699000", "costOfRevenue": "21650000", "costofGoodsAndServicesSold": "21650000", "operatingIncome": "-553984000", "sellingGeneralAndAdministrative": "99685000", "researchAndDevelopment": "528561000", "operatingExpenses": "766033000", "investmentIncomeNet": "None", "netInterestIncome": "None", "interestIncome": "None", "interestExpense": "None", "nonInterestIncome": "None", "otherNonOperatingIncome": "None", "depreciation": "None", "depreciationAndAmortization": "39967501", "incomeBeforeTax": "-585312000", "incomeTaxExpense": "5512000", "interestAndDebtExpense": "None", "netIncomeFromContinuingOperations": "None", "comprehensiveIncomeNetOfTax": "None", "ebit": "-553984000", "ebitda": "-514016499", "netIncome": "-590768000"}, {"fiscalDateEnding": "2025-03-31", "reportedCurrency": "None", "grossProfit": "142878000", "totalRevenue": "156904000", "costOfRevenue": "14026000", "costofGoodsAndServicesSold": "14026000", "operatingIncome": "-566786000", "sellingGeneralAndAdministrative": "99900000", "researchAndDevelopment": "503166000", "operatingExpenses": "709664000", "investmentIncomeNet": "None", "netInterestIncome": "None", "interestIncome": "None", "interestExpense": "None", "nonInterestIncome": "None", "otherNonOperatingIncome": "None", "depreciation": "None", "depreciationAndAmortization": "38332000", "incomeBeforeTax": "-558150000", "incomeTaxExpense": "10356000", "interestAndDebtExpense": "None", "netIncomeFromContinuingOperations": "None", "comprehensiveIncomeNetOfTax": "None", "ebit": "-566786000", "ebitda": "-528454000", "netIncome": "-568434000"}, {"fiscalDateEnding": "2024-12-31", "reportedCurrency": "None", "grossProfit": "142878000", "totalRevenue": "156904000", "costOfRevenue": "14026000", "costofGoodsAndServicesSold": "14026000", "operatingIncome": "-566786000", "sellingGeneralAndAdministrative": "99900000", "researchAndDevelopment": "503166000", "operatingExpenses": "709664000", "investmentIncomeNet": "None", "netInterestIncome": "None", "interestIncome": "None", "interestExpense": "None", "nonInterestIncome": "None", "otherNonOperatingIncome": "None", "depreciation": "None", "depreciationAndAmortization": "38332000", "incomeBeforeTax": "-558150000", "incomeTaxExpense": "10356000", "interestAndDebtExpense": "None", "netIncomeFromContinuingOperations": "None", "comprehensiveIncomeNetOfTax": "None", "ebit": "-566786000", "ebitda": "-528454000", "netIncome": "-568434000"}, {"fiscalDateEnding": "2024-09-30", "reportedCurrency": "None", "grossProfit": "71439000", "totalRevenue": "78452000", "costOfRevenue": "7013000", "costofGoodsAndServicesSold": "7013000", "operatingIncome": "-283393000", "sellingGeneralAndAdministrative": "49950000", "researchAndDevelopment": "251583000", "operatingExpenses": "354832000", "investmentIncomeNet": "None", "netInterestIncome": "None", "interestIncome": "None", "interestExpense": "None", "nonInterestIncome": "None", "otherNonOperatingIncome": "None", "depreciation": "None", "depreciationAndAmortization": "19166000", "incomeBeforeTax": "-279075000", "incomeTaxExpense": "5178000", "interestAndDebtExpense": "None", "netIncomeFromContinuingOperations": "None", "comprehensiveIncomeNetOfTax": "None", "ebit": "-283393000", "ebitda": "-264227000", "netIncome": "-284217000"}, {"fiscalDateEnding": "2024-06-30", "reportedCurrency": "None", "grossProfit": "808688000", "totalRevenue": "823746000", "costOfRevenue": "15060000", "costofGoodsAndServicesSold": "15060000", "operatingIncome": "187984000", "sellingGeneralAndAdministrative": "86988000", "researchAndDevelopment": "444080000", "operatingExpenses": "620704000", "investmentIncomeNet": "None", "netInterestIncome": "None", "interestIncome": "None", "interestExpense": "28044000", "nonInterestIncome": "None", "otherNonOperatingIncome": "None", "depreciation": "None", "depreciationAndAmortization": "41604000", "incomeBeforeTax": "162895000", "incomeTaxExpense": "69000", "interestAndDebtExpense": "None", "netIncomeFromContinuingOperations": "None", "comprehensiveIncomeNetOfTax": "None", "ebit": "187982000", "ebitda": "229586000", "netIncome": "163002000"}, {"fiscalDateEnding": "2024-03-31", "reportedCurrency": "None", "grossProfit": "404344000", "totalRevenue": "411873000", "costOfRevenue": "7530000", "costofGoodsAndServicesSold": "7530000", "operatingIncome": "93992000", "sellingGeneralAndAdministrative": "43494000", "researchAndDevelopment": "222040000", "operatingExpenses": "310352000", "investmentIncomeNet": "None", "netInterestIncome": "None", "interestIncome": "None", "interestExpense": "None", "nonInterestIncome": "None", "otherNonOperatingIncome": "None", "depreciation": "None", "depreciationAndAmortization": "20802000", "incomeBeforeTax": "81448000", "incomeTaxExpense": "34500", "interestAndDebtExpense": "None", "netIncomeFromContinuingOperations": "None", "comprehensiveIncomeNetOfTax": "None", "ebit": "93991000", "ebitda": "114793000", "netIncome": "81501000"}, {"fiscalDateEnding": "2023-12-31", "reportedCurrency": "None", "grossProfit": "66894000", "totalRevenue": "79284000", "costOfRevenue": "12390000", "costofGoodsAndServicesSold": "12390000", "operatingIncome": "-532068000", "sellingGeneralAndAdministrative": "89556000", "researchAndDevelopment": "397158000", "operatingExpenses": "598962000", "investmentIncomeNet": "None", "netInterestIncome": "None", "interestIncome": "None", "interestExpense": "20280000", "nonInterestIncome": "None", "otherNonOperatingIncome": "None", "depreciation": "None", "depreciationAndAmortization": "39396000", "incomeBeforeTax": "-533258000", "incomeTaxExpense": "-9896000", "interestAndDebtExpense": "None", "netIncomeFromContinuingOperations": "None", "comprehensiveIncomeNetOfTax": "None", "ebit": "-532068000", "ebitda": "-492672000", "netIncome": "-523286000"}, {"fiscalDateEnding": "2023-09-30", "reportedCurrency": "None", "grossProfit": "33447000", "totalRevenue": "39642000", "costOfRevenue": "6195000", "costofGoodsAndServicesSold": "6195000", "operatingIncome": "-266034000", "sellingGeneralAndAdministrative": "44778000", "researchAndDevelopment": "198579000", "operatingExpenses": "299481000", "investmentIncomeNet": "None", "netInterestIncome": "None", "interestIncome": "None", "interestExpense": "None", "nonInterestIncome": "None", "otherNonOperatingIncome": "None", "depreciation": "None", "depreciationAndAmortization": "19698000", "incomeBeforeTax": "-266629000", "incomeTaxExpense": "-4948000", "interestAndDebtExpense": "None", "netIncomeFromContinuingOperations": "None", "comprehensiveIncomeNetOfTax": "None", "ebit": "-266034000", "ebitda": "-246336000", "netIncome": "-261643000"}, {"fiscalDateEnding": "2023-06-30", "reportedCurrency": "None", "grossProfit": "124547000", "totalRevenue": "142700000", "costOfRevenue": "18153000", "costofGoodsAndServicesSold": "18153000", "operatingIncome": "-340568000", "sellingGeneralAndAdministrative": "91520000", "researchAndDevelopment": "309814000", "operatingExpenses": "465115000", "investmentIncomeNet": "None", "netInterestIncome": "None", "interestIncome": "None", "interestExpense": "96057000", "nonInterestIncome": "None", "otherNonOperatingIncome": "None", "depreciation": "None", "depreciationAndAmortization": "53799000", "incomeBeforeTax": "-399604000", "incomeTaxExpense": "2746000", "interestAndDebtExpense": "None", "netIncomeFromContinuingOperations": "None", "comprehensiveIncomeNetOfTax": "None", "ebit": "-304737000", "ebitda": "-250938000", "netIncome": "-402351000"}, {"fiscalDateEnding": "2022-12-31", "reportedCurrency": "None", "grossProfit": "93856500", "totalRevenue": "104855500", "costOfRevenue": "10999000", "costofGoodsAndServicesSold": "10999000", "operatingIncome": "-424905000", "sellingGeneralAndAdministrative": "85297500", "researchAndDevelopment": "371552000", "operatingExpenses": "518761500", "investmentIncomeNet": "None", "netInterestIncome": "None", "interestIncome": "None", "interestExpense": "26392500", "nonInterestIncome": "None", "otherNonOperatingIncome": "None", "depreciation": "None", "depreciationAndAmortization": "4564420", "incomeBeforeTax": "-443586000", "incomeTaxExpense": "-2124000", "interestAndDebtExpense": "None", "netIncomeFromContinuingOperations": "None", "comprehensiveIncomeNetOfTax": "None", "ebit": "-417193500", "ebitda": "-412629080", "netIncome": "-441462000"}, {"fiscalDateEnding": "2022-06-30", "reportedCurrency": "None", "grossProfit": "93856500", "totalRevenue": "104855500", "costOfRevenue": "10999000", "costofGoodsAndServicesSold": "10999000", "operatingIncome": "-424905000", "sellingGeneralAndAdministrative": "85297500", "researchAndDevelopment": "371552000", "operatingExpenses": "518761500", "investmentIncomeNet": "None", "netInterestIncome": "None", "interestIncome": "None", "interestExpense": "26392500", "nonInterestIncome": "None", "otherNonOperatingIncome": "None", "depreciation": "None", "depreciationAndAmortization": "4564420", "incomeBeforeTax": "-443586000", "incomeTaxExpense": "-2124000", "interestAndDebtExpense": "None", "netIncomeFromContinuingOperations": "None", "comprehensiveIncomeNetOfTax": "None", "ebit": "-417193500", "ebitda": "-412629080", "netIncome": "-441462000"}, {"fiscalDateEnding": "2021-12-31", "reportedCurrency": "None", "grossProfit": "12291000", "totalRevenue": "2163781", "costOfRevenue": "1664000", "costofGoodsAndServicesSold": "1664000", "operatingIncome": "-434917500", "sellingGeneralAndAdministrative": "71756500", "researchAndDevelopment": "383245500", "operatingExpenses": "447208500", "investmentIncomeNet": "None", "netInterestIncome": "None", "interestIncome": "None", "interestExpense": "8365500", "nonInterestIncome": "None", "otherNonOperatingIncome": "None", "depreciation": "None", "depreciationAndAmortization": "2196032", "incomeBeforeTax": "-416124500", "incomeTaxExpense": "-24912500", "interestAndDebtExpense": "None", "netIncomeFromContinuingOperations": "None", "comprehensiveIncomeNetOfTax": "None", "ebit": "-407759000", "ebitda": "-405562968", "netIncome": "-391212000"}, {"fiscalDateEnding": "2021-06-30", "reportedCurrency": "None", "grossProfit": "12291000", "totalRevenue": "2163781", "costOfRevenue": "1664000", "costofGoodsAndServicesSold": "1664000", "operatingIncome": "-434917500", "sellingGeneralAndAdministrative": "71756500", "researchAndDevelopment": "383245500", "operatingExpenses": "447208500", "investmentIncomeNet": "None", "netInterestIncome": "None", "interestIncome": "None", "interestExpense": "8365500", "nonInterestIncome": "None", "otherNonOperatingIncome": "None", "depreciation": "None", "depreciationAndAmortization": "2196032", "incomeBeforeTax": "-416124500", "incomeTaxExpense": "-24912500", "interestAndDebtExpense": "None", "netIncomeFromContinuingOperations": "None", "comprehensiveIncomeNetOfTax": "None", "ebit": "-407759000", "ebitda": "-405562968", "netIncome": "-391212000"}, {"fiscalDateEnding": "2020-12-31", "reportedCurrency": "None", "grossProfit": "5242000", "totalRevenue": "6225000", "costOfRevenue": "983000", "costofGoodsAndServicesSold": "983000", "operatingIncome": "-331970500", "sellingGeneralAndAdministrative": "31343000", "researchAndDevelopment": "282285500", "operatingExpenses": "337212500", "investmentIncomeNet": "None", "netInterestIncome": "None", "interestIncome": "None", "interestExpense": "3127500", "nonInterestIncome": "None", "otherNonOperatingIncome": "None", "depreciation": "None", "depreciationAndAmortization": "1986458", "incomeBeforeTax": "-337724000", "incomeTaxExpense": "1079000", "interestAndDebtExpense": "None", "netIncomeFromContinuingOperations": "None", "comprehensiveIncomeNetOfTax": "None", "ebit": "-334596500", "ebitda": "-332610042", "netIncome": "-338803000"}, {"fiscalDateEnding": "2020-06-30", "reportedCurrency": "None", "grossProfit": "5242000", "totalRevenue": "6225000", "costOfRevenue": "983000", "costofGoodsAndServicesSold": "983000", "operatingIncome": "-331970500", "sellingGeneralAndAdministrative": "31343000", "researchAndDevelopment": "282285500", "operatingExpenses": "337212500", "investmentIncomeNet": "None", "netInterestIncome": "None", "interestIncome": "None", "interestExpense": "3127500", "nonInterestIncome": "None", "otherNonOperatingIncome": "None", "depreciation": "None", "depreciationAndAmortization": "1986458", "incomeBeforeTax": "-337724000", "incomeTaxExpense": "1079000", "interestAndDebtExpense": "None", "netIncomeFromContinuingOperations": "None", "comprehensiveIncomeNetOfTax": "None", "ebit": "-334596500", "ebitda": "-332610042", "netIncome": "-338803000"}, {"fiscalDateEnding": "2019-12-31", "reportedCurrency": "None", "grossProfit": "6208500", "totalRevenue": "7256500", "costOfRevenue": "1048000", "costofGoodsAndServicesSold": "1048000", "operatingIncome": "-291342500", "sellingGeneralAndAdministrative": "49426500", "researchAndDevelopment": "231941500", "operatingExpenses": "297551000", "investmentIncomeNet": "None", "netInterestIncome": "None", "interestIncome": "None", "interestExpense": "2137000", "nonInterestIncome": "None", "otherNonOperatingIncome": "None", "depreciation": "None", "depreciationAndAmortization": "1912703", "incomeBeforeTax": "-741158000", "incomeTaxExpense": "-801000", "interestAndDebtExpense": "None", "netIncomeFromContinuingOperations": "None", "comprehensiveIncomeNetOfTax": "None", "ebit": "-739021000", "ebitda": "-737108297", "netIncome": "-740357000"}, {"fiscalDateEnding": "2019-06-30", "reportedCurrency": "None", "grossProfit": "6208500", "totalRevenue": "7256500", "costOfRevenue": "1048000", "costofGoodsAndServicesSold": "1048000", "operatingIncome": "-291342500", "sellingGeneralAndAdministrative": "49426500", "researchAndDevelopment": "231941500", "operatingExpenses": "297551000", "investmentIncomeNet": "None", "netInterestIncome": "None", "interestIncome": "None", "interestExpense": "2137000", "nonInterestIncome": "None", "otherNonOperatingIncome": "None", "depreciation": "None", "depreciationAndAmortization": "1912703", "incomeBeforeTax": "-741158000", "incomeTaxExpense": "-801000", "interestAndDebtExpense": "None", "netIncomeFromContinuingOperations": "None", "comprehensiveIncomeNetOfTax": "None", "ebit": "-739021000", "ebitda": "-737108297", "netIncome": "-740357000"}, {"fiscalDateEnding": "2018-12-31", "reportedCurrency": "None", "grossProfit": "7170267", "totalRevenue": "6665782", "costOfRevenue": "-504485", "costofGoodsAndServicesSold": "-504485", "operatingIncome": "-43042735", "sellingGeneralAndAdministrative": "89221000", "researchAndDevelopment": "244302814", "operatingExpenses": "323811511", "investmentIncomeNet": "None", "netInterestIncome": "None", "interestIncome": "None", "interestExpense": "34530872", "nonInterestIncome": "None", "otherNonOperatingIncome": "None", "depreciation": "None", "depreciationAndAmortization": "17957515", "incomeBeforeTax": "-344835861", "incomeTaxExpense": "-1538940", "interestAndDebtExpense": "None", "netIncomeFromContinuingOperations": "None", "comprehensiveIncomeNetOfTax": "None", "ebit": "-310304984", "ebitda": "-292347469", "netIncome": "-343296921"}, {"fiscalDateEnding": "2018-06-30", "reportedCurrency": "None", "grossProfit": "-363267", "totalRevenue": "141218", "costOfRevenue": "504485", "costofGoodsAndServicesSold": "504485", "operatingIncome": "-7202756", "sellingGeneralAndAdministrative": "None", "researchAndDevelopment": "5262186", "operatingExpenses": "6839489", "investmentIncomeNet": "None", "netInterestIncome": "None", "interestIncome": "None", "interestExpense": "2388128", "nonInterestIncome": "None", "otherNonOperatingIncome": "None", "depreciation": "None", "depreciationAndAmortization": "504485", "incomeBeforeTax": "-2073139", "incomeTaxExpense": "-63060", "interestAndDebtExpense": "None", "netIncomeFromContinuingOperations": "None", "comprehensiveIncomeNetOfTax": "None", "ebit": "314984", "ebitda": "819469", "netIncome": "-2010079"}, {"fiscalDateEnding": "2018-03-31", "reportedCurrency": "None", "grossProfit": "-363267", "totalRevenue": "141218", "costOfRevenue": "504485", "costofGoodsAndServicesSold": "504485", "operatingIncome": "-7202756", "sellingGeneralAndAdministrative": "None", "researchAndDevelopment": "5262186", "operatingExpenses": "6839489", "investmentIncomeNet": "None", "netInterestIncome": "None", "interestIncome": "None", "interestExpense": "2388128", "nonInterestIncome": "None", "otherNonOperatingIncome": "None", "depreciation": "None", "depreciationAndAmortization": "504485", "incomeBeforeTax": "-2073139", "incomeTaxExpense": "-63060", "interestAndDebtExpense": "None", "netIncomeFromContinuingOperations": "None", "comprehensiveIncomeNetOfTax": "None", "ebit": "314984", "ebitda": "819469", "netIncome": "-2010079"}, {"fiscalDateEnding": "2017-12-31", "reportedCurrency": "None", "grossProfit": "6329596.89", "totalRevenue": "6052755", "costOfRevenue": "-276842", "costofGoodsAndServicesSold": "-276842", "operatingIncome": "-128196163", "sellingGeneralAndAdministrative": "13405000", "researchAndDevelopment": "117132026", "operatingExpenses": "134525760", "investmentIncomeNet": "None", "netInterestIncome": "None", "interestIncome": "None", "interestExpense": "55960037", "nonInterestIncome": "None", "otherNonOperatingIncome": "None", "depreciation": "None", "depreciationAndAmortization": "12224158", "incomeBeforeTax": "-116517777", "incomeTaxExpense": "-1543787", "interestAndDebtExpense": "None", "netIncomeFromContinuingOperations": "None", "comprehensiveIncomeNetOfTax": "None", "ebit": "-60557744", "ebitda": "-48333586", "netIncome": "-114973990"}, {"fiscalDateEnding": "2017-06-30", "reportedCurrency": "None", "grossProfit": "-1596.89", "totalRevenue": "275245", "costOfRevenue": "276842", "costofGoodsAndServicesSold": "276842", "operatingIncome": "-2471837", "sellingGeneralAndAdministrative": "None", "researchAndDevelopment": "1682974", "operatingExpenses": "2470240", "investmentIncomeNet": "None", "netInterestIncome": "None", "interestIncome": "None", "interestExpense": "1977963", "nonInterestIncome": "None", "otherNonOperatingIncome": "None", "depreciation": "None", "depreciationAndAmortization": "276842", "incomeBeforeTax": "-3598223", "incomeTaxExpense": "-58213", "interestAndDebtExpense": "None", "netIncomeFromContinuingOperations": "None", "comprehensiveIncomeNetOfTax": "None", "ebit": "-1620256", "ebitda": "-1343414", "netIncome": "-3540010"}, {"fiscalDateEnding": "2017-03-31", "reportedCurrency": "None", "grossProfit": "-1596.89", "totalRevenue": "275245", "costOfRevenue": "276842", "costofGoodsAndServicesSold": "276842", "operatingIncome": "-2471837", "sellingGeneralAndAdministrative": "None", "researchAndDevelopment": "1682974", "operatingExpenses": "2470240", "investmentIncomeNet": "None", "netInterestIncome": "None", "interestIncome": "None", "interestExpense": "1977963", "nonInterestIncome": "None", "otherNonOperatingIncome": "None", "depreciation": "None", "depreciationAndAmortization": "276842", "incomeBeforeTax": "-3598223", "incomeTaxExpense": "-58213", "interestAndDebtExpense": "None", "netIncomeFromContinuingOperations": "None", "comprehensiveIncomeNetOfTax": "None", "ebit": "-1620256", "ebitda": "-1343414", "netIncome": "-3540010"}, {"fiscalDateEnding": "2016-12-31", "reportedCurrency": "None", "grossProfit": "3703000", "totalRevenue": "3833500", "costOfRevenue": "130500", "costofGoodsAndServicesSold": "130500", "operatingIncome": "-57311000", "sellingGeneralAndAdministrative": "8853500", "researchAndDevelopment": "51346000", "operatingExpenses": "61014000", "investmentIncomeNet": "None", "netInterestIncome": "None", "interestIncome": "None", "interestExpense": "1629500", "nonInterestIncome": "None", "otherNonOperatingIncome": "None", "depreciation": "None", "depreciationAndAmortization": "82184.50", "incomeBeforeTax": "-53919500", "incomeTaxExpense": "None", "interestAndDebtExpense": "None", "netIncomeFromContinuingOperations": "None", "comprehensiveIncomeNetOfTax": "None", "ebit": "-51598684.50", "ebitda": "-51516500", "netIncome": "-53919500"}, {"fiscalDateEnding": "2016-06-30", "reportedCurrency": "None", "grossProfit": "3703000", "totalRevenue": "3833500", "costOfRevenue": "130500", "costofGoodsAndServicesSold": "130500", "operatingIncome": "-57311000", "sellingGeneralAndAdministrative": "8853500", "researchAndDevelopment": "51346000", "operatingExpenses": "61014000", "investmentIncomeNet": "None", "netInterestIncome": "None", "interestIncome": "None", "interestExpense": "1629500", "nonInterestIncome": "None", "otherNonOperatingIncome": "None", "depreciation": "None", "depreciationAndAmortization": "82184.50", "incomeBeforeTax": "-53919500", "incomeTaxExpense": "None", "interestAndDebtExpense": "None", "netIncomeFromContinuingOperations": "None", "comprehensiveIncomeNetOfTax": "None", "ebit": "-51598684.50", "ebitda": "-51516500", "netIncome": "-53919500"}]}