{"symbol": "ASTH", "annualReports": [{"fiscalDateEnding": "2024-12-31", "reportedCurrency": "USD", "grossProfit": "271388000", "totalRevenue": "2034540000", "costOfRevenue": "1763152000", "costofGoodsAndServicesSold": "1763152000", "operatingIncome": "89350000", "sellingGeneralAndAdministrative": "154111000", "researchAndDevelopment": "None", "operatingExpenses": "182038000", "investmentIncomeNet": "None", "netInterestIncome": "-18589000", "interestIncome": "14508000", "interestExpense": "33097000", "nonInterestIncome": "None", "otherNonOperatingIncome": "None", "depreciation": "None", "depreciationAndAmortization": "27927000", "incomeBeforeTax": "80818000", "incomeTaxExpense": "30886000", "interestAndDebtExpense": "None", "netIncomeFromContinuingOperations": "49932000", "comprehensiveIncomeNetOfTax": "None", "ebit": "113915000", "ebitda": "141842000", "netIncome": "43149000"}, {"fiscalDateEnding": "2023-12-31", "reportedCurrency": "USD", "grossProfit": "214958000", "totalRevenue": "1386661000", "costOfRevenue": "1171703000", "costofGoodsAndServicesSold": "1171703000", "operatingIncome": "84613000", "sellingGeneralAndAdministrative": "112597000", "researchAndDevelopment": "None", "operatingExpenses": "130345000", "investmentIncomeNet": "None", "netInterestIncome": "-1894000", "interestIncome": "14208000", "interestExpense": "16102000", "nonInterestIncome": "None", "otherNonOperatingIncome": "None", "depreciation": "None", "depreciationAndAmortization": "17748000", "incomeBeforeTax": "89838000", "incomeTaxExpense": "31989000", "interestAndDebtExpense": "None", "netIncomeFromContinuingOperations": "57849000", "comprehensiveIncomeNetOfTax": "None", "ebit": "105940000", "ebitda": "123688000", "netIncome": "60717000"}, {"fiscalDateEnding": "2022-12-31", "reportedCurrency": "USD", "grossProfit": "199478000", "totalRevenue": "1144163000", "costOfRevenue": "944685000", "costofGoodsAndServicesSold": "944685000", "operatingIncome": "104265000", "sellingGeneralAndAdministrative": "77670000", "researchAndDevelopment": "None", "operatingExpenses": "95213000", "investmentIncomeNet": "None", "netInterestIncome": "-5944000", "interestIncome": "1976000", "interestExpense": "7920000", "nonInterestIncome": "None", "otherNonOperatingIncome": "-9729000", "depreciation": "None", "depreciationAndAmortization": "17543000", "incomeBeforeTax": "86616000", "incomeTaxExpense": "40875000", "interestAndDebtExpense": "None", "netIncomeFromContinuingOperations": "50531000", "comprehensiveIncomeNetOfTax": "None", "ebit": "94536000", "ebitda": "112079000", "netIncome": "45171000"}, {"fiscalDateEnding": "2021-12-31", "reportedCurrency": "USD", "grossProfit": "177773000", "totalRevenue": "773915000", "costOfRevenue": "596142000", "costofGoodsAndServicesSold": "596142000", "operatingIncome": "98179000", "sellingGeneralAndAdministrative": "62077000", "researchAndDevelopment": "None", "operatingExpenses": "79594000", "investmentIncomeNet": "None", "netInterestIncome": "-3823000", "interestIncome": "1571000", "interestExpense": "5394000", "nonInterestIncome": "None", "otherNonOperatingIncome": "-15037000", "depreciation": "None", "depreciationAndAmortization": "17517000", "incomeBeforeTax": "77748000", "incomeTaxExpense": "31693000", "interestAndDebtExpense": "None", "netIncomeFromContinuingOperations": "49294000", "comprehensiveIncomeNetOfTax": "None", "ebit": "83142000", "ebitda": "100659000", "netIncome": "68923000"}, {"fiscalDateEnding": "2020-12-31", "reportedCurrency": "USD", "grossProfit": "21705000", "totalRevenue": "370248000", "costOfRevenue": "348543000", "costofGoodsAndServicesSold": "348543000", "operatingIncome": "6086000", "sellingGeneralAndAdministrative": "15593000", "researchAndDevelopment": "None", "operatingExpenses": "15619000", "investmentIncomeNet": "None", "netInterestIncome": "-6686000", "interestIncome": "2813000", "interestExpense": "2526000", "nonInterestIncome": "None", "otherNonOperatingIncome": "107423000", "depreciation": "None", "depreciationAndAmortization": "18350000", "incomeBeforeTax": "8868000", "incomeTaxExpense": "9182000", "interestAndDebtExpense": "None", "netIncomeFromContinuingOperations": "122320000", "comprehensiveIncomeNetOfTax": "None", "ebit": "11394000", "ebitda": "29744000", "netIncome": "-23752000"}, {"fiscalDateEnding": "2019-12-31", "reportedCurrency": "USD", "grossProfit": "92813000", "totalRevenue": "560618000", "costOfRevenue": "467805000", "costofGoodsAndServicesSold": "467805000", "operatingIncome": "32420000", "sellingGeneralAndAdministrative": "41482000", "researchAndDevelopment": "None", "operatingExpenses": "60393000", "investmentIncomeNet": "None", "netInterestIncome": "-2709383", "interestIncome": "2023873", "interestExpense": "4733256", "nonInterestIncome": "None", "otherNonOperatingIncome": "-1846783", "depreciation": "None", "depreciationAndAmortization": "18280000", "incomeBeforeTax": "25840000", "incomeTaxExpense": "8167000", "interestAndDebtExpense": "None", "netIncomeFromContinuingOperations": "17673317", "comprehensiveIncomeNetOfTax": "None", "ebit": "30573000", "ebitda": "48853000", "netIncome": "14116000"}, {"fiscalDateEnding": "2018-12-31", "reportedCurrency": "USD", "grossProfit": "139472461", "totalRevenue": "519907751", "costOfRevenue": "380435290", "costofGoodsAndServicesSold": "380435290", "operatingIncome": "92231030", "sellingGeneralAndAdministrative": "43354000", "researchAndDevelopment": "0", "operatingExpenses": "47241434", "investmentIncomeNet": "None", "netInterestIncome": "698123", "interestIncome": "1258638", "interestExpense": "560515", "nonInterestIncome": "None", "otherNonOperatingIncome": "-5244516", "depreciation": "None", "depreciationAndAmortization": "19303179", "incomeBeforeTax": "82627131", "incomeTaxExpense": "22359640", "interestAndDebtExpense": "None", "netIncomeFromContinuingOperations": "60267491", "comprehensiveIncomeNetOfTax": "None", "ebit": "83187645", "ebitda": "102490824", "netIncome": "10835002"}, {"fiscalDateEnding": "2017-12-31", "reportedCurrency": "USD", "grossProfit": "64015360", "totalRevenue": "357747410", "costOfRevenue": "293732050", "costofGoodsAndServicesSold": "293732050", "operatingIncome": "37577760", "sellingGeneralAndAdministrative": "26249532", "researchAndDevelopment": "0", "operatingExpenses": "26437602", "investmentIncomeNet": "None", "netInterestIncome": "935515", "interestIncome": "1015204", "interestExpense": "79689", "nonInterestIncome": "None", "otherNonOperatingIncome": "14644835", "depreciation": "None", "depreciationAndAmortization": "19075353", "incomeBeforeTax": "49711113", "incomeTaxExpense": "3886785", "interestAndDebtExpense": "None", "netIncomeFromContinuingOperations": "45824328", "comprehensiveIncomeNetOfTax": "None", "ebit": "49790800", "ebitda": "68866153", "netIncome": "25801842"}, {"fiscalDateEnding": "2016-12-31", "reportedCurrency": "USD", "grossProfit": "8692164", "totalRevenue": "57427701", "costOfRevenue": "48735537", "costofGoodsAndServicesSold": "48735537", "operatingIncome": "-10536950", "sellingGeneralAndAdministrative": "18583372", "researchAndDevelopment": "0", "operatingExpenses": "19229114", "investmentIncomeNet": "None", "netInterestIncome": "-82905", "interestIncome": "1550420", "interestExpense": "82905", "nonInterestIncome": "None", "otherNonOperatingIncome": "1890445", "depreciation": "None", "depreciationAndAmortization": "645742", "incomeBeforeTax": "-8729410", "incomeTaxExpense": "-47495", "interestAndDebtExpense": "None", "netIncomeFromContinuingOperations": "-8681915", "comprehensiveIncomeNetOfTax": "None", "ebit": "-10522249", "ebitda": "-9876507", "netIncome": "-8969816"}, {"fiscalDateEnding": "2015-12-31", "reportedCurrency": "USD", "grossProfit": "9696558", "totalRevenue": "44048740", "costOfRevenue": "34352182", "costofGoodsAndServicesSold": "34352182", "operatingIncome": "-6582100", "sellingGeneralAndAdministrative": "11282221", "researchAndDevelopment": "0", "operatingExpenses": "16278656", "investmentIncomeNet": "None", "netInterestIncome": "None", "interestIncome": "950990", "interestExpense": "542296", "nonInterestIncome": "None", "otherNonOperatingIncome": "-436001", "depreciation": "None", "depreciationAndAmortization": "351396", "incomeBeforeTax": "-8244426", "incomeTaxExpense": "-71037", "interestAndDebtExpense": "None", "netIncomeFromContinuingOperations": "-8173389", "comprehensiveIncomeNetOfTax": "None", "ebit": "-7702132", "ebitda": "-7350736", "netIncome": "-9344044"}, {"fiscalDateEnding": "2014-12-31", "reportedCurrency": "USD", "grossProfit": "10922321", "totalRevenue": "32989742", "costOfRevenue": "22067421", "costofGoodsAndServicesSold": "22067421", "operatingIncome": "-694334", "sellingGeneralAndAdministrative": "11282221", "researchAndDevelopment": "0", "operatingExpenses": "11616655", "investmentIncomeNet": "None", "netInterestIncome": "None", "interestIncome": "None", "interestExpense": "0", "nonInterestIncome": "None", "otherNonOperatingIncome": "836576", "depreciation": "None", "depreciationAndAmortization": "334434", "incomeBeforeTax": "-1184165", "incomeTaxExpense": "163792", "interestAndDebtExpense": "None", "netIncomeFromContinuingOperations": "-1347957", "comprehensiveIncomeNetOfTax": "None", "ebit": "-694334", "ebitda": "-359900", "netIncome": "-1802601"}, {"fiscalDateEnding": "2013-12-31", "reportedCurrency": "USD", "grossProfit": "1408092", "totalRevenue": "10484305", "costOfRevenue": "9076213", "costofGoodsAndServicesSold": "9076213", "operatingIncome": "-3909879", "sellingGeneralAndAdministrative": "5286610", "researchAndDevelopment": "0", "operatingExpenses": "5317971", "investmentIncomeNet": "None", "netInterestIncome": "None", "interestIncome": "None", "interestExpense": "679184", "nonInterestIncome": "None", "otherNonOperatingIncome": "49702", "depreciation": "None", "depreciationAndAmortization": "31361", "incomeBeforeTax": "-4539361", "incomeTaxExpense": "19513", "interestAndDebtExpense": "None", "netIncomeFromContinuingOperations": "-4558874", "comprehensiveIncomeNetOfTax": "None", "ebit": "-3860177", "ebitda": "-3828816", "netIncome": "-5020298"}, {"fiscalDateEnding": "2012-12-31", "reportedCurrency": "USD", "grossProfit": "1459967", "totalRevenue": "7776131", "costOfRevenue": "6316164", "costofGoodsAndServicesSold": "6316164", "operatingIncome": "-2078487", "sellingGeneralAndAdministrative": "3517536", "researchAndDevelopment": "0", "operatingExpenses": "3538454", "investmentIncomeNet": "None", "netInterestIncome": "None", "interestIncome": "None", "interestExpense": "930176", "nonInterestIncome": "None", "otherNonOperatingIncome": "-5891101", "depreciation": "None", "depreciationAndAmortization": "20918", "incomeBeforeTax": "-8899764", "incomeTaxExpense": "4800", "interestAndDebtExpense": "None", "netIncomeFromContinuingOperations": "-8904564", "comprehensiveIncomeNetOfTax": "None", "ebit": "-2115733", "ebitda": "-2094815", "netIncome": "-8904564"}, {"fiscalDateEnding": "2011-12-31", "reportedCurrency": "USD", "grossProfit": "978407", "totalRevenue": "5110806", "costOfRevenue": "4132399", "costofGoodsAndServicesSold": "4132399", "operatingIncome": "-413335", "sellingGeneralAndAdministrative": "1379153", "researchAndDevelopment": "0", "operatingExpenses": "1391742", "investmentIncomeNet": "None", "netInterestIncome": "None", "interestIncome": "None", "interestExpense": "304034", "nonInterestIncome": "None", "otherNonOperatingIncome": "-169658", "depreciation": "None", "depreciationAndAmortization": "12589", "incomeBeforeTax": "-714527", "incomeTaxExpense": "5819", "interestAndDebtExpense": "None", "netIncomeFromContinuingOperations": "-720346", "comprehensiveIncomeNetOfTax": "None", "ebit": "-410493", "ebitda": "-397904", "netIncome": "-720346"}, {"fiscalDateEnding": "2010-12-31", "reportedCurrency": "USD", "grossProfit": "581862", "totalRevenue": "3896584", "costOfRevenue": "3314722", "costofGoodsAndServicesSold": "3314722", "operatingIncome": "4015", "sellingGeneralAndAdministrative": "566649", "researchAndDevelopment": "None", "operatingExpenses": "577847", "investmentIncomeNet": "None", "netInterestIncome": "None", "interestIncome": "None", "interestExpense": "126431", "nonInterestIncome": "None", "otherNonOperatingIncome": "None", "depreciation": "None", "depreciationAndAmortization": "11198", "incomeBeforeTax": "-154731", "incomeTaxExpense": "1600", "interestAndDebtExpense": "None", "netIncomeFromContinuingOperations": "None", "comprehensiveIncomeNetOfTax": "None", "ebit": "4015", "ebitda": "15213", "netIncome": "-156331"}, {"fiscalDateEnding": "2009-12-31", "reportedCurrency": "USD", "grossProfit": "627508", "totalRevenue": "2441452", "costOfRevenue": "1813944", "costofGoodsAndServicesSold": "1813944", "operatingIncome": "-102515", "sellingGeneralAndAdministrative": "694319", "researchAndDevelopment": "None", "operatingExpenses": "730023", "investmentIncomeNet": "None", "netInterestIncome": "None", "interestIncome": "None", "interestExpense": "53128", "nonInterestIncome": "None", "otherNonOperatingIncome": "None", "depreciation": "None", "depreciationAndAmortization": "35703", "incomeBeforeTax": "-195280", "incomeTaxExpense": "800", "interestAndDebtExpense": "None", "netIncomeFromContinuingOperations": "None", "comprehensiveIncomeNetOfTax": "None", "ebit": "-102514", "ebitda": "-66811", "netIncome": "-196080"}, {"fiscalDateEnding": "2008-12-31", "reportedCurrency": "USD", "grossProfit": "11251", "totalRevenue": "1057354", "costOfRevenue": "1046103", "costofGoodsAndServicesSold": "1046103", "operatingIncome": "-835816", "sellingGeneralAndAdministrative": "827287", "researchAndDevelopment": "None", "operatingExpenses": "847067", "investmentIncomeNet": "None", "netInterestIncome": "None", "interestIncome": "None", "interestExpense": "55200", "nonInterestIncome": "None", "otherNonOperatingIncome": "None", "depreciation": "None", "depreciationAndAmortization": "19780", "incomeBeforeTax": "-891015", "incomeTaxExpense": "800", "interestAndDebtExpense": "None", "netIncomeFromContinuingOperations": "None", "comprehensiveIncomeNetOfTax": "None", "ebit": "-835815", "ebitda": "-816035", "netIncome": "-891815"}, {"fiscalDateEnding": "2007-12-31", "reportedCurrency": "USD", "grossProfit": "None", "totalRevenue": "100000", "costOfRevenue": "100000", "costofGoodsAndServicesSold": "100000", "operatingIncome": "-36651", "sellingGeneralAndAdministrative": "36651", "researchAndDevelopment": "None", "operatingExpenses": "36651", "investmentIncomeNet": "None", "netInterestIncome": "None", "interestIncome": "None", "interestExpense": "36651", "nonInterestIncome": "None", "otherNonOperatingIncome": "None", "depreciation": "None", "depreciationAndAmortization": "None", "incomeBeforeTax": "-36651", "incomeTaxExpense": "36651", "interestAndDebtExpense": "None", "netIncomeFromContinuingOperations": "None", "comprehensiveIncomeNetOfTax": "None", "ebit": "-36651", "ebitda": "-36651", "netIncome": "-36651"}, {"fiscalDateEnding": "2006-12-31", "reportedCurrency": "USD", "grossProfit": "None", "totalRevenue": "None", "costOfRevenue": "None", "costofGoodsAndServicesSold": "None", "operatingIncome": "-27484", "sellingGeneralAndAdministrative": "27484", "researchAndDevelopment": "None", "operatingExpenses": "27484", "investmentIncomeNet": "None", "netInterestIncome": "None", "interestIncome": "None", "interestExpense": "27484", "nonInterestIncome": "None", "otherNonOperatingIncome": "None", "depreciation": "None", "depreciationAndAmortization": "None", "incomeBeforeTax": "-27484", "incomeTaxExpense": "27484", "interestAndDebtExpense": "None", "netIncomeFromContinuingOperations": "None", "comprehensiveIncomeNetOfTax": "None", "ebit": "-27484", "ebitda": "-27484", "netIncome": "-27484"}, {"fiscalDateEnding": "2005-12-31", "reportedCurrency": "USD", "grossProfit": "None", "totalRevenue": "None", "costOfRevenue": "None", "costofGoodsAndServicesSold": "None", "operatingIncome": "-13339", "sellingGeneralAndAdministrative": "13339", "researchAndDevelopment": "None", "operatingExpenses": "13339", "investmentIncomeNet": "None", "netInterestIncome": "None", "interestIncome": "None", "interestExpense": "13339", "nonInterestIncome": "None", "otherNonOperatingIncome": "None", "depreciation": "None", "depreciationAndAmortization": "None", "incomeBeforeTax": "-13339", "incomeTaxExpense": "13339", "interestAndDebtExpense": "None", "netIncomeFromContinuingOperations": "None", "comprehensiveIncomeNetOfTax": "None", "ebit": "-13339", "ebitda": "-13339", "netIncome": "-13339"}], "quarterlyReports": [{"fiscalDateEnding": "2025-09-30", "reportedCurrency": "USD", "grossProfit": "81597000", "totalRevenue": "956048000", "costOfRevenue": "874451000", "costofGoodsAndServicesSold": "874451000", "operatingIncome": "19210000", "sellingGeneralAndAdministrative": "113112000", "researchAndDevelopment": "None", "operatingExpenses": "62387000", "investmentIncomeNet": "None", "netInterestIncome": "-14196000", "interestIncome": "3522000", "interestExpense": "17718000", "nonInterestIncome": "None", "otherNonOperatingIncome": "None", "depreciation": "None", "depreciationAndAmortization": "15595000", "incomeBeforeTax": "5671000", "incomeTaxExpense": "4594000", "interestAndDebtExpense": "None", "netIncomeFromContinuingOperations": "1077000", "comprehensiveIncomeNetOfTax": "None", "ebit": "23389000", "ebitda": "38984000", "netIncome": "373000"}, {"fiscalDateEnding": "2025-06-30", "reportedCurrency": "USD", "grossProfit": "77969000", "totalRevenue": "654808000", "costOfRevenue": "576839000", "costofGoodsAndServicesSold": "576839000", "operatingIncome": "20340000", "sellingGeneralAndAdministrative": "50725000", "researchAndDevelopment": "None", "operatingExpenses": "57629000", "investmentIncomeNet": "None", "netInterestIncome": "-5046000", "interestIncome": "2336000", "interestExpense": "7382000", "nonInterestIncome": "None", "otherNonOperatingIncome": "None", "depreciation": "None", "depreciationAndAmortization": "6904000", "incomeBeforeTax": "16825000", "incomeTaxExpense": "6609000", "interestAndDebtExpense": "None", "netIncomeFromContinuingOperations": "10216000", "comprehensiveIncomeNetOfTax": "None", "ebit": "24207000", "ebitda": "31111000", "netIncome": "9423000"}, {"fiscalDateEnding": "2025-03-31", "reportedCurrency": "USD", "grossProfit": "71329000", "totalRevenue": "620390000", "costOfRevenue": "549061000", "costofGoodsAndServicesSold": "549061000", "operatingIncome": "20583000", "sellingGeneralAndAdministrative": "43897000", "researchAndDevelopment": "None", "operatingExpenses": "50746000", "investmentIncomeNet": "None", "netInterestIncome": "-4996000", "interestIncome": "2312000", "interestExpense": "7308000", "nonInterestIncome": "None", "otherNonOperatingIncome": "None", "depreciation": "None", "depreciationAndAmortization": "6849000", "incomeBeforeTax": "9604000", "incomeTaxExpense": "3383000", "interestAndDebtExpense": "None", "netIncomeFromContinuingOperations": "6221000", "comprehensiveIncomeNetOfTax": "None", "ebit": "16912000", "ebitda": "23761000", "netIncome": "6692000"}, {"fiscalDateEnding": "2024-12-31", "reportedCurrency": "USD", "grossProfit": "63016000", "totalRevenue": "665209000", "costOfRevenue": "602193000", "costofGoodsAndServicesSold": "602193000", "operatingIncome": "720000", "sellingGeneralAndAdministrative": "41633000", "researchAndDevelopment": "None", "operatingExpenses": "62296000", "investmentIncomeNet": "None", "netInterestIncome": "-4848000", "interestIncome": "3221000", "interestExpense": "8069000", "nonInterestIncome": "None", "otherNonOperatingIncome": "None", "depreciation": "None", "depreciationAndAmortization": "8126000", "incomeBeforeTax": "-1895000", "incomeTaxExpense": "5882000", "interestAndDebtExpense": "None", "netIncomeFromContinuingOperations": "-7777000", "comprehensiveIncomeNetOfTax": "None", "ebit": "6174000", "ebitda": "14300000", "netIncome": "-6951000"}, {"fiscalDateEnding": "2024-09-30", "reportedCurrency": "USD", "grossProfit": "73492000", "totalRevenue": "478710000", "costOfRevenue": "405218000", "costofGoodsAndServicesSold": "405218000", "operatingIncome": "28425000", "sellingGeneralAndAdministrative": "37803000", "researchAndDevelopment": "None", "operatingExpenses": "45067000", "investmentIncomeNet": "None", "netInterestIncome": "-5078000", "interestIncome": "3778000", "interestExpense": "8856000", "nonInterestIncome": "None", "otherNonOperatingIncome": "None", "depreciation": "None", "depreciationAndAmortization": "7264000", "incomeBeforeTax": "26812000", "incomeTaxExpense": "7831000", "interestAndDebtExpense": "None", "netIncomeFromContinuingOperations": "18981000", "comprehensiveIncomeNetOfTax": "None", "ebit": "35668000", "ebitda": "42932000", "netIncome": "16094000"}, {"fiscalDateEnding": "2024-06-30", "reportedCurrency": "USD", "grossProfit": "66019000", "totalRevenue": "486265000", "costOfRevenue": "420246000", "costofGoodsAndServicesSold": "420246000", "operatingIncome": "30066000", "sellingGeneralAndAdministrative": "35953000", "researchAndDevelopment": "None", "operatingExpenses": "35953000", "investmentIncomeNet": "None", "netInterestIncome": "-5074000", "interestIncome": "3513000", "interestExpense": "8587000", "nonInterestIncome": "None", "otherNonOperatingIncome": "None", "depreciation": "None", "depreciationAndAmortization": "7441000", "incomeBeforeTax": "31897000", "incomeTaxExpense": "10031000", "interestAndDebtExpense": "None", "netIncomeFromContinuingOperations": "21866000", "comprehensiveIncomeNetOfTax": "None", "ebit": "40484000", "ebitda": "47925000", "netIncome": "19171000"}, {"fiscalDateEnding": "2024-03-31", "reportedCurrency": "USD", "grossProfit": "68861000", "totalRevenue": "404356000", "costOfRevenue": "335495000", "costofGoodsAndServicesSold": "335495000", "operatingIncome": "30139000", "sellingGeneralAndAdministrative": "38722000", "researchAndDevelopment": "None", "operatingExpenses": "38722000", "investmentIncomeNet": "None", "netInterestIncome": "-3589000", "interestIncome": "3996000", "interestExpense": "7585000", "nonInterestIncome": "None", "otherNonOperatingIncome": "None", "depreciation": "None", "depreciationAndAmortization": "5096000", "incomeBeforeTax": "24004000", "incomeTaxExpense": "7142000", "interestAndDebtExpense": "None", "netIncomeFromContinuingOperations": "16862000", "comprehensiveIncomeNetOfTax": "None", "ebit": "31589000", "ebitda": "36685000", "netIncome": "14835000"}, {"fiscalDateEnding": "2023-12-31", "reportedCurrency": "USD", "grossProfit": "38981000", "totalRevenue": "353036000", "costOfRevenue": "314055000", "costofGoodsAndServicesSold": "314055000", "operatingIncome": "-3870000", "sellingGeneralAndAdministrative": "37949000", "researchAndDevelopment": "None", "operatingExpenses": "42851000", "investmentIncomeNet": "None", "netInterestIncome": "-831000", "interestIncome": "4591000", "interestExpense": "5422000", "nonInterestIncome": "None", "otherNonOperatingIncome": "None", "depreciation": "None", "depreciationAndAmortization": "4902000", "incomeBeforeTax": "924000", "incomeTaxExpense": "1018000", "interestAndDebtExpense": "None", "netIncomeFromContinuingOperations": "-94000", "comprehensiveIncomeNetOfTax": "None", "ebit": "6346000", "ebitda": "11248000", "netIncome": "12356000"}, {"fiscalDateEnding": "2023-09-30", "reportedCurrency": "USD", "grossProfit": "72798000", "totalRevenue": "348173000", "costOfRevenue": "275375000", "costofGoodsAndServicesSold": "275375000", "operatingIncome": "39083000", "sellingGeneralAndAdministrative": "29410000", "researchAndDevelopment": "None", "operatingExpenses": "33715000", "investmentIncomeNet": "None", "netInterestIncome": "-498000", "interestIncome": "3281000", "interestExpense": "3779000", "nonInterestIncome": "None", "otherNonOperatingIncome": "None", "depreciation": "None", "depreciationAndAmortization": "4305000", "incomeBeforeTax": "38015000", "incomeTaxExpense": "10042000", "interestAndDebtExpense": "None", "netIncomeFromContinuingOperations": "27973000", "comprehensiveIncomeNetOfTax": "None", "ebit": "41794000", "ebitda": "46099000", "netIncome": "22059000"}, {"fiscalDateEnding": "2023-06-30", "reportedCurrency": "USD", "grossProfit": "55333000", "totalRevenue": "348209000", "costOfRevenue": "292876000", "costofGoodsAndServicesSold": "292876000", "operatingIncome": "27029000", "sellingGeneralAndAdministrative": "24056000", "researchAndDevelopment": "None", "operatingExpenses": "28304000", "investmentIncomeNet": "None", "netInterestIncome": "-305000", "interestIncome": "3327000", "interestExpense": "3632000", "nonInterestIncome": "None", "otherNonOperatingIncome": "8094000", "depreciation": "None", "depreciationAndAmortization": "4248000", "incomeBeforeTax": "31491000", "incomeTaxExpense": "14009000", "interestAndDebtExpense": "None", "netIncomeFromContinuingOperations": "17482000", "comprehensiveIncomeNetOfTax": "None", "ebit": "35123000", "ebitda": "39371000", "netIncome": "13170000"}, {"fiscalDateEnding": "2023-03-31", "reportedCurrency": "USD", "grossProfit": "47847000", "totalRevenue": "337244000", "costOfRevenue": "289397000", "costofGoodsAndServicesSold": "289397000", "operatingIncome": "22373000", "sellingGeneralAndAdministrative": "21182000", "researchAndDevelopment": "None", "operatingExpenses": "25474000", "investmentIncomeNet": "None", "netInterestIncome": "-260000", "interestIncome": "3009000", "interestExpense": "3269000", "nonInterestIncome": "None", "otherNonOperatingIncome": "305000", "depreciation": "None", "depreciationAndAmortization": "4292000", "incomeBeforeTax": "19409000", "incomeTaxExpense": "6921000", "interestAndDebtExpense": "None", "netIncomeFromContinuingOperations": "14307000", "comprehensiveIncomeNetOfTax": "None", "ebit": "22678000", "ebitda": "26970000", "netIncome": "13132000"}, {"fiscalDateEnding": "2022-12-31", "reportedCurrency": "USD", "grossProfit": "41089000", "totalRevenue": "294208000", "costOfRevenue": "253119000", "costofGoodsAndServicesSold": "253119000", "operatingIncome": "12580000", "sellingGeneralAndAdministrative": "24446000", "researchAndDevelopment": "None", "operatingExpenses": "28509000", "investmentIncomeNet": "None", "netInterestIncome": "-1286000", "interestIncome": "1286000", "interestExpense": "2572000", "nonInterestIncome": "None", "otherNonOperatingIncome": "446000", "depreciation": "None", "depreciationAndAmortization": "4063000", "incomeBeforeTax": "10455000", "incomeTaxExpense": "9984000", "interestAndDebtExpense": "None", "netIncomeFromContinuingOperations": "471000", "comprehensiveIncomeNetOfTax": "None", "ebit": "13027000", "ebitda": "17090000", "netIncome": "-2600000"}, {"fiscalDateEnding": "2022-09-30", "reportedCurrency": "USD", "grossProfit": "76233000", "totalRevenue": "317001000", "costOfRevenue": "240768000", "costofGoodsAndServicesSold": "240768000", "operatingIncome": "50091000", "sellingGeneralAndAdministrative": "21388000", "researchAndDevelopment": "None", "operatingExpenses": "26142000", "investmentIncomeNet": "None", "netInterestIncome": "-2199000", "interestIncome": "223000", "interestExpense": "2422000", "nonInterestIncome": "None", "otherNonOperatingIncome": "-6406000", "depreciation": "None", "depreciationAndAmortization": "4755000", "incomeBeforeTax": "41263000", "incomeTaxExpense": "17366000", "interestAndDebtExpense": "None", "netIncomeFromContinuingOperations": "27396000", "comprehensiveIncomeNetOfTax": "None", "ebit": "43685000", "ebitda": "48440000", "netIncome": "23185000"}, {"fiscalDateEnding": "2022-06-30", "reportedCurrency": "USD", "grossProfit": "39627000", "totalRevenue": "269697000", "costOfRevenue": "230070000", "costofGoodsAndServicesSold": "230070000", "operatingIncome": "15382000", "sellingGeneralAndAdministrative": "19894000", "researchAndDevelopment": "None", "operatingExpenses": "24245000", "investmentIncomeNet": "None", "netInterestIncome": "-1433000", "interestIncome": "421000", "interestExpense": "1854000", "nonInterestIncome": "None", "otherNonOperatingIncome": "3101000", "depreciation": "None", "depreciationAndAmortization": "4351000", "incomeBeforeTax": "16629000", "incomeTaxExpense": "5352000", "interestAndDebtExpense": "None", "netIncomeFromContinuingOperations": "10591000", "comprehensiveIncomeNetOfTax": "None", "ebit": "18483000", "ebitda": "22834000", "netIncome": "11950000"}, {"fiscalDateEnding": "2022-03-31", "reportedCurrency": "USD", "grossProfit": "42528000", "totalRevenue": "263258000", "costOfRevenue": "220730000", "costofGoodsAndServicesSold": "220730000", "operatingIncome": "26211000", "sellingGeneralAndAdministrative": "11943000", "researchAndDevelopment": "None", "operatingExpenses": "16317000", "investmentIncomeNet": "None", "netInterestIncome": "-1027000", "interestIncome": "46000", "interestExpense": "1073000", "nonInterestIncome": "None", "otherNonOperatingIncome": "-6870000", "depreciation": "None", "depreciationAndAmortization": "4374000", "incomeBeforeTax": "18268000", "incomeTaxExpense": "6818000", "interestAndDebtExpense": "None", "netIncomeFromContinuingOperations": "12073000", "comprehensiveIncomeNetOfTax": "None", "ebit": "19341000", "ebitda": "23715000", "netIncome": "13764000"}, {"fiscalDateEnding": "2021-12-31", "reportedCurrency": "USD", "grossProfit": "23261000", "totalRevenue": "195100000", "costOfRevenue": "171839000", "costofGoodsAndServicesSold": "171839000", "operatingIncome": "2248000", "sellingGeneralAndAdministrative": "16601000", "researchAndDevelopment": "None", "operatingExpenses": "21013000", "investmentIncomeNet": "None", "netInterestIncome": "-811000", "interestIncome": "240000", "interestExpense": "1051000", "nonInterestIncome": "None", "otherNonOperatingIncome": "-23630000", "depreciation": "None", "depreciationAndAmortization": "4412000", "incomeBeforeTax": "-22430000", "incomeTaxExpense": "-3121000", "interestAndDebtExpense": "None", "netIncomeFromContinuingOperations": "-19309000", "comprehensiveIncomeNetOfTax": "None", "ebit": "-21379000", "ebitda": "-16967000", "netIncome": "13770000"}, {"fiscalDateEnding": "2021-09-30", "reportedCurrency": "USD", "grossProfit": "79644000", "totalRevenue": "227117000", "costOfRevenue": "147473000", "costofGoodsAndServicesSold": "147473000", "operatingIncome": "53160000", "sellingGeneralAndAdministrative": "21813000", "researchAndDevelopment": "None", "operatingExpenses": "26484000", "investmentIncomeNet": "None", "netInterestIncome": "-547000", "interestIncome": "420000", "interestExpense": "967000", "nonInterestIncome": "None", "otherNonOperatingIncome": "-57698000", "depreciation": "None", "depreciationAndAmortization": "4671000", "incomeBeforeTax": "-5505000", "incomeTaxExpense": "-120000", "interestAndDebtExpense": "None", "netIncomeFromContinuingOperations": "-5385000", "comprehensiveIncomeNetOfTax": "None", "ebit": "-4538000", "ebitda": "133000", "netIncome": "34279000"}, {"fiscalDateEnding": "2021-06-30", "reportedCurrency": "USD", "grossProfit": "39424000", "totalRevenue": "175638000", "costOfRevenue": "136214000", "costofGoodsAndServicesSold": "136214000", "operatingIncome": "20988000", "sellingGeneralAndAdministrative": "14199000", "researchAndDevelopment": "None", "operatingExpenses": "18436000", "investmentIncomeNet": "None", "netInterestIncome": "-1290000", "interestIncome": "563000", "interestExpense": "1853000", "nonInterestIncome": "None", "otherNonOperatingIncome": "65315000", "depreciation": "None", "depreciationAndAmortization": "4237000", "incomeBeforeTax": "84450000", "incomeTaxExpense": "24920000", "interestAndDebtExpense": "None", "netIncomeFromContinuingOperations": "59530000", "comprehensiveIncomeNetOfTax": "None", "ebit": "86303000", "ebitda": "90540000", "netIncome": "12658000"}, {"fiscalDateEnding": "2021-03-31", "reportedCurrency": "USD", "grossProfit": "35442000", "totalRevenue": "176058000", "costOfRevenue": "140616000", "costofGoodsAndServicesSold": "140616000", "operatingIncome": "21781000", "sellingGeneralAndAdministrative": "9464000", "researchAndDevelopment": "None", "operatingExpenses": "13661000", "investmentIncomeNet": "None", "netInterestIncome": "-1174000", "interestIncome": "349000", "interestExpense": "1523000", "nonInterestIncome": "None", "otherNonOperatingIncome": "976000", "depreciation": "None", "depreciationAndAmortization": "4197000", "incomeBeforeTax": "21234000", "incomeTaxExpense": "6776000", "interestAndDebtExpense": "None", "netIncomeFromContinuingOperations": "14458000", "comprehensiveIncomeNetOfTax": "None", "ebit": "22757000", "ebitda": "26954000", "netIncome": "13151000"}, {"fiscalDateEnding": "2020-12-31", "reportedCurrency": "USD", "grossProfit": "39678000", "totalRevenue": "176783000", "costOfRevenue": "137105000", "costofGoodsAndServicesSold": "137105000", "operatingIncome": "25876000", "sellingGeneralAndAdministrative": "9456000", "researchAndDevelopment": "None", "operatingExpenses": "13802000", "investmentIncomeNet": "None", "netInterestIncome": "-1223000", "interestIncome": "269000", "interestExpense": "1492000", "nonInterestIncome": "None", "otherNonOperatingIncome": "427000", "depreciation": "None", "depreciationAndAmortization": "4346000", "incomeBeforeTax": "24811000", "incomeTaxExpense": "11903000", "interestAndDebtExpense": "None", "netIncomeFromContinuingOperations": "12908000", "comprehensiveIncomeNetOfTax": "None", "ebit": "26111000", "ebitda": "30457000", "netIncome": "10057000"}, {"fiscalDateEnding": "2020-09-30", "reportedCurrency": "USD", "grossProfit": "58300000", "totalRevenue": "180123000", "costOfRevenue": "121823000", "costofGoodsAndServicesSold": "121823000", "operatingIncome": "37356000", "sellingGeneralAndAdministrative": "16270000", "researchAndDevelopment": "None", "operatingExpenses": "20944000", "investmentIncomeNet": "None", "netInterestIncome": "-1714000", "interestIncome": "752000", "interestExpense": "2466000", "nonInterestIncome": "None", "otherNonOperatingIncome": "1285000", "depreciation": "None", "depreciationAndAmortization": "4674000", "incomeBeforeTax": "36175000", "incomeTaxExpense": "10751000", "interestAndDebtExpense": "None", "netIncomeFromContinuingOperations": "25424000", "comprehensiveIncomeNetOfTax": "None", "ebit": "38641000", "ebitda": "43315000", "netIncome": "16713000"}, {"fiscalDateEnding": "2020-06-30", "reportedCurrency": "USD", "grossProfit": "29090000", "totalRevenue": "165169000", "costOfRevenue": "136079000", "costofGoodsAndServicesSold": "136079000", "operatingIncome": "12906000", "sellingGeneralAndAdministrative": "11556000", "researchAndDevelopment": "None", "operatingExpenses": "16184000", "investmentIncomeNet": "None", "netInterestIncome": "-1810000", "interestIncome": "863000", "interestExpense": "2673000", "nonInterestIncome": "None", "otherNonOperatingIncome": "102626000", "depreciation": "None", "depreciationAndAmortization": "4628000", "incomeBeforeTax": "112859000", "incomeTaxExpense": "31858000", "interestAndDebtExpense": "None", "netIncomeFromContinuingOperations": "81001000", "comprehensiveIncomeNetOfTax": "None", "ebit": "15885000", "ebitda": "20513000", "netIncome": "7044000"}, {"fiscalDateEnding": "2020-03-31", "reportedCurrency": "USD", "grossProfit": "20901000", "totalRevenue": "165105000", "costOfRevenue": "144204000", "costofGoodsAndServicesSold": "144204000", "operatingIncome": "4365000", "sellingGeneralAndAdministrative": "11834000", "researchAndDevelopment": "None", "operatingExpenses": "16536000", "investmentIncomeNet": "None", "netInterestIncome": "-1939000", "interestIncome": "929000", "interestExpense": "2868000", "nonInterestIncome": "None", "otherNonOperatingIncome": "3085000", "depreciation": "None", "depreciationAndAmortization": "4702000", "incomeBeforeTax": "4582000", "incomeTaxExpense": "1595000", "interestAndDebtExpense": "None", "netIncomeFromContinuingOperations": "2987000", "comprehensiveIncomeNetOfTax": "None", "ebit": "7450000", "ebitda": "12152000", "netIncome": "4052000"}, {"fiscalDateEnding": "2019-12-31", "reportedCurrency": "USD", "grossProfit": "26871625", "totalRevenue": "178751136", "costOfRevenue": "151879511", "costofGoodsAndServicesSold": "151879511", "operatingIncome": "10932910", "sellingGeneralAndAdministrative": "11451046", "researchAndDevelopment": "None", "operatingExpenses": "15938715", "investmentIncomeNet": "None", "netInterestIncome": "-2664978", "interestIncome": "718345", "interestExpense": "3383323", "nonInterestIncome": "None", "otherNonOperatingIncome": "-7145932", "depreciation": "None", "depreciationAndAmortization": "4960689", "incomeBeforeTax": "403655", "incomeTaxExpense": "1683002", "interestAndDebtExpense": "None", "netIncomeFromContinuingOperations": "-1279347", "comprehensiveIncomeNetOfTax": "None", "ebit": "3786978", "ebitda": "8747667", "netIncome": "6727491"}, {"fiscalDateEnding": "2019-09-30", "reportedCurrency": "USD", "grossProfit": "24930000", "totalRevenue": "156060000", "costOfRevenue": "131130000", "costofGoodsAndServicesSold": "131130000", "operatingIncome": "10066000", "sellingGeneralAndAdministrative": "7950000", "researchAndDevelopment": "None", "operatingExpenses": "12870000", "investmentIncomeNet": "None", "netInterestIncome": "-319049", "interestIncome": "508856", "interestExpense": "828000", "nonInterestIncome": "None", "otherNonOperatingIncome": "5183071", "depreciation": "None", "depreciationAndAmortization": "4921000", "incomeBeforeTax": "14421000", "incomeTaxExpense": "3682000", "interestAndDebtExpense": "None", "netIncomeFromContinuingOperations": "10738862", "comprehensiveIncomeNetOfTax": "None", "ebit": "17243000", "ebitda": "22164000", "netIncome": "3704000"}, {"fiscalDateEnding": "2019-06-30", "reportedCurrency": "USD", "grossProfit": "28687000", "totalRevenue": "130050000", "costOfRevenue": "101363000", "costofGoodsAndServicesSold": "101363000", "operatingIncome": "14728000", "sellingGeneralAndAdministrative": "11818000", "researchAndDevelopment": "None", "operatingExpenses": "13959000", "investmentIncomeNet": "None", "netInterestIncome": "162615", "interestIncome": "473664", "interestExpense": "311000", "nonInterestIncome": "None", "otherNonOperatingIncome": "455611", "depreciation": "None", "depreciationAndAmortization": "4454000", "incomeBeforeTax": "14873000", "incomeTaxExpense": "4209000", "interestAndDebtExpense": "None", "netIncomeFromContinuingOperations": "10663931", "comprehensiveIncomeNetOfTax": "None", "ebit": "15185000", "ebitda": "19639000", "netIncome": "3545000"}, {"fiscalDateEnding": "2019-03-31", "reportedCurrency": "USD", "grossProfit": "12326000", "totalRevenue": "95758000", "costOfRevenue": "83432000", "costofGoodsAndServicesSold": "83432000", "operatingIncome": "-3307000", "sellingGeneralAndAdministrative": "10264000", "researchAndDevelopment": "None", "operatingExpenses": "15633000", "investmentIncomeNet": "None", "netInterestIncome": "112029", "interestIncome": "737630", "interestExpense": "211000", "nonInterestIncome": "None", "otherNonOperatingIncome": "-339533", "depreciation": "None", "depreciationAndAmortization": "4418000", "incomeBeforeTax": "-3858000", "incomeTaxExpense": "-1408000", "interestAndDebtExpense": "None", "netIncomeFromContinuingOperations": "-2450129", "comprehensiveIncomeNetOfTax": "None", "ebit": "-3647000", "ebitda": "771000", "netIncome": "140000"}, {"fiscalDateEnding": "2018-12-31", "reportedCurrency": "USD", "grossProfit": "26045644", "totalRevenue": "105456069", "costOfRevenue": "79410425", "costofGoodsAndServicesSold": "79410425", "operatingIncome": "2003602", "sellingGeneralAndAdministrative": "11871977", "researchAndDevelopment": "0", "operatingExpenses": "20243176", "investmentIncomeNet": "None", "netInterestIncome": "None", "interestIncome": "None", "interestExpense": "186513", "nonInterestIncome": "None", "otherNonOperatingIncome": "-4737235", "depreciation": "None", "depreciationAndAmortization": "4483552", "incomeBeforeTax": "-2920146", "incomeTaxExpense": "-978949", "interestAndDebtExpense": "None", "netIncomeFromContinuingOperations": "-1941197", "comprehensiveIncomeNetOfTax": "None", "ebit": "-2733633", "ebitda": "1749919", "netIncome": "-3095952"}, {"fiscalDateEnding": "2018-09-30", "reportedCurrency": "USD", "grossProfit": "70452165", "totalRevenue": "167280410", "costOfRevenue": "96828245", "costofGoodsAndServicesSold": "96828245", "operatingIncome": "56577104", "sellingGeneralAndAdministrative": "9032024", "researchAndDevelopment": "0", "operatingExpenses": "13875061", "investmentIncomeNet": "None", "netInterestIncome": "None", "interestIncome": "None", "interestExpense": "178318", "nonInterestIncome": "None", "otherNonOperatingIncome": "-3187404", "depreciation": "None", "depreciationAndAmortization": "4843037", "incomeBeforeTax": "53211382", "incomeTaxExpense": "14585942", "interestAndDebtExpense": "None", "netIncomeFromContinuingOperations": "38625440", "comprehensiveIncomeNetOfTax": "None", "ebit": "53389700", "ebitda": "58232737", "netIncome": "9106397"}, {"fiscalDateEnding": "2018-06-30", "reportedCurrency": "USD", "grossProfit": "23539654", "totalRevenue": "123004546", "costOfRevenue": "99464892", "costofGoodsAndServicesSold": "99464892", "operatingIncome": "7149747", "sellingGeneralAndAdministrative": "11471829", "researchAndDevelopment": "0", "operatingExpenses": "16389907", "investmentIncomeNet": "None", "netInterestIncome": "None", "interestIncome": "None", "interestExpense": "110683", "nonInterestIncome": "None", "otherNonOperatingIncome": "2350336", "depreciation": "None", "depreciationAndAmortization": "4918078", "incomeBeforeTax": "9389400", "incomeTaxExpense": "1523807", "interestAndDebtExpense": "None", "netIncomeFromContinuingOperations": "7865593", "comprehensiveIncomeNetOfTax": "None", "ebit": "9500083", "ebitda": "14418161", "netIncome": "2664102"}, {"fiscalDateEnding": "2018-03-31", "reportedCurrency": "USD", "grossProfit": "39496119", "totalRevenue": "124166727", "costOfRevenue": "84670608", "costofGoodsAndServicesSold": "84670608", "operatingIncome": "22701709", "sellingGeneralAndAdministrative": "11735898", "researchAndDevelopment": "0", "operatingExpenses": "16794410", "investmentIncomeNet": "None", "netInterestIncome": "None", "interestIncome": "None", "interestExpense": "85001", "nonInterestIncome": "None", "otherNonOperatingIncome": "329787", "depreciation": "None", "depreciationAndAmortization": "5058512", "incomeBeforeTax": "22946495", "incomeTaxExpense": "7228840", "interestAndDebtExpense": "None", "netIncomeFromContinuingOperations": "15717655", "comprehensiveIncomeNetOfTax": "None", "ebit": "23031496", "ebitda": "28090008", "netIncome": "2160455"}, {"fiscalDateEnding": "2017-12-31", "reportedCurrency": "USD", "grossProfit": "79100000", "totalRevenue": "259500000", "costOfRevenue": "180400000", "costofGoodsAndServicesSold": "180400000", "operatingIncome": "48600000", "sellingGeneralAndAdministrative": "10200000", "researchAndDevelopment": "0", "operatingExpenses": "30600000", "investmentIncomeNet": "None", "netInterestIncome": "None", "interestIncome": "None", "interestExpense": "312962", "nonInterestIncome": "None", "otherNonOperatingIncome": "14250655", "depreciation": "None", "depreciationAndAmortization": "18770000", "incomeBeforeTax": "62600000", "incomeTaxExpense": "13600000", "interestAndDebtExpense": "None", "netIncomeFromContinuingOperations": "55374977", "comprehensiveIncomeNetOfTax": "None", "ebit": "48600000", "ebitda": "67370000", "netIncome": "37900000"}, {"fiscalDateEnding": "2017-09-30", "reportedCurrency": "USD", "grossProfit": "1386728", "totalRevenue": "40483346", "costOfRevenue": "39096618", "costofGoodsAndServicesSold": "39096618", "operatingIncome": "-4114951", "sellingGeneralAndAdministrative": "5345742", "researchAndDevelopment": "0", "operatingExpenses": "5501679", "investmentIncomeNet": "None", "netInterestIncome": "None", "interestIncome": "None", "interestExpense": "199662", "nonInterestIncome": "None", "otherNonOperatingIncome": "54635", "depreciation": "None", "depreciationAndAmortization": "155937", "incomeBeforeTax": "-4259978", "incomeTaxExpense": "-26858", "interestAndDebtExpense": "None", "netIncomeFromContinuingOperations": "-4233120", "comprehensiveIncomeNetOfTax": "None", "ebit": "-4060316", "ebitda": "-3904379", "netIncome": "-3882738"}, {"fiscalDateEnding": "2017-06-30", "reportedCurrency": "USD", "grossProfit": "1335838", "totalRevenue": "41575480", "costOfRevenue": "40239642", "costofGoodsAndServicesSold": "40239642", "operatingIncome": "-3708613", "sellingGeneralAndAdministrative": "4889184", "researchAndDevelopment": "0", "operatingExpenses": "5044451", "investmentIncomeNet": "None", "netInterestIncome": "None", "interestIncome": "None", "interestExpense": "192989", "nonInterestIncome": "None", "otherNonOperatingIncome": "38657", "depreciation": "None", "depreciationAndAmortization": "155267", "incomeBeforeTax": "-3862945", "incomeTaxExpense": "-29891", "interestAndDebtExpense": "None", "netIncomeFromContinuingOperations": "-3833054", "comprehensiveIncomeNetOfTax": "None", "ebit": "-3669956", "ebitda": "-3514689", "netIncome": "-3611812"}, {"fiscalDateEnding": "2017-03-31", "reportedCurrency": "USD", "grossProfit": "1043011", "totalRevenue": "14758496", "costOfRevenue": "13715485", "costofGoodsAndServicesSold": "13715485", "operatingIncome": "-4924220", "sellingGeneralAndAdministrative": "5805636", "researchAndDevelopment": "0", "operatingExpenses": "5967231", "investmentIncomeNet": "None", "netInterestIncome": "None", "interestIncome": "None", "interestExpense": "67199", "nonInterestIncome": "None", "otherNonOperatingIncome": "243693", "depreciation": "None", "depreciationAndAmortization": "161595", "incomeBeforeTax": "-4747726", "incomeTaxExpense": "79582", "interestAndDebtExpense": "None", "netIncomeFromContinuingOperations": "-4827308", "comprehensiveIncomeNetOfTax": "None", "ebit": "-4922938", "ebitda": "-4761343", "netIncome": "-4563444"}, {"fiscalDateEnding": "2016-12-31", "reportedCurrency": "USD", "grossProfit": "2959012", "totalRevenue": "15674876", "costOfRevenue": "12715864", "costofGoodsAndServicesSold": "12715864", "operatingIncome": "-1675854", "sellingGeneralAndAdministrative": "4485932", "researchAndDevelopment": "0", "operatingExpenses": "4634866", "investmentIncomeNet": "None", "netInterestIncome": "None", "interestIncome": "None", "interestExpense": "9993", "nonInterestIncome": "None", "otherNonOperatingIncome": "300888", "depreciation": "None", "depreciationAndAmortization": "148934", "incomeBeforeTax": "-1384959", "incomeTaxExpense": "99516", "interestAndDebtExpense": "None", "netIncomeFromContinuingOperations": "-1484475", "comprehensiveIncomeNetOfTax": "None", "ebit": "-1674966", "ebitda": "-1526032", "netIncome": "-1732706"}, {"fiscalDateEnding": "2016-09-30", "reportedCurrency": "USD", "grossProfit": "2451473", "totalRevenue": "14622656", "costOfRevenue": "12171183", "costofGoodsAndServicesSold": "12171183", "operatingIncome": "-2174411", "sellingGeneralAndAdministrative": "4455329", "researchAndDevelopment": "0", "operatingExpenses": "4625884", "investmentIncomeNet": "None", "netInterestIncome": "None", "interestIncome": "None", "interestExpense": "3054", "nonInterestIncome": "None", "otherNonOperatingIncome": "521671", "depreciation": "None", "depreciationAndAmortization": "170555", "incomeBeforeTax": "-1655794", "incomeTaxExpense": "-185040", "interestAndDebtExpense": "None", "netIncomeFromContinuingOperations": "-1470754", "comprehensiveIncomeNetOfTax": "None", "ebit": "-2163851", "ebitda": "-1993296", "netIncome": "-1358409"}, {"fiscalDateEnding": "2016-06-30", "reportedCurrency": "USD", "grossProfit": "2238668", "totalRevenue": "12371673", "costOfRevenue": "10133005", "costofGoodsAndServicesSold": "10133005", "operatingIncome": "-1762465", "sellingGeneralAndAdministrative": "3836475", "researchAndDevelopment": "0", "operatingExpenses": "4001133", "investmentIncomeNet": "None", "netInterestIncome": "None", "interestIncome": "None", "interestExpense": "2659", "nonInterestIncome": "None", "otherNonOperatingIncome": "824193", "depreciation": "None", "depreciationAndAmortization": "164658", "incomeBeforeTax": "-940931", "incomeTaxExpense": "-41553", "interestAndDebtExpense": "None", "netIncomeFromContinuingOperations": "-899378", "comprehensiveIncomeNetOfTax": "None", "ebit": "-1760494", "ebitda": "-1595836", "netIncome": "-1315257"}, {"fiscalDateEnding": "2016-03-31", "reportedCurrency": "USD", "grossProfit": "2110111", "totalRevenue": "11815299", "costOfRevenue": "9705188", "costofGoodsAndServicesSold": "9705188", "operatingIncome": "-3729052", "sellingGeneralAndAdministrative": "5774796", "researchAndDevelopment": "0", "operatingExpenses": "5839163", "investmentIncomeNet": "None", "netInterestIncome": "None", "interestIncome": "None", "interestExpense": "12093", "nonInterestIncome": "None", "otherNonOperatingIncome": "-388735", "depreciation": "None", "depreciationAndAmortization": "64367", "incomeBeforeTax": "-4129881", "incomeTaxExpense": "-13786", "interestAndDebtExpense": "None", "netIncomeFromContinuingOperations": "-4116095", "comprehensiveIncomeNetOfTax": "None", "ebit": "-3395564", "ebitda": "-3331197", "netIncome": "-4644700"}, {"fiscalDateEnding": "2015-12-31", "reportedCurrency": "USD", "grossProfit": "2196167", "totalRevenue": "10659708", "costOfRevenue": "8463541", "costofGoodsAndServicesSold": "8463541", "operatingIncome": "-1459472", "sellingGeneralAndAdministrative": "3510045", "researchAndDevelopment": "0", "operatingExpenses": "3655639", "investmentIncomeNet": "None", "netInterestIncome": "None", "interestIncome": "None", "interestExpense": "100983", "nonInterestIncome": "None", "otherNonOperatingIncome": "63688", "depreciation": "None", "depreciationAndAmortization": "145594", "incomeBeforeTax": "-1496767", "incomeTaxExpense": "36196", "interestAndDebtExpense": "None", "netIncomeFromContinuingOperations": "-1532963", "comprehensiveIncomeNetOfTax": "None", "ebit": "-1559816", "ebitda": "-1414222", "netIncome": "-1685611"}, {"fiscalDateEnding": "2015-09-30", "reportedCurrency": "USD", "grossProfit": "3105418", "totalRevenue": "11369607", "costOfRevenue": "8264189", "costofGoodsAndServicesSold": "8264189", "operatingIncome": "-412907", "sellingGeneralAndAdministrative": "3440641", "researchAndDevelopment": "None", "operatingExpenses": "3518325", "investmentIncomeNet": "None", "netInterestIncome": "None", "interestIncome": "None", "interestExpense": "68818", "nonInterestIncome": "None", "otherNonOperatingIncome": "None", "depreciation": "None", "depreciationAndAmortization": "77684", "incomeBeforeTax": "-479965", "incomeTaxExpense": "-186138", "interestAndDebtExpense": "None", "netIncomeFromContinuingOperations": "None", "comprehensiveIncomeNetOfTax": "None", "ebit": "-507999", "ebitda": "-430315", "netIncome": "-531366"}, {"fiscalDateEnding": "2015-06-30", "reportedCurrency": "USD", "grossProfit": "3031896", "totalRevenue": "9587488", "costOfRevenue": "6555592", "costofGoodsAndServicesSold": "6555592", "operatingIncome": "165318", "sellingGeneralAndAdministrative": "2931384", "researchAndDevelopment": "None", "operatingExpenses": "2866578", "investmentIncomeNet": "None", "netInterestIncome": "None", "interestIncome": "None", "interestExpense": "357347", "nonInterestIncome": "None", "otherNonOperatingIncome": "-112714", "depreciation": "None", "depreciationAndAmortization": "-64806", "incomeBeforeTax": "112243", "incomeTaxExpense": "97145", "interestAndDebtExpense": "None", "netIncomeFromContinuingOperations": "-2230504", "comprehensiveIncomeNetOfTax": "None", "ebit": "116613", "ebitda": "51807", "netIncome": "190413"}, {"fiscalDateEnding": "2015-03-31", "reportedCurrency": "USD", "grossProfit": "3031896", "totalRevenue": "9587488", "costOfRevenue": "6555592", "costofGoodsAndServicesSold": "6555592", "operatingIncome": "165318", "sellingGeneralAndAdministrative": "2931384", "researchAndDevelopment": "0", "operatingExpenses": "2866578", "investmentIncomeNet": "None", "netInterestIncome": "None", "interestIncome": "None", "interestExpense": "357347", "nonInterestIncome": "None", "otherNonOperatingIncome": "304272", "depreciation": "None", "depreciationAndAmortization": "-64806", "incomeBeforeTax": "112243", "incomeTaxExpense": "97145", "interestAndDebtExpense": "None", "netIncomeFromContinuingOperations": "15098", "comprehensiveIncomeNetOfTax": "None", "ebit": "165318", "ebitda": "100512", "netIncome": "190413"}, {"fiscalDateEnding": "2014-12-31", "reportedCurrency": "USD", "grossProfit": "1552129", "totalRevenue": "7642474", "costOfRevenue": "6090345", "costofGoodsAndServicesSold": "6090345", "operatingIncome": "-1531529", "sellingGeneralAndAdministrative": "2889598", "researchAndDevelopment": "0", "operatingExpenses": "3083658", "investmentIncomeNet": "None", "netInterestIncome": "None", "interestIncome": "None", "interestExpense": "362935", "nonInterestIncome": "None", "otherNonOperatingIncome": "471081", "depreciation": "None", "depreciationAndAmortization": "194060", "incomeBeforeTax": "-1423383", "incomeTaxExpense": "-31944", "interestAndDebtExpense": "None", "netIncomeFromContinuingOperations": "-1391439", "comprehensiveIncomeNetOfTax": "None", "ebit": "-1418881", "ebitda": "-1224821", "netIncome": "-1691583"}, {"fiscalDateEnding": "2014-09-30", "reportedCurrency": "USD", "grossProfit": "5503649", "totalRevenue": "11665294", "costOfRevenue": "6161645", "costofGoodsAndServicesSold": "6161645", "operatingIncome": "1858461", "sellingGeneralAndAdministrative": "3451907", "researchAndDevelopment": "0", "operatingExpenses": "3645188", "investmentIncomeNet": "None", "netInterestIncome": "None", "interestIncome": "None", "interestExpense": "329258", "nonInterestIncome": "None", "otherNonOperatingIncome": "93704", "depreciation": "None", "depreciationAndAmortization": "193281", "incomeBeforeTax": "1622907", "incomeTaxExpense": "86989", "interestAndDebtExpense": "None", "netIncomeFromContinuingOperations": "1535918", "comprehensiveIncomeNetOfTax": "None", "ebit": "1800025", "ebitda": "1993306", "netIncome": "1376310"}, {"fiscalDateEnding": "2014-06-30", "reportedCurrency": "USD", "grossProfit": "834647", "totalRevenue": "4094486", "costOfRevenue": "3259839", "costofGoodsAndServicesSold": "3259839", "operatingIncome": "-1186584", "sellingGeneralAndAdministrative": "2009332", "researchAndDevelopment": "0", "operatingExpenses": "2021231", "investmentIncomeNet": "None", "netInterestIncome": "None", "interestIncome": "None", "interestExpense": "276867", "nonInterestIncome": "None", "otherNonOperatingIncome": "-32481", "depreciation": "None", "depreciationAndAmortization": "11899", "incomeBeforeTax": "-1495932", "incomeTaxExpense": "11602", "interestAndDebtExpense": "None", "netIncomeFromContinuingOperations": "-1507534", "comprehensiveIncomeNetOfTax": "None", "ebit": "-1219065", "ebitda": "-1207166", "netIncome": "-1677741"}, {"fiscalDateEnding": "2014-03-31", "reportedCurrency": "USD", "grossProfit": "130750", "totalRevenue": "2839462", "costOfRevenue": "2708712", "costofGoodsAndServicesSold": "2708712", "operatingIncome": "-1024033", "sellingGeneralAndAdministrative": "1142988", "researchAndDevelopment": "0", "operatingExpenses": "1154783", "investmentIncomeNet": "None", "netInterestIncome": "None", "interestIncome": "None", "interestExpense": "202206", "nonInterestIncome": "None", "otherNonOperatingIncome": "None", "depreciation": "None", "depreciationAndAmortization": "11795", "incomeBeforeTax": "-1184843", "incomeTaxExpense": "-21847", "interestAndDebtExpense": "None", "netIncomeFromContinuingOperations": "-4263648", "comprehensiveIncomeNetOfTax": "None", "ebit": "-982637", "ebitda": "-970842", "netIncome": "-1162996"}, {"fiscalDateEnding": "2013-12-31", "reportedCurrency": "USD", "grossProfit": "130750", "totalRevenue": "2839462", "costOfRevenue": "2708712", "costofGoodsAndServicesSold": "2708712", "operatingIncome": "-1024033", "sellingGeneralAndAdministrative": "1142988", "researchAndDevelopment": "0", "operatingExpenses": "1154783", "investmentIncomeNet": "None", "netInterestIncome": "None", "interestIncome": "None", "interestExpense": "202206", "nonInterestIncome": "None", "otherNonOperatingIncome": "41396", "depreciation": "None", "depreciationAndAmortization": "11795", "incomeBeforeTax": "-1184843", "incomeTaxExpense": "-21847", "interestAndDebtExpense": "None", "netIncomeFromContinuingOperations": "-1162996", "comprehensiveIncomeNetOfTax": "None", "ebit": "-982637", "ebitda": "-970842", "netIncome": "-1162996"}, {"fiscalDateEnding": "2013-09-30", "reportedCurrency": "USD", "grossProfit": "464616", "totalRevenue": "2605231", "costOfRevenue": "2140615", "costofGoodsAndServicesSold": "2140615", "operatingIncome": "-813487", "sellingGeneralAndAdministrative": "1271575", "researchAndDevelopment": "0", "operatingExpenses": "1278103", "investmentIncomeNet": "None", "netInterestIncome": "None", "interestIncome": "None", "interestExpense": "178679", "nonInterestIncome": "None", "otherNonOperatingIncome": "9476", "depreciation": "None", "depreciationAndAmortization": "6528", "incomeBeforeTax": "-982690", "incomeTaxExpense": "31956", "interestAndDebtExpense": "None", "netIncomeFromContinuingOperations": "-1014646", "comprehensiveIncomeNetOfTax": "None", "ebit": "-804011", "ebitda": "-797483", "netIncome": "-1014646"}, {"fiscalDateEnding": "2013-06-30", "reportedCurrency": "USD", "grossProfit": "226653", "totalRevenue": "2593046", "costOfRevenue": "2366393", "costofGoodsAndServicesSold": "2366393", "operatingIncome": "-1360387", "sellingGeneralAndAdministrative": "1580654", "researchAndDevelopment": "0", "operatingExpenses": "1587040", "investmentIncomeNet": "None", "netInterestIncome": "None", "interestIncome": "None", "interestExpense": "170806", "nonInterestIncome": "None", "otherNonOperatingIncome": "-924", "depreciation": "None", "depreciationAndAmortization": "6386", "incomeBeforeTax": "-1532117", "incomeTaxExpense": "169882", "interestAndDebtExpense": "None", "netIncomeFromContinuingOperations": "-1532117", "comprehensiveIncomeNetOfTax": "None", "ebit": "-1361311", "ebitda": "-1354925", "netIncome": "-1532117"}, {"fiscalDateEnding": "2013-03-31", "reportedCurrency": "USD", "grossProfit": "546808", "totalRevenue": "2529683", "costOfRevenue": "1982875", "costofGoodsAndServicesSold": "1982875", "operatingIncome": "-525083", "sellingGeneralAndAdministrative": "1291393", "researchAndDevelopment": "0", "operatingExpenses": "1071891", "investmentIncomeNet": "None", "netInterestIncome": "None", "interestIncome": "None", "interestExpense": "259995", "nonInterestIncome": "None", "otherNonOperatingIncome": "-246", "depreciation": "None", "depreciationAndAmortization": "6133", "incomeBeforeTax": "-822981", "incomeTaxExpense": "222749", "interestAndDebtExpense": "None", "netIncomeFromContinuingOperations": "-849115", "comprehensiveIncomeNetOfTax": "None", "ebit": "-562329", "ebitda": "-556196", "netIncome": "-822981"}, {"fiscalDateEnding": "2012-12-31", "reportedCurrency": "USD", "grossProfit": "166196", "totalRevenue": "1965153", "costOfRevenue": "1798957", "costofGoodsAndServicesSold": "1798957", "operatingIncome": "-1437225", "sellingGeneralAndAdministrative": "1598373", "researchAndDevelopment": "0", "operatingExpenses": "1603421", "investmentIncomeNet": "None", "netInterestIncome": "None", "interestIncome": "None", "interestExpense": "221239", "nonInterestIncome": "None", "otherNonOperatingIncome": "23768", "depreciation": "None", "depreciationAndAmortization": "5048", "incomeBeforeTax": "-4721401", "incomeTaxExpense": "0", "interestAndDebtExpense": "None", "netIncomeFromContinuingOperations": "-822981", "comprehensiveIncomeNetOfTax": "None", "ebit": "-1437225", "ebitda": "-1432177", "netIncome": "-4721401"}, {"fiscalDateEnding": "2012-09-30", "reportedCurrency": "USD", "grossProfit": "166196", "totalRevenue": "1965153", "costOfRevenue": "1798957", "costofGoodsAndServicesSold": "1798957", "operatingIncome": "-1437225", "sellingGeneralAndAdministrative": "1598373", "researchAndDevelopment": "0", "operatingExpenses": "1603421", "investmentIncomeNet": "None", "netInterestIncome": "None", "interestIncome": "None", "interestExpense": "221239", "nonInterestIncome": "None", "otherNonOperatingIncome": "-3083713", "depreciation": "None", "depreciationAndAmortization": "5048", "incomeBeforeTax": "-4721401", "incomeTaxExpense": "221446", "interestAndDebtExpense": "None", "netIncomeFromContinuingOperations": "-4721401", "comprehensiveIncomeNetOfTax": "None", "ebit": "-1437018", "ebitda": "-1431970", "netIncome": "-4721401"}, {"fiscalDateEnding": "2012-06-30", "reportedCurrency": "USD", "grossProfit": "443778", "totalRevenue": "1649451", "costOfRevenue": "1205673", "costofGoodsAndServicesSold": "1205673", "operatingIncome": "-63026", "sellingGeneralAndAdministrative": "501858", "researchAndDevelopment": "0", "operatingExpenses": "506804", "investmentIncomeNet": "None", "netInterestIncome": "None", "interestIncome": "None", "interestExpense": "224906", "nonInterestIncome": "None", "otherNonOperatingIncome": "-2933779", "depreciation": "None", "depreciationAndAmortization": "4946", "incomeBeforeTax": "-3202026", "incomeTaxExpense": "800", "interestAndDebtExpense": "None", "netIncomeFromContinuingOperations": "-3202826", "comprehensiveIncomeNetOfTax": "None", "ebit": "-62571", "ebitda": "-57625", "netIncome": "-3202826"}, {"fiscalDateEnding": "2012-03-31", "reportedCurrency": "USD", "grossProfit": "406061", "totalRevenue": "1545440", "costOfRevenue": "1139379", "costofGoodsAndServicesSold": "1139379", "operatingIncome": "-269555", "sellingGeneralAndAdministrative": "672841", "researchAndDevelopment": "0", "operatingExpenses": "675616", "investmentIncomeNet": "None", "netInterestIncome": "None", "interestIncome": "None", "interestExpense": "18440", "nonInterestIncome": "None", "otherNonOperatingIncome": "102623", "depreciation": "None", "depreciationAndAmortization": "2775", "incomeBeforeTax": "-423368", "incomeTaxExpense": "3419", "interestAndDebtExpense": "None", "netIncomeFromContinuingOperations": "-157356", "comprehensiveIncomeNetOfTax": "None", "ebit": "-269555", "ebitda": "-266780", "netIncome": "-426787"}, {"fiscalDateEnding": "2011-12-31", "reportedCurrency": "USD", "grossProfit": "334833", "totalRevenue": "1431965", "costOfRevenue": "1097132", "costofGoodsAndServicesSold": "1097132", "operatingIncome": "126202", "sellingGeneralAndAdministrative": "204690", "researchAndDevelopment": "None", "operatingExpenses": "208631", "investmentIncomeNet": "None", "netInterestIncome": "None", "interestIncome": "None", "interestExpense": "68047", "nonInterestIncome": "None", "otherNonOperatingIncome": "None", "depreciation": "None", "depreciationAndAmortization": "3941", "incomeBeforeTax": "58204", "incomeTaxExpense": "3419", "interestAndDebtExpense": "None", "netIncomeFromContinuingOperations": "None", "comprehensiveIncomeNetOfTax": "None", "ebit": "126202", "ebitda": "130143", "netIncome": "58204"}, {"fiscalDateEnding": "2011-09-30", "reportedCurrency": "USD", "grossProfit": "334833", "totalRevenue": "1431965", "costOfRevenue": "1097132", "costofGoodsAndServicesSold": "1097132", "operatingIncome": "126202", "sellingGeneralAndAdministrative": "204690", "researchAndDevelopment": "0", "operatingExpenses": "208631", "investmentIncomeNet": "None", "netInterestIncome": "None", "interestIncome": "None", "interestExpense": "68047", "nonInterestIncome": "None", "otherNonOperatingIncome": "-34326", "depreciation": "None", "depreciationAndAmortization": "3941", "incomeBeforeTax": "58204", "incomeTaxExpense": "68047", "interestAndDebtExpense": "None", "netIncomeFromContinuingOperations": "58204", "comprehensiveIncomeNetOfTax": "None", "ebit": "126202", "ebitda": "130143", "netIncome": "58204"}, {"fiscalDateEnding": "2011-06-30", "reportedCurrency": "USD", "grossProfit": "154371", "totalRevenue": "1093708", "costOfRevenue": "939337", "costofGoodsAndServicesSold": "939337", "operatingIncome": "-83339", "sellingGeneralAndAdministrative": "235130", "researchAndDevelopment": "0", "operatingExpenses": "237710", "investmentIncomeNet": "None", "netInterestIncome": "None", "interestIncome": "None", "interestExpense": "40978", "nonInterestIncome": "None", "otherNonOperatingIncome": "-7891", "depreciation": "None", "depreciationAndAmortization": "2580", "incomeBeforeTax": "-122833", "incomeTaxExpense": "40978", "interestAndDebtExpense": "None", "netIncomeFromContinuingOperations": "-122834", "comprehensiveIncomeNetOfTax": "None", "ebit": "-83339", "ebitda": "-80759", "netIncome": "-122833"}, {"fiscalDateEnding": "2011-03-31", "reportedCurrency": "USD", "grossProfit": "127728", "totalRevenue": "1034926", "costOfRevenue": "907198", "costofGoodsAndServicesSold": "907198", "operatingIncome": "-14069", "sellingGeneralAndAdministrative": "138929", "researchAndDevelopment": "None", "operatingExpenses": "141797", "investmentIncomeNet": "None", "netInterestIncome": "None", "interestIncome": "None", "interestExpense": "41070", "nonInterestIncome": "None", "otherNonOperatingIncome": "None", "depreciation": "None", "depreciationAndAmortization": "2868", "incomeBeforeTax": "-54343", "incomeTaxExpense": "41070", "interestAndDebtExpense": "None", "netIncomeFromContinuingOperations": "None", "comprehensiveIncomeNetOfTax": "None", "ebit": "-14069", "ebitda": "-11201", "netIncome": "-54343"}, {"fiscalDateEnding": "2010-12-31", "reportedCurrency": "USD", "grossProfit": "150959", "totalRevenue": "1019078", "costOfRevenue": "868119", "costofGoodsAndServicesSold": "868119", "operatingIncome": "-3384", "sellingGeneralAndAdministrative": "152013", "researchAndDevelopment": "None", "operatingExpenses": "154343", "investmentIncomeNet": "None", "netInterestIncome": "None", "interestIncome": "None", "interestExpense": "41123", "nonInterestIncome": "None", "otherNonOperatingIncome": "None", "depreciation": "None", "depreciationAndAmortization": "2330", "incomeBeforeTax": "-40215", "incomeTaxExpense": "800", "interestAndDebtExpense": "None", "netIncomeFromContinuingOperations": "None", "comprehensiveIncomeNetOfTax": "None", "ebit": "-3384", "ebitda": "-1054", "netIncome": "-41015"}, {"fiscalDateEnding": "2010-09-30", "reportedCurrency": "USD", "grossProfit": "150959", "totalRevenue": "1019078", "costOfRevenue": "868119", "costofGoodsAndServicesSold": "868119", "operatingIncome": "-3384", "sellingGeneralAndAdministrative": "152013", "researchAndDevelopment": "None", "operatingExpenses": "154343", "investmentIncomeNet": "None", "netInterestIncome": "None", "interestIncome": "None", "interestExpense": "31748", "nonInterestIncome": "None", "otherNonOperatingIncome": "None", "depreciation": "None", "depreciationAndAmortization": "2331", "incomeBeforeTax": "-40215", "incomeTaxExpense": "800", "interestAndDebtExpense": "None", "netIncomeFromContinuingOperations": "None", "comprehensiveIncomeNetOfTax": "None", "ebit": "-3384", "ebitda": "-1053", "netIncome": "-41015"}, {"fiscalDateEnding": "2010-06-30", "reportedCurrency": "USD", "grossProfit": "174976", "totalRevenue": "1039695", "costOfRevenue": "864719", "costofGoodsAndServicesSold": "864719", "operatingIncome": "-18533", "sellingGeneralAndAdministrative": "190516", "researchAndDevelopment": "None", "operatingExpenses": "193509", "investmentIncomeNet": "None", "netInterestIncome": "None", "interestIncome": "None", "interestExpense": "31465", "nonInterestIncome": "None", "otherNonOperatingIncome": "None", "depreciation": "None", "depreciationAndAmortization": "2993", "incomeBeforeTax": "-60130", "incomeTaxExpense": "31465", "interestAndDebtExpense": "None", "netIncomeFromContinuingOperations": "None", "comprehensiveIncomeNetOfTax": "None", "ebit": "-18533", "ebitda": "-15540", "netIncome": "-60130"}, {"fiscalDateEnding": "2010-03-31", "reportedCurrency": "USD", "grossProfit": "190838", "totalRevenue": "742352", "costOfRevenue": "551514", "costofGoodsAndServicesSold": "551514", "operatingIncome": "-74663", "sellingGeneralAndAdministrative": "260094", "researchAndDevelopment": "None", "operatingExpenses": "265501", "investmentIncomeNet": "None", "netInterestIncome": "None", "interestIncome": "None", "interestExpense": "67520", "nonInterestIncome": "None", "otherNonOperatingIncome": "None", "depreciation": "None", "depreciationAndAmortization": "5405", "incomeBeforeTax": "-116882", "incomeTaxExpense": "-800", "interestAndDebtExpense": "None", "netIncomeFromContinuingOperations": "None", "comprehensiveIncomeNetOfTax": "None", "ebit": "-74660", "ebitda": "-69255", "netIncome": "-9996"}, {"fiscalDateEnding": "2009-12-31", "reportedCurrency": "USD", "grossProfit": "161792", "totalRevenue": "616975", "costOfRevenue": "455183", "costofGoodsAndServicesSold": "455183", "operatingIncome": "12613", "sellingGeneralAndAdministrative": "139557", "researchAndDevelopment": "None", "operatingExpenses": "149179", "investmentIncomeNet": "None", "netInterestIncome": "None", "interestIncome": "None", "interestExpense": "15738", "nonInterestIncome": "None", "otherNonOperatingIncome": "None", "depreciation": "None", "depreciationAndAmortization": "9622", "incomeBeforeTax": "-28125", "incomeTaxExpense": "800", "interestAndDebtExpense": "None", "netIncomeFromContinuingOperations": "None", "comprehensiveIncomeNetOfTax": "None", "ebit": "12613", "ebitda": "22235", "netIncome": "-82086"}, {"fiscalDateEnding": "2009-09-30", "reportedCurrency": "USD", "grossProfit": "161792", "totalRevenue": "616975", "costOfRevenue": "455183", "costofGoodsAndServicesSold": "455183", "operatingIncome": "12613", "sellingGeneralAndAdministrative": "139557", "researchAndDevelopment": "None", "operatingExpenses": "149179", "investmentIncomeNet": "None", "netInterestIncome": "None", "interestIncome": "None", "interestExpense": "40738", "nonInterestIncome": "None", "otherNonOperatingIncome": "None", "depreciation": "None", "depreciationAndAmortization": "9623", "incomeBeforeTax": "-28125", "incomeTaxExpense": "800", "interestAndDebtExpense": "None", "netIncomeFromContinuingOperations": "None", "comprehensiveIncomeNetOfTax": "None", "ebit": "12613", "ebitda": "22236", "netIncome": "-28925"}, {"fiscalDateEnding": "2009-06-30", "reportedCurrency": "USD", "grossProfit": "193250", "totalRevenue": "580942", "costOfRevenue": "387692", "costofGoodsAndServicesSold": "387692", "operatingIncome": "60807", "sellingGeneralAndAdministrative": "122105", "researchAndDevelopment": "None", "operatingExpenses": "132443", "investmentIncomeNet": "None", "netInterestIncome": "None", "interestIncome": "None", "interestExpense": "4958", "nonInterestIncome": "None", "otherNonOperatingIncome": "None", "depreciation": "None", "depreciationAndAmortization": "10337", "incomeBeforeTax": "55849", "incomeTaxExpense": "1", "interestAndDebtExpense": "None", "netIncomeFromContinuingOperations": "None", "comprehensiveIncomeNetOfTax": "None", "ebit": "60808", "ebitda": "71145", "netIncome": "55849"}, {"fiscalDateEnding": "2009-03-31", "reportedCurrency": "USD", "grossProfit": "-83051", "totalRevenue": "557751", "costOfRevenue": "640802", "costofGoodsAndServicesSold": "640802", "operatingIncome": "-112778", "sellingGeneralAndAdministrative": "172562", "researchAndDevelopment": "None", "operatingExpenses": "29727", "investmentIncomeNet": "None", "netInterestIncome": "None", "interestIncome": "None", "interestExpense": "4849", "nonInterestIncome": "None", "otherNonOperatingIncome": "None", "depreciation": "None", "depreciationAndAmortization": "9784", "incomeBeforeTax": "-139122", "incomeTaxExpense": "-46250", "interestAndDebtExpense": "None", "netIncomeFromContinuingOperations": "None", "comprehensiveIncomeNetOfTax": "None", "ebit": "-159028", "ebitda": "-149244", "netIncome": "-139122"}, {"fiscalDateEnding": "2008-12-31", "reportedCurrency": "USD", "grossProfit": "117313", "totalRevenue": "479808", "costOfRevenue": "362495", "costofGoodsAndServicesSold": "362495", "operatingIncome": "-297647", "sellingGeneralAndAdministrative": "404964", "researchAndDevelopment": "None", "operatingExpenses": "414960", "investmentIncomeNet": "None", "netInterestIncome": "None", "interestIncome": "None", "interestExpense": "28856", "nonInterestIncome": "None", "otherNonOperatingIncome": "None", "depreciation": "None", "depreciationAndAmortization": "9784", "incomeBeforeTax": "-326503", "incomeTaxExpense": "None", "interestAndDebtExpense": "None", "netIncomeFromContinuingOperations": "None", "comprehensiveIncomeNetOfTax": "None", "ebit": "-112778", "ebitda": "-287651", "netIncome": "-326503"}, {"fiscalDateEnding": "2008-09-30", "reportedCurrency": "USD", "grossProfit": "-8797", "totalRevenue": "479808", "costOfRevenue": "488605", "costofGoodsAndServicesSold": "488605", "operatingIncome": "-297647", "sellingGeneralAndAdministrative": "404964", "researchAndDevelopment": "None", "operatingExpenses": "288850", "investmentIncomeNet": "None", "netInterestIncome": "None", "interestIncome": "None", "interestExpense": "5356", "nonInterestIncome": "None", "otherNonOperatingIncome": "None", "depreciation": "None", "depreciationAndAmortization": "9996", "incomeBeforeTax": "-326503", "incomeTaxExpense": "-36356", "interestAndDebtExpense": "None", "netIncomeFromContinuingOperations": "None", "comprehensiveIncomeNetOfTax": "None", "ebit": "-297647", "ebitda": "-287651", "netIncome": "-284791"}, {"fiscalDateEnding": "2008-06-30", "reportedCurrency": "USD", "grossProfit": "-5825", "totalRevenue": "9795", "costOfRevenue": "15620", "costofGoodsAndServicesSold": "15620", "operatingIncome": "-336805", "sellingGeneralAndAdministrative": "355681", "researchAndDevelopment": "None", "operatingExpenses": "330980", "investmentIncomeNet": "None", "netInterestIncome": "None", "interestIncome": "None", "interestExpense": "16250", "nonInterestIncome": "None", "otherNonOperatingIncome": "None", "depreciation": "None", "depreciationAndAmortization": "None", "incomeBeforeTax": "-353055", "incomeTaxExpense": "800", "interestAndDebtExpense": "None", "netIncomeFromContinuingOperations": "None", "comprehensiveIncomeNetOfTax": "None", "ebit": "-349846", "ebitda": "-336805", "netIncome": "-353055"}, {"fiscalDateEnding": "2008-03-31", "reportedCurrency": "USD", "grossProfit": "10000", "totalRevenue": "10000", "costOfRevenue": "None", "costofGoodsAndServicesSold": "None", "operatingIncome": "-9902", "sellingGeneralAndAdministrative": "83134", "researchAndDevelopment": "None", "operatingExpenses": "9902", "investmentIncomeNet": "None", "netInterestIncome": "None", "interestIncome": "None", "interestExpense": "9902", "nonInterestIncome": "None", "otherNonOperatingIncome": "None", "depreciation": "None", "depreciationAndAmortization": "None", "incomeBeforeTax": "-73134", "incomeTaxExpense": "9902", "interestAndDebtExpense": "None", "netIncomeFromContinuingOperations": "None", "comprehensiveIncomeNetOfTax": "None", "ebit": "None", "ebitda": "-9902", "netIncome": "-9902"}, {"fiscalDateEnding": "2007-12-31", "reportedCurrency": "USD", "grossProfit": "None", "totalRevenue": "None", "costOfRevenue": "None", "costofGoodsAndServicesSold": "None", "operatingIncome": "-9902", "sellingGeneralAndAdministrative": "9902", "researchAndDevelopment": "None", "operatingExpenses": "9902", "investmentIncomeNet": "None", "netInterestIncome": "None", "interestIncome": "None", "interestExpense": "None", "nonInterestIncome": "None", "otherNonOperatingIncome": "None", "depreciation": "None", "depreciationAndAmortization": "None", "incomeBeforeTax": "None", "incomeTaxExpense": "None", "interestAndDebtExpense": "None", "netIncomeFromContinuingOperations": "None", "comprehensiveIncomeNetOfTax": "None", "ebit": "None", "ebitda": "-9902", "netIncome": "-9902"}, {"fiscalDateEnding": "2007-09-30", "reportedCurrency": "USD", "grossProfit": "None", "totalRevenue": "None", "costOfRevenue": "None", "costofGoodsAndServicesSold": "None", "operatingIncome": "-6096", "sellingGeneralAndAdministrative": "6096", "researchAndDevelopment": "None", "operatingExpenses": "6096", "investmentIncomeNet": "None", "netInterestIncome": "None", "interestIncome": "None", "interestExpense": "6096", "nonInterestIncome": "None", "otherNonOperatingIncome": "None", "depreciation": "None", "depreciationAndAmortization": "None", "incomeBeforeTax": "-6096", "incomeTaxExpense": "6096", "interestAndDebtExpense": "None", "netIncomeFromContinuingOperations": "None", "comprehensiveIncomeNetOfTax": "None", "ebit": "None", "ebitda": "-6096", "netIncome": "-6096"}, {"fiscalDateEnding": "2007-06-30", "reportedCurrency": "USD", "grossProfit": "7625", "totalRevenue": "26500", "costOfRevenue": "18875", "costofGoodsAndServicesSold": "18875", "operatingIncome": "-59368", "sellingGeneralAndAdministrative": "8955", "researchAndDevelopment": "None", "operatingExpenses": "66993", "investmentIncomeNet": "None", "netInterestIncome": "None", "interestIncome": "None", "interestExpense": "8955", "nonInterestIncome": "None", "otherNonOperatingIncome": "None", "depreciation": "None", "depreciationAndAmortization": "None", "incomeBeforeTax": "-59368", "incomeTaxExpense": "8955", "interestAndDebtExpense": "None", "netIncomeFromContinuingOperations": "None", "comprehensiveIncomeNetOfTax": "None", "ebit": "None", "ebitda": "-59368", "netIncome": "-59368"}, {"fiscalDateEnding": "2007-03-31", "reportedCurrency": "USD", "grossProfit": "None", "totalRevenue": "None", "costOfRevenue": "None", "costofGoodsAndServicesSold": "None", "operatingIncome": "-7986", "sellingGeneralAndAdministrative": "7986", "researchAndDevelopment": "None", "operatingExpenses": "7986", "investmentIncomeNet": "None", "netInterestIncome": "None", "interestIncome": "None", "interestExpense": "7986", "nonInterestIncome": "None", "otherNonOperatingIncome": "None", "depreciation": "None", "depreciationAndAmortization": "None", "incomeBeforeTax": "-7986", "incomeTaxExpense": "7986", "interestAndDebtExpense": "None", "netIncomeFromContinuingOperations": "None", "comprehensiveIncomeNetOfTax": "None", "ebit": "None", "ebitda": "-7986", "netIncome": "-7986"}, {"fiscalDateEnding": "2006-12-31", "reportedCurrency": "USD", "grossProfit": "None", "totalRevenue": "None", "costOfRevenue": "None", "costofGoodsAndServicesSold": "None", "operatingIncome": "-7986", "sellingGeneralAndAdministrative": "7986", "researchAndDevelopment": "None", "operatingExpenses": "7986", "investmentIncomeNet": "None", "netInterestIncome": "None", "interestIncome": "None", "interestExpense": "None", "nonInterestIncome": "None", "otherNonOperatingIncome": "None", "depreciation": "None", "depreciationAndAmortization": "None", "incomeBeforeTax": "None", "incomeTaxExpense": "None", "interestAndDebtExpense": "None", "netIncomeFromContinuingOperations": "None", "comprehensiveIncomeNetOfTax": "None", "ebit": "None", "ebitda": "-7986", "netIncome": "-7986"}, {"fiscalDateEnding": "2006-09-30", "reportedCurrency": "USD", "grossProfit": "None", "totalRevenue": "None", "costOfRevenue": "None", "costofGoodsAndServicesSold": "None", "operatingIncome": "-7209", "sellingGeneralAndAdministrative": "7209", "researchAndDevelopment": "None", "operatingExpenses": "7209", "investmentIncomeNet": "None", "netInterestIncome": "None", "interestIncome": "None", "interestExpense": "7209", "nonInterestIncome": "None", "otherNonOperatingIncome": "None", "depreciation": "None", "depreciationAndAmortization": "None", "incomeBeforeTax": "-7209", "incomeTaxExpense": "7209", "interestAndDebtExpense": "None", "netIncomeFromContinuingOperations": "None", "comprehensiveIncomeNetOfTax": "None", "ebit": "None", "ebitda": "-7209", "netIncome": "-7209"}, {"fiscalDateEnding": "2006-06-30", "reportedCurrency": "USD", "grossProfit": "None", "totalRevenue": "None", "costOfRevenue": "None", "costofGoodsAndServicesSold": "None", "operatingIncome": "-7458", "sellingGeneralAndAdministrative": "7458", "researchAndDevelopment": "None", "operatingExpenses": "7458", "investmentIncomeNet": "None", "netInterestIncome": "None", "interestIncome": "None", "interestExpense": "7458", "nonInterestIncome": "None", "otherNonOperatingIncome": "None", "depreciation": "None", "depreciationAndAmortization": "None", "incomeBeforeTax": "-7458", "incomeTaxExpense": "7458", "interestAndDebtExpense": "None", "netIncomeFromContinuingOperations": "None", "comprehensiveIncomeNetOfTax": "None", "ebit": "None", "ebitda": "-7458", "netIncome": "-7458"}, {"fiscalDateEnding": "2006-03-31", "reportedCurrency": "USD", "grossProfit": "None", "totalRevenue": "None", "costOfRevenue": "None", "costofGoodsAndServicesSold": "None", "operatingIncome": "-3256", "sellingGeneralAndAdministrative": "3256", "researchAndDevelopment": "None", "operatingExpenses": "3256", "investmentIncomeNet": "None", "netInterestIncome": "None", "interestIncome": "None", "interestExpense": "3256", "nonInterestIncome": "None", "otherNonOperatingIncome": "None", "depreciation": "None", "depreciationAndAmortization": "None", "incomeBeforeTax": "-3256", "incomeTaxExpense": "3256", "interestAndDebtExpense": "None", "netIncomeFromContinuingOperations": "None", "comprehensiveIncomeNetOfTax": "None", "ebit": "None", "ebitda": "-3256", "netIncome": "-3256"}, {"fiscalDateEnding": "2005-12-31", "reportedCurrency": "USD", "grossProfit": "None", "totalRevenue": "None", "costOfRevenue": "None", "costofGoodsAndServicesSold": "None", "operatingIncome": "-3256", "sellingGeneralAndAdministrative": "3256", "researchAndDevelopment": "None", "operatingExpenses": "3256", "investmentIncomeNet": "None", "netInterestIncome": "None", "interestIncome": "None", "interestExpense": "None", "nonInterestIncome": "None", "otherNonOperatingIncome": "None", "depreciation": "None", "depreciationAndAmortization": "None", "incomeBeforeTax": "None", "incomeTaxExpense": "None", "interestAndDebtExpense": "None", "netIncomeFromContinuingOperations": "None", "comprehensiveIncomeNetOfTax": "None", "ebit": "None", "ebitda": "-3256", "netIncome": "-3256"}, {"fiscalDateEnding": "2005-09-30", "reportedCurrency": "USD", "grossProfit": "None", "totalRevenue": "None", "costOfRevenue": "None", "costofGoodsAndServicesSold": "None", "operatingIncome": "-4267", "sellingGeneralAndAdministrative": "4267", "researchAndDevelopment": "None", "operatingExpenses": "4267", "investmentIncomeNet": "None", "netInterestIncome": "None", "interestIncome": "None", "interestExpense": "4267", "nonInterestIncome": "None", "otherNonOperatingIncome": "None", "depreciation": "None", "depreciationAndAmortization": "None", "incomeBeforeTax": "-4267", "incomeTaxExpense": "4267", "interestAndDebtExpense": "None", "netIncomeFromContinuingOperations": "None", "comprehensiveIncomeNetOfTax": "None", "ebit": "None", "ebitda": "-4267", "netIncome": "-4267"}]}