{"symbol": "ALVO", "annualReports": [{"fiscalDateEnding": "2024-12-31", "reportedCurrency": "USD", "grossProfit": "304373000", "totalRevenue": "489682000", "costOfRevenue": "185309000", "costofGoodsAndServicesSold": "185309000", "operatingIncome": "69644000", "sellingGeneralAndAdministrative": "61454000", "researchAndDevelopment": "171312000", "operatingExpenses": "234729000", "investmentIncomeNet": "None", "netInterestIncome": "-152984000", "interestIncome": "4617000", "interestExpense": "157601000", "nonInterestIncome": "None", "otherNonOperatingIncome": "None", "depreciation": "None", "depreciationAndAmortization": "31301000", "incomeBeforeTax": "-217563000", "incomeTaxExpense": "14301000", "interestAndDebtExpense": "None", "netIncomeFromContinuingOperations": "-231864000", "comprehensiveIncomeNetOfTax": "None", "ebit": "-63576000", "ebitda": "-32275000", "netIncome": "-231864000"}, {"fiscalDateEnding": "2023-12-31", "reportedCurrency": "USD", "grossProfit": "-69422000", "totalRevenue": "91434000", "costOfRevenue": "160856000", "costofGoodsAndServicesSold": "160856000", "operatingIncome": "-354860000", "sellingGeneralAndAdministrative": "73038000", "researchAndDevelopment": "210827000", "operatingExpenses": "285438000", "investmentIncomeNet": "None", "netInterestIncome": "-130001000", "interestIncome": "4823000", "interestExpense": "134824000", "nonInterestIncome": "None", "otherNonOperatingIncome": "None", "depreciation": "None", "depreciationAndAmortization": "24210000", "incomeBeforeTax": "-651049000", "incomeTaxExpense": "-99318000", "interestAndDebtExpense": "None", "netIncomeFromContinuingOperations": "-551731000", "comprehensiveIncomeNetOfTax": "None", "ebit": "-517882000", "ebitda": "-493672000", "netIncome": "-551731000"}, {"fiscalDateEnding": "2022-12-31", "reportedCurrency": "USD", "grossProfit": "18934000", "totalRevenue": "83029000", "costOfRevenue": "64095000", "costofGoodsAndServicesSold": "64095000", "operatingIncome": "-346442000", "sellingGeneralAndAdministrative": "186742000", "researchAndDevelopment": "180622000", "operatingExpenses": "365376000", "investmentIncomeNet": "None", "netInterestIncome": "-90526000", "interestIncome": "912000", "interestExpense": "91438000", "nonInterestIncome": "None", "otherNonOperatingIncome": "None", "depreciation": "None", "depreciationAndAmortization": "20409000", "incomeBeforeTax": "-551647000", "incomeTaxExpense": "-38067000", "interestAndDebtExpense": "None", "netIncomeFromContinuingOperations": "-513580000", "comprehensiveIncomeNetOfTax": "None", "ebit": "-460209000", "ebitda": "-439800000", "netIncome": "-513580000"}, {"fiscalDateEnding": "2021-12-31", "reportedCurrency": "USD", "grossProfit": "36772000", "totalRevenue": "36772000", "costOfRevenue": "0", "costofGoodsAndServicesSold": "0", "operatingIncome": "-235456000", "sellingGeneralAndAdministrative": "84134000", "researchAndDevelopment": "191006000", "operatingExpenses": "272228000", "investmentIncomeNet": "None", "netInterestIncome": "-114538000", "interestIncome": "19000", "interestExpense": "112971000", "nonInterestIncome": "None", "otherNonOperatingIncome": "None", "depreciation": "None", "depreciationAndAmortization": "18196000", "incomeBeforeTax": "-149198000", "incomeTaxExpense": "-47694000", "interestAndDebtExpense": "None", "netIncomeFromContinuingOperations": "-101504000", "comprehensiveIncomeNetOfTax": "None", "ebit": "-36227000", "ebitda": "-18031000", "netIncome": "-101504000"}, {"fiscalDateEnding": "2020-12-31", "reportedCurrency": "USD", "grossProfit": "66616000", "totalRevenue": "66616000", "costOfRevenue": "0", "costofGoodsAndServicesSold": "0", "operatingIncome": "-137537000", "sellingGeneralAndAdministrative": "58914000", "researchAndDevelopment": "148072000", "operatingExpenses": "204153000", "investmentIncomeNet": "None", "netInterestIncome": "-100513000", "interestIncome": "215000", "interestExpense": "97466000", "nonInterestIncome": "None", "otherNonOperatingIncome": "None", "depreciation": "None", "depreciationAndAmortization": "16419000", "incomeBeforeTax": "-291770000", "incomeTaxExpense": "-121726000", "interestAndDebtExpense": "None", "netIncomeFromContinuingOperations": "-170044000", "comprehensiveIncomeNetOfTax": "None", "ebit": "-194304000", "ebitda": "-177885000", "netIncome": "-170044000"}, {"fiscalDateEnding": "2019-12-31", "reportedCurrency": "USD", "grossProfit": "31918000", "totalRevenue": "31918000", "costOfRevenue": "None", "costofGoodsAndServicesSold": "None", "operatingIncome": "-61448000", "sellingGeneralAndAdministrative": "48566000", "researchAndDevelopment": "95557000", "operatingExpenses": "93366000", "investmentIncomeNet": "None", "netInterestIncome": "-96835000", "interestIncome": "1738000", "interestExpense": "95755000", "nonInterestIncome": "None", "otherNonOperatingIncome": "None", "depreciation": "None", "depreciationAndAmortization": "14607000", "incomeBeforeTax": "-209385000", "incomeTaxExpense": "491000", "interestAndDebtExpense": "None", "netIncomeFromContinuingOperations": "-209876000", "comprehensiveIncomeNetOfTax": "None", "ebit": "-113630000", "ebitda": "-99023000", "netIncome": "-209876000"}], "quarterlyReports": [{"fiscalDateEnding": "2025-09-30", "reportedCurrency": "USD", "grossProfit": "78925000", "totalRevenue": "113953000", "costOfRevenue": "35028000", "costofGoodsAndServicesSold": "35028000", "operatingIncome": "1361000", "sellingGeneralAndAdministrative": "25953000", "researchAndDevelopment": "51611000", "operatingExpenses": "77564000", "investmentIncomeNet": "None", "netInterestIncome": "133167000", "interestIncome": "169426000", "interestExpense": "36259000", "nonInterestIncome": "None", "otherNonOperatingIncome": "None", "depreciation": "None", "depreciationAndAmortization": "2324000", "incomeBeforeTax": "-6031000", "incomeTaxExpense": "-813000", "interestAndDebtExpense": "None", "netIncomeFromContinuingOperations": "-5252000", "comprehensiveIncomeNetOfTax": "None", "ebit": "1361000", "ebitda": "3685000", "netIncome": "-5218000"}, {"fiscalDateEnding": "2025-06-30", "reportedCurrency": "USD", "grossProfit": "99414000", "totalRevenue": "173239000", "costOfRevenue": "73825000", "costofGoodsAndServicesSold": "73825000", "operatingIncome": "18057000", "sellingGeneralAndAdministrative": "26740000", "researchAndDevelopment": "54719000", "operatingExpenses": "81357000", "investmentIncomeNet": "None", "netInterestIncome": "-161698000", "interestIncome": "125047000", "interestExpense": "36651000", "nonInterestIncome": "None", "otherNonOperatingIncome": "None", "depreciation": "None", "depreciationAndAmortization": "8897000", "incomeBeforeTax": "9310000", "incomeTaxExpense": "-22728000", "interestAndDebtExpense": "None", "netIncomeFromContinuingOperations": "32038000", "comprehensiveIncomeNetOfTax": "None", "ebit": "42845000", "ebitda": "51742000", "netIncome": "32038000"}, {"fiscalDateEnding": "2025-03-31", "reportedCurrency": "USD", "grossProfit": "67318000", "totalRevenue": "132765000", "costOfRevenue": "65447000", "costofGoodsAndServicesSold": "65447000", "operatingIncome": "10582000", "sellingGeneralAndAdministrative": "18607000", "researchAndDevelopment": "38170000", "operatingExpenses": "56736000", "investmentIncomeNet": "None", "netInterestIncome": "90769000", "interestIncome": "126308000", "interestExpense": "35539000", "nonInterestIncome": "None", "otherNonOperatingIncome": "None", "depreciation": "None", "depreciationAndAmortization": "8259000", "incomeBeforeTax": "93421000", "incomeTaxExpense": "-16259000", "interestAndDebtExpense": "None", "netIncomeFromContinuingOperations": "109680000", "comprehensiveIncomeNetOfTax": "None", "ebit": "128960000", "ebitda": "137219000", "netIncome": "109680000"}, {"fiscalDateEnding": "2024-12-31", "reportedCurrency": "USD", "grossProfit": "70875000", "totalRevenue": "151205000", "costOfRevenue": "80330000", "costofGoodsAndServicesSold": "80330000", "operatingIncome": "13471000", "sellingGeneralAndAdministrative": "15019000", "researchAndDevelopment": "40262000", "operatingExpenses": "57404000", "investmentIncomeNet": "None", "netInterestIncome": "5620000", "interestIncome": "74462000", "interestExpense": "159198000", "nonInterestIncome": "None", "otherNonOperatingIncome": "None", "depreciation": "None", "depreciationAndAmortization": "8154999", "incomeBeforeTax": "-44441000", "incomeTaxExpense": "22526000", "interestAndDebtExpense": "None", "netIncomeFromContinuingOperations": "-66967000", "comprehensiveIncomeNetOfTax": "None", "ebit": "-128136999", "ebitda": "-119982000", "netIncome": "-66967000"}, {"fiscalDateEnding": "2024-09-30", "reportedCurrency": "USD", "grossProfit": "63075000", "totalRevenue": "102887000", "costOfRevenue": "39812000", "costofGoodsAndServicesSold": "39812000", "operatingIncome": "12726000", "sellingGeneralAndAdministrative": "16881000", "researchAndDevelopment": "33571000", "operatingExpenses": "50349000", "investmentIncomeNet": "None", "netInterestIncome": "-13309000", "interestIncome": "77372000", "interestExpense": "90681000", "nonInterestIncome": "None", "otherNonOperatingIncome": "None", "depreciation": "None", "depreciationAndAmortization": "8398000", "incomeBeforeTax": "-24750000", "incomeTaxExpense": "-13357000", "interestAndDebtExpense": "None", "netIncomeFromContinuingOperations": "-11393000", "comprehensiveIncomeNetOfTax": "None", "ebit": "129820000", "ebitda": "138218000", "netIncome": "-11393000"}, {"fiscalDateEnding": "2024-06-30", "reportedCurrency": "USD", "grossProfit": "153543000", "totalRevenue": "198753000", "costOfRevenue": "45210000", "costofGoodsAndServicesSold": "45210000", "operatingIncome": "91866000", "sellingGeneralAndAdministrative": "14066000", "researchAndDevelopment": "47611000", "operatingExpenses": "61677000", "investmentIncomeNet": "None", "netInterestIncome": "37985000", "interestIncome": "924000", "interestExpense": "42055000", "nonInterestIncome": "None", "otherNonOperatingIncome": "None", "depreciation": "None", "depreciationAndAmortization": "7558000", "incomeBeforeTax": "76795000", "incomeTaxExpense": "11570000", "interestAndDebtExpense": "None", "netIncomeFromContinuingOperations": "65225000", "comprehensiveIncomeNetOfTax": "None", "ebit": "-24155000", "ebitda": "-16597000", "netIncome": "65225000"}, {"fiscalDateEnding": "2024-03-31", "reportedCurrency": "USD", "grossProfit": "16895000", "totalRevenue": "36852000", "costOfRevenue": "19957000", "costofGoodsAndServicesSold": "19957000", "operatingIncome": "-48419000", "sellingGeneralAndAdministrative": "15488000", "researchAndDevelopment": "49868000", "operatingExpenses": "65314000", "investmentIncomeNet": "None", "netInterestIncome": "-183280000", "interestIncome": "783000", "interestExpense": "184063000", "nonInterestIncome": "None", "otherNonOperatingIncome": "None", "depreciation": "None", "depreciationAndAmortization": "7190000", "incomeBeforeTax": "-225167000", "incomeTaxExpense": "-6438000", "interestAndDebtExpense": "None", "netIncomeFromContinuingOperations": "-218729000", "comprehensiveIncomeNetOfTax": "None", "ebit": "-41104000", "ebitda": "-33914000", "netIncome": "-218729000"}, {"fiscalDateEnding": "2023-12-31", "reportedCurrency": "USD", "grossProfit": "-1137000", "totalRevenue": "55282000", "costOfRevenue": "56419000", "costofGoodsAndServicesSold": "56419000", "operatingIncome": "-77152000", "sellingGeneralAndAdministrative": "18001000", "researchAndDevelopment": "58014000", "operatingExpenses": "74123000", "investmentIncomeNet": "None", "netInterestIncome": "-68558000", "interestIncome": "41560000", "interestExpense": "68558000", "nonInterestIncome": "None", "otherNonOperatingIncome": "None", "depreciation": "None", "depreciationAndAmortization": "6725000", "incomeBeforeTax": "-308799000", "incomeTaxExpense": "-32241999", "interestAndDebtExpense": "None", "netIncomeFromContinuingOperations": "-276557000", "comprehensiveIncomeNetOfTax": "None", "ebit": "-283458000", "ebitda": "-276733000", "netIncome": "-276557000"}, {"fiscalDateEnding": "2023-09-30", "reportedCurrency": "USD", "grossProfit": "-18739000", "totalRevenue": "17789000", "costOfRevenue": "36528000", "costofGoodsAndServicesSold": "36528000", "operatingIncome": "-88607000", "sellingGeneralAndAdministrative": "16648000", "researchAndDevelopment": "53231000", "operatingExpenses": "69868000", "investmentIncomeNet": "None", "netInterestIncome": "-6001000", "interestIncome": "43431000", "interestExpense": "49833000", "nonInterestIncome": "None", "otherNonOperatingIncome": "None", "depreciation": "None", "depreciationAndAmortization": "6551000", "incomeBeforeTax": "-205542000", "incomeTaxExpense": "-17222000", "interestAndDebtExpense": "None", "netIncomeFromContinuingOperations": "-188320000", "comprehensiveIncomeNetOfTax": "None", "ebit": "-155709000", "ebitda": "-149158000", "netIncome": "-188320000"}, {"fiscalDateEnding": "2023-06-30", "reportedCurrency": "USD", "grossProfit": "-24397000", "totalRevenue": "4417000", "costOfRevenue": "28814000", "costofGoodsAndServicesSold": "28814000", "operatingIncome": "-92827000", "sellingGeneralAndAdministrative": "19712000", "researchAndDevelopment": "48718000", "operatingExpenses": "68404000", "investmentIncomeNet": "None", "netInterestIncome": "150932000", "interestIncome": "1726000", "interestExpense": "149607000", "nonInterestIncome": "None", "otherNonOperatingIncome": "None", "depreciation": "None", "depreciationAndAmortization": "6093000", "incomeBeforeTax": "168852000", "incomeTaxExpense": "-20474000", "interestAndDebtExpense": "None", "netIncomeFromContinuingOperations": "189326000", "comprehensiveIncomeNetOfTax": "None", "ebit": "19245000", "ebitda": "25338000", "netIncome": "189326000"}, {"fiscalDateEnding": "2023-03-31", "reportedCurrency": "USD", "grossProfit": "-23231000", "totalRevenue": "15864000", "costOfRevenue": "39095000", "costofGoodsAndServicesSold": "39095000", "operatingIncome": "-96274000", "sellingGeneralAndAdministrative": "22198000", "researchAndDevelopment": "50864000", "operatingExpenses": "73043000", "investmentIncomeNet": "None", "netInterestIncome": "-206374000", "interestIncome": "1226000", "interestExpense": "207600000", "nonInterestIncome": "None", "otherNonOperatingIncome": "None", "depreciation": "None", "depreciationAndAmortization": "4841000", "incomeBeforeTax": "-305560000", "incomeTaxExpense": "-29380000", "interestAndDebtExpense": "None", "netIncomeFromContinuingOperations": "-276180000", "comprehensiveIncomeNetOfTax": "None", "ebit": "-96796000", "ebitda": "-91955000", "netIncome": "-276180000"}, {"fiscalDateEnding": "2022-12-31", "reportedCurrency": "USD", "grossProfit": "-4875000", "totalRevenue": "23858000", "costOfRevenue": "28733000", "costofGoodsAndServicesSold": "28733000", "operatingIncome": "-80788000", "sellingGeneralAndAdministrative": "30222000", "researchAndDevelopment": "47482000", "operatingExpenses": "75913000", "investmentIncomeNet": "None", "netInterestIncome": "-118625000", "interestIncome": "96387000", "interestExpense": "119219000", "nonInterestIncome": "None", "otherNonOperatingIncome": "None", "depreciation": "None", "depreciationAndAmortization": "5325000", "incomeBeforeTax": "-343803000", "incomeTaxExpense": "-23296000", "interestAndDebtExpense": "None", "netIncomeFromContinuingOperations": "-320507000", "comprehensiveIncomeNetOfTax": "None", "ebit": "-224584000", "ebitda": "-219259000", "netIncome": "-320507000"}, {"fiscalDateEnding": "2022-09-30", "reportedCurrency": "USD", "grossProfit": "-3603000", "totalRevenue": "19053000", "costOfRevenue": "22656000", "costofGoodsAndServicesSold": "22656000", "operatingIncome": "-62125000", "sellingGeneralAndAdministrative": "17373000", "researchAndDevelopment": "41149000", "operatingExpenses": "58522000", "investmentIncomeNet": "None", "netInterestIncome": "73027000", "interestIncome": "97251000", "interestExpense": "16794000", "nonInterestIncome": "None", "otherNonOperatingIncome": "None", "depreciation": "None", "depreciationAndAmortization": "5107000", "incomeBeforeTax": "-6300000", "incomeTaxExpense": "2302000", "interestAndDebtExpense": "None", "netIncomeFromContinuingOperations": "-8602000", "comprehensiveIncomeNetOfTax": "None", "ebit": "10494000", "ebitda": "15601000", "netIncome": "-8602000"}, {"fiscalDateEnding": "2022-06-30", "reportedCurrency": "USD", "grossProfit": "23601000", "totalRevenue": "39666000", "costOfRevenue": "16065000", "costofGoodsAndServicesSold": "16065000", "operatingIncome": "-131318000", "sellingGeneralAndAdministrative": "114974000", "researchAndDevelopment": "39746000", "operatingExpenses": "154919000", "investmentIncomeNet": "None", "netInterestIncome": "-24994000", "interestIncome": "44000", "interestExpense": "18527000", "nonInterestIncome": "None", "otherNonOperatingIncome": "None", "depreciation": "None", "depreciationAndAmortization": "5286000", "incomeBeforeTax": "-106406000", "incomeTaxExpense": "1086000", "interestAndDebtExpense": "None", "netIncomeFromContinuingOperations": "-107492000", "comprehensiveIncomeNetOfTax": "None", "ebit": "-87879000", "ebitda": "-82593000", "netIncome": "-107492000"}, {"fiscalDateEnding": "2022-03-31", "reportedCurrency": "USD", "grossProfit": "-1296000", "totalRevenue": "452000", "costOfRevenue": "1748000", "costofGoodsAndServicesSold": "1748000", "operatingIncome": "-72266000", "sellingGeneralAndAdministrative": "24173000", "researchAndDevelopment": "47138000", "operatingExpenses": "70970000", "investmentIncomeNet": "None", "netInterestIncome": "-19934000", "interestIncome": "4000", "interestExpense": "19938000", "nonInterestIncome": "None", "otherNonOperatingIncome": "None", "depreciation": "None", "depreciationAndAmortization": "4691000", "incomeBeforeTax": "-95138000", "incomeTaxExpense": "-18159000", "interestAndDebtExpense": "None", "netIncomeFromContinuingOperations": "-76979000", "comprehensiveIncomeNetOfTax": "None", "ebit": "-72266000", "ebitda": "-67575000", "netIncome": "-76979000"}, {"fiscalDateEnding": "2021-12-31", "reportedCurrency": "USD", "grossProfit": "34764000", "totalRevenue": "34764000", "costOfRevenue": "None", "costofGoodsAndServicesSold": "None", "operatingIncome": "14534000", "sellingGeneralAndAdministrative": "22170000", "researchAndDevelopment": "44401000", "operatingExpenses": "20230000", "investmentIncomeNet": "None", "netInterestIncome": "42810000", "interestIncome": "12000", "interestExpense": "22705500", "nonInterestIncome": "None", "otherNonOperatingIncome": "None", "depreciation": "None", "depreciationAndAmortization": "4586000", "incomeBeforeTax": "254019000", "incomeTaxExpense": "261000", "interestAndDebtExpense": "None", "netIncomeFromContinuingOperations": "253758000", "comprehensiveIncomeNetOfTax": "None", "ebit": "209635000", "ebitda": "214221000", "netIncome": "253758000"}, {"fiscalDateEnding": "2021-09-30", "reportedCurrency": "USD", "grossProfit": "-4682000", "totalRevenue": "536000", "costOfRevenue": "4682000", "costofGoodsAndServicesSold": "4682000", "operatingIncome": "-76146000", "sellingGeneralAndAdministrative": "19944000", "researchAndDevelopment": "51520000", "operatingExpenses": "71464000", "investmentIncomeNet": "None", "netInterestIncome": "-101401000", "interestIncome": "3000", "interestExpense": "33780000", "nonInterestIncome": "None", "otherNonOperatingIncome": "None", "depreciation": "None", "depreciationAndAmortization": "4682000", "incomeBeforeTax": "-103352000", "incomeTaxExpense": "-22037000", "interestAndDebtExpense": "None", "netIncomeFromContinuingOperations": "-81315000", "comprehensiveIncomeNetOfTax": "None", "ebit": "-69572000", "ebitda": "-64890000", "netIncome": "-81315000"}, {"fiscalDateEnding": "2021-06-30", "reportedCurrency": "USD", "grossProfit": "1178000", "totalRevenue": "1178000", "costOfRevenue": "None", "costofGoodsAndServicesSold": "None", "operatingIncome": "-87203500", "sellingGeneralAndAdministrative": "42605000", "researchAndDevelopment": "45201500", "operatingExpenses": "88381500", "investmentIncomeNet": "None", "netInterestIncome": "None", "interestIncome": "None", "interestExpense": "28242750", "nonInterestIncome": "None", "otherNonOperatingIncome": "None", "depreciation": "None", "depreciationAndAmortization": "2524000", "incomeBeforeTax": "-149932500", "incomeTaxExpense": "-12959000", "interestAndDebtExpense": "None", "netIncomeFromContinuingOperations": "None", "comprehensiveIncomeNetOfTax": "None", "ebit": "-83599000", "ebitda": "-81075000", "netIncome": "-136973500"}, {"fiscalDateEnding": "2021-03-31", "reportedCurrency": "USD", "grossProfit": "1178000", "totalRevenue": "1178000", "costOfRevenue": "None", "costofGoodsAndServicesSold": "None", "operatingIncome": "-87203500", "sellingGeneralAndAdministrative": "42605000", "researchAndDevelopment": "45201500", "operatingExpenses": "88381500", "investmentIncomeNet": "None", "netInterestIncome": "None", "interestIncome": "None", "interestExpense": "28242750", "nonInterestIncome": "None", "otherNonOperatingIncome": "None", "depreciation": "None", "depreciationAndAmortization": "2524000", "incomeBeforeTax": "-149932500", "incomeTaxExpense": "-12959000", "interestAndDebtExpense": "None", "netIncomeFromContinuingOperations": "None", "comprehensiveIncomeNetOfTax": "None", "ebit": "-83599000", "ebitda": "-81075000", "netIncome": "-136973500"}, {"fiscalDateEnding": "2020-12-31", "reportedCurrency": "USD", "grossProfit": "16654000", "totalRevenue": "16654000", "costOfRevenue": "None", "costofGoodsAndServicesSold": "None", "operatingIncome": "-235330", "sellingGeneralAndAdministrative": "14728500", "researchAndDevelopment": "37018000", "operatingExpenses": "235333", "investmentIncomeNet": "None", "netInterestIncome": "None", "interestIncome": "None", "interestExpense": "24366500", "nonInterestIncome": "None", "otherNonOperatingIncome": "None", "depreciation": "None", "depreciationAndAmortization": "-14191750", "incomeBeforeTax": "-9236221", "incomeTaxExpense": "-30431500", "interestAndDebtExpense": "None", "netIncomeFromContinuingOperations": "None", "comprehensiveIncomeNetOfTax": "None", "ebit": "4955529", "ebitda": "-9236221", "netIncome": "-9236221"}, {"fiscalDateEnding": "2020-09-30", "reportedCurrency": "USD", "grossProfit": "16654000", "totalRevenue": "16654000", "costOfRevenue": "None", "costofGoodsAndServicesSold": "None", "operatingIncome": "-68533170", "sellingGeneralAndAdministrative": "14728500", "researchAndDevelopment": "37018000", "operatingExpenses": "35631", "investmentIncomeNet": "None", "netInterestIncome": "None", "interestIncome": "None", "interestExpense": "24366500", "nonInterestIncome": "None", "otherNonOperatingIncome": "None", "depreciation": "None", "depreciationAndAmortization": "-14191750", "incomeBeforeTax": "-136648779", "incomeTaxExpense": "-30431500", "interestAndDebtExpense": "None", "netIncomeFromContinuingOperations": "None", "comprehensiveIncomeNetOfTax": "None", "ebit": "12555796", "ebitda": "-1635954", "netIncome": "-42511000"}, {"fiscalDateEnding": "2020-06-30", "reportedCurrency": "USD", "grossProfit": "16654000", "totalRevenue": "16654000", "costOfRevenue": "None", "costofGoodsAndServicesSold": "None", "operatingIncome": "-34384250", "sellingGeneralAndAdministrative": "14728500", "researchAndDevelopment": "37018000", "operatingExpenses": "254920286", "investmentIncomeNet": "None", "netInterestIncome": "None", "interestIncome": "None", "interestExpense": "24366500", "nonInterestIncome": "None", "otherNonOperatingIncome": "None", "depreciation": "None", "depreciationAndAmortization": "-14191750", "incomeBeforeTax": "-72942500", "incomeTaxExpense": "-30431500", "interestAndDebtExpense": "None", "netIncomeFromContinuingOperations": "None", "comprehensiveIncomeNetOfTax": "None", "ebit": "-34384250", "ebitda": "-48576000", "netIncome": "-42511000"}, {"fiscalDateEnding": "2020-03-31", "reportedCurrency": "USD", "grossProfit": "16654000", "totalRevenue": "16654000", "costOfRevenue": "None", "costofGoodsAndServicesSold": "None", "operatingIncome": "-34384250", "sellingGeneralAndAdministrative": "14728500", "researchAndDevelopment": "37018000", "operatingExpenses": "254920286", "investmentIncomeNet": "None", "netInterestIncome": "None", "interestIncome": "None", "interestExpense": "24366500", "nonInterestIncome": "None", "otherNonOperatingIncome": "None", "depreciation": "None", "depreciationAndAmortization": "-14191750", "incomeBeforeTax": "-72942500", "incomeTaxExpense": "-30431500", "interestAndDebtExpense": "None", "netIncomeFromContinuingOperations": "None", "comprehensiveIncomeNetOfTax": "None", "ebit": "-34384250", "ebitda": "-48576000", "netIncome": "-42511000"}, {"fiscalDateEnding": "2019-12-31", "reportedCurrency": "USD", "grossProfit": "7979500", "totalRevenue": "7979500", "costOfRevenue": "None", "costofGoodsAndServicesSold": "None", "operatingIncome": "-15362000", "sellingGeneralAndAdministrative": "12141500", "researchAndDevelopment": "23889250", "operatingExpenses": "-23341500", "investmentIncomeNet": "None", "netInterestIncome": "None", "interestIncome": "None", "interestExpense": "23938750", "nonInterestIncome": "None", "otherNonOperatingIncome": "None", "depreciation": "None", "depreciationAndAmortization": "-13045500", "incomeBeforeTax": "-52346250", "incomeTaxExpense": "122750", "interestAndDebtExpense": "None", "netIncomeFromContinuingOperations": "None", "comprehensiveIncomeNetOfTax": "None", "ebit": "-15362000", "ebitda": "-28407500", "netIncome": "-52469000"}, {"fiscalDateEnding": "2019-09-30", "reportedCurrency": "USD", "grossProfit": "7979500", "totalRevenue": "7979500", "costOfRevenue": "None", "costofGoodsAndServicesSold": "None", "operatingIncome": "-15362000", "sellingGeneralAndAdministrative": "12141500", "researchAndDevelopment": "23889250", "operatingExpenses": "-23341500", "investmentIncomeNet": "None", "netInterestIncome": "None", "interestIncome": "None", "interestExpense": "23938750", "nonInterestIncome": "None", "otherNonOperatingIncome": "None", "depreciation": "None", "depreciationAndAmortization": "-13045500", "incomeBeforeTax": "-52346250", "incomeTaxExpense": "122750", "interestAndDebtExpense": "None", "netIncomeFromContinuingOperations": "None", "comprehensiveIncomeNetOfTax": "None", "ebit": "-15362000", "ebitda": "-28407500", "netIncome": "-52469000"}, {"fiscalDateEnding": "2019-06-30", "reportedCurrency": "USD", "grossProfit": "7979500", "totalRevenue": "7979500", "costOfRevenue": "None", "costofGoodsAndServicesSold": "None", "operatingIncome": "-15362000", "sellingGeneralAndAdministrative": "12141500", "researchAndDevelopment": "23889250", "operatingExpenses": "-23341500", "investmentIncomeNet": "None", "netInterestIncome": "None", "interestIncome": "None", "interestExpense": "23938750", "nonInterestIncome": "None", "otherNonOperatingIncome": "None", "depreciation": "None", "depreciationAndAmortization": "-13045500", "incomeBeforeTax": "-52346250", "incomeTaxExpense": "122750", "interestAndDebtExpense": "None", "netIncomeFromContinuingOperations": "None", "comprehensiveIncomeNetOfTax": "None", "ebit": "-15362000", "ebitda": "-28407500", "netIncome": "-52469000"}, {"fiscalDateEnding": "2019-03-31", "reportedCurrency": "USD", "grossProfit": "7979500", "totalRevenue": "7979500", "costOfRevenue": "None", "costofGoodsAndServicesSold": "None", "operatingIncome": "-15362000", "sellingGeneralAndAdministrative": "12141500", "researchAndDevelopment": "23889250", "operatingExpenses": "-23341500", "investmentIncomeNet": "None", "netInterestIncome": "None", "interestIncome": "None", "interestExpense": "23938750", "nonInterestIncome": "None", "otherNonOperatingIncome": "None", "depreciation": "None", "depreciationAndAmortization": "-13045500", "incomeBeforeTax": "-52346250", "incomeTaxExpense": "122750", "interestAndDebtExpense": "None", "netIncomeFromContinuingOperations": "None", "comprehensiveIncomeNetOfTax": "None", "ebit": "-15362000", "ebitda": "-28407500", "netIncome": "-52469000"}]}