{"symbol": "OTIS", "annualReports": [{"fiscalDateEnding": "2025-12-31", "reportedCurrency": "USD", "grossProfit": "4370000000", "totalRevenue": "14431000000", "costOfRevenue": "10061000000", "costofGoodsAndServicesSold": "10061000000", "operatingIncome": "2133000000", "sellingGeneralAndAdministrative": "1893000000", "researchAndDevelopment": "152000000", "operatingExpenses": "2237000000", "investmentIncomeNet": "None", "netInterestIncome": "-196000000", "interestIncome": "None", "interestExpense": "196000000", "nonInterestIncome": "None", "otherNonOperatingIncome": "None", "depreciation": "None", "depreciationAndAmortization": "175000000", "incomeBeforeTax": "1934000000", "incomeTaxExpense": "479000000", "interestAndDebtExpense": "None", "netIncomeFromContinuingOperations": "1455000000", "comprehensiveIncomeNetOfTax": "None", "ebit": "2133000000", "ebitda": "2308000000", "netIncome": "1384000000"}, {"fiscalDateEnding": "2024-12-31", "reportedCurrency": "USD", "grossProfit": "4257000000", "totalRevenue": "14261000000", "costOfRevenue": "10004000000", "costofGoodsAndServicesSold": "10004000000", "operatingIncome": "2008000000", "sellingGeneralAndAdministrative": "1818000000", "researchAndDevelopment": "152000000", "operatingExpenses": "2249000000", "investmentIncomeNet": "None", "netInterestIncome": "31000000", "interestIncome": "None", "interestExpense": "31000000", "nonInterestIncome": "None", "otherNonOperatingIncome": "None", "depreciation": "None", "depreciationAndAmortization": "181000000", "incomeBeforeTax": "2039000000", "incomeTaxExpense": "305000000", "interestAndDebtExpense": "None", "netIncomeFromContinuingOperations": "1734000000", "comprehensiveIncomeNetOfTax": "None", "ebit": "2051000000", "ebitda": "2232000000", "netIncome": "1645000000"}, {"fiscalDateEnding": "2023-12-31", "reportedCurrency": "USD", "grossProfit": "4193000000", "totalRevenue": "14209000000", "costOfRevenue": "10016000000", "costofGoodsAndServicesSold": "10016000000", "operatingIncome": "2186000000", "sellingGeneralAndAdministrative": "1833000000", "researchAndDevelopment": "144000000", "operatingExpenses": "2028000000", "investmentIncomeNet": "None", "netInterestIncome": "-145000000", "interestIncome": "None", "interestExpense": "150000000", "nonInterestIncome": "None", "otherNonOperatingIncome": "None", "depreciation": "None", "depreciationAndAmortization": "193000000", "incomeBeforeTax": "2031000000", "incomeTaxExpense": "533000000", "interestAndDebtExpense": "None", "netIncomeFromContinuingOperations": "1472000000", "comprehensiveIncomeNetOfTax": "None", "ebit": "2186000000", "ebitda": "2186000000", "netIncome": "1406000000"}, {"fiscalDateEnding": "2022-12-31", "reportedCurrency": "USD", "grossProfit": "3920000000", "totalRevenue": "13685000000", "costOfRevenue": "9765000000", "costofGoodsAndServicesSold": "9765000000", "operatingIncome": "2033000000", "sellingGeneralAndAdministrative": "1763000000", "researchAndDevelopment": "150000000", "operatingExpenses": "1887000000", "investmentIncomeNet": "None", "netInterestIncome": "-143000000", "interestIncome": "None", "interestExpense": "143000000", "nonInterestIncome": "None", "otherNonOperatingIncome": "None", "depreciation": "None", "depreciationAndAmortization": "191000000", "incomeBeforeTax": "1888000000", "incomeTaxExpense": "519000000", "interestAndDebtExpense": "None", "netIncomeFromContinuingOperations": "1369000000", "comprehensiveIncomeNetOfTax": "None", "ebit": "2071000000", "ebitda": "2262000000", "netIncome": "1253000000"}, {"fiscalDateEnding": "2021-12-31", "reportedCurrency": "USD", "grossProfit": "4193000000", "totalRevenue": "14298000000", "costOfRevenue": "10105000000", "costofGoodsAndServicesSold": "10105000000", "operatingIncome": "2108000000", "sellingGeneralAndAdministrative": "1948000000", "researchAndDevelopment": "159000000", "operatingExpenses": "2085000000", "investmentIncomeNet": "None", "netInterestIncome": "-136000000", "interestIncome": "None", "interestExpense": "136000000", "nonInterestIncome": "None", "otherNonOperatingIncome": "None", "depreciation": "None", "depreciationAndAmortization": "203000000", "incomeBeforeTax": "1961000000", "incomeTaxExpense": "541000000", "interestAndDebtExpense": "None", "netIncomeFromContinuingOperations": "1420000000", "comprehensiveIncomeNetOfTax": "None", "ebit": "2108000000", "ebitda": "2311000000", "netIncome": "1246000000"}, {"fiscalDateEnding": "2020-12-31", "reportedCurrency": "USD", "grossProfit": "3779000000", "totalRevenue": "12756000000", "costOfRevenue": "8977000000", "costofGoodsAndServicesSold": "8977000000", "operatingIncome": "1639000000", "sellingGeneralAndAdministrative": "1924000000", "researchAndDevelopment": "152000000", "operatingExpenses": "2140000000", "investmentIncomeNet": "None", "netInterestIncome": "-122000000", "interestIncome": "122000000", "interestExpense": "122000000", "nonInterestIncome": "None", "otherNonOperatingIncome": "None", "depreciation": "None", "depreciationAndAmortization": "191000000", "incomeBeforeTax": "1511000000", "incomeTaxExpense": "455000000", "interestAndDebtExpense": "None", "netIncomeFromContinuingOperations": "1056000000", "comprehensiveIncomeNetOfTax": "None", "ebit": "1639000000", "ebitda": "1830000000", "netIncome": "906000000"}, {"fiscalDateEnding": "2019-12-31", "reportedCurrency": "USD", "grossProfit": "3826000000", "totalRevenue": "13118000000", "costOfRevenue": "9292000000", "costofGoodsAndServicesSold": "9292000000", "operatingIncome": "1814000000", "sellingGeneralAndAdministrative": "1810000000", "researchAndDevelopment": "163000000", "operatingExpenses": "2012000000", "investmentIncomeNet": "None", "netInterestIncome": "14000000", "interestIncome": "53000000", "interestExpense": "39000000", "nonInterestIncome": "None", "otherNonOperatingIncome": "None", "depreciation": "None", "depreciationAndAmortization": "180000000", "incomeBeforeTax": "1861000000", "incomeTaxExpense": "594000000", "interestAndDebtExpense": "None", "netIncomeFromContinuingOperations": "1267000000", "comprehensiveIncomeNetOfTax": "None", "ebit": "1814000000", "ebitda": "1994000000", "netIncome": "1116000000"}, {"fiscalDateEnding": "2018-12-31", "reportedCurrency": "USD", "grossProfit": "3726000000", "totalRevenue": "12915000000", "costOfRevenue": "9189000000", "costofGoodsAndServicesSold": "9189000000", "operatingIncome": "1835000000", "sellingGeneralAndAdministrative": "1735000000", "researchAndDevelopment": "181000000", "operatingExpenses": "1891000000", "investmentIncomeNet": "None", "netInterestIncome": "14000000", "interestIncome": "51000000", "interestExpense": "37000000", "nonInterestIncome": "None", "otherNonOperatingIncome": "None", "depreciation": "None", "depreciationAndAmortization": "190000000", "incomeBeforeTax": "1893000000", "incomeTaxExpense": "683000000", "interestAndDebtExpense": "None", "netIncomeFromContinuingOperations": "1210000000", "comprehensiveIncomeNetOfTax": "None", "ebit": "1835000000", "ebitda": "2025000000", "netIncome": "1049000000"}, {"fiscalDateEnding": "2017-12-31", "reportedCurrency": "USD", "grossProfit": "3702000000", "totalRevenue": "12323000000", "costOfRevenue": "8621000000", "costofGoodsAndServicesSold": "8621000000", "operatingIncome": "1916000000", "sellingGeneralAndAdministrative": "1648000000", "researchAndDevelopment": "175000000", "operatingExpenses": "1786000000", "investmentIncomeNet": "None", "netInterestIncome": "21000000", "interestIncome": "61000000", "interestExpense": "40000000", "nonInterestIncome": "None", "otherNonOperatingIncome": "None", "depreciation": "None", "depreciationAndAmortization": "177000000", "incomeBeforeTax": "1957000000", "incomeTaxExpense": "1148000000", "interestAndDebtExpense": "None", "netIncomeFromContinuingOperations": "809000000", "comprehensiveIncomeNetOfTax": "None", "ebit": "1997000000", "ebitda": "2174000000", "netIncome": "636000000"}], "quarterlyReports": [{"fiscalDateEnding": "2025-12-31", "reportedCurrency": "USD", "grossProfit": "1147000000", "totalRevenue": "3796000000", "costOfRevenue": "2649000000", "costofGoodsAndServicesSold": "2649000000", "operatingIncome": "589000000", "sellingGeneralAndAdministrative": "426000000", "researchAndDevelopment": "41000000", "operatingExpenses": "558000000", "investmentIncomeNet": "None", "netInterestIncome": "-64000000", "interestIncome": "None", "interestExpense": "64000000", "nonInterestIncome": "None", "otherNonOperatingIncome": "None", "depreciation": "None", "depreciationAndAmortization": "45000000", "incomeBeforeTax": "526000000", "incomeTaxExpense": "142000000", "interestAndDebtExpense": "None", "netIncomeFromContinuingOperations": "384000000", "comprehensiveIncomeNetOfTax": "None", "ebit": "589000000", "ebitda": "634000000", "netIncome": "374000000"}, {"fiscalDateEnding": "2025-09-30", "reportedCurrency": "USD", "grossProfit": "1133000000", "totalRevenue": "3690000000", "costOfRevenue": "2557000000", "costofGoodsAndServicesSold": "2557000000", "operatingIncome": "586000000", "sellingGeneralAndAdministrative": "504000000", "researchAndDevelopment": "36000000", "operatingExpenses": "547000000", "investmentIncomeNet": "None", "netInterestIncome": "-61000000", "interestIncome": "None", "interestExpense": "61000000", "nonInterestIncome": "None", "otherNonOperatingIncome": "None", "depreciation": "None", "depreciationAndAmortization": "44000000", "incomeBeforeTax": "521000000", "incomeTaxExpense": "129000000", "interestAndDebtExpense": "None", "netIncomeFromContinuingOperations": "392000000", "comprehensiveIncomeNetOfTax": "None", "ebit": "586000000", "ebitda": "630000000", "netIncome": "374000000"}, {"fiscalDateEnding": "2025-06-30", "reportedCurrency": "USD", "grossProfit": "1089000000", "totalRevenue": "3595000000", "costOfRevenue": "2506000000", "costofGoodsAndServicesSold": "2506000000", "operatingIncome": "547000000", "sellingGeneralAndAdministrative": "499000000", "researchAndDevelopment": "38000000", "operatingExpenses": "542000000", "investmentIncomeNet": "None", "netInterestIncome": "-26000000", "interestIncome": "None", "interestExpense": "26000000", "nonInterestIncome": "None", "otherNonOperatingIncome": "None", "depreciation": "None", "depreciationAndAmortization": "44000000", "incomeBeforeTax": "521000000", "incomeTaxExpense": "98000000", "interestAndDebtExpense": "None", "netIncomeFromContinuingOperations": "423000000", "comprehensiveIncomeNetOfTax": "None", "ebit": "547000000", "ebitda": "591000000", "netIncome": "393000000"}, {"fiscalDateEnding": "2025-03-31", "reportedCurrency": "USD", "grossProfit": "1001000000", "totalRevenue": "3350000000", "costOfRevenue": "2349000000", "costofGoodsAndServicesSold": "2349000000", "operatingIncome": "411000000", "sellingGeneralAndAdministrative": "464000000", "researchAndDevelopment": "37000000", "operatingExpenses": "590000000", "investmentIncomeNet": "None", "netInterestIncome": "-45000000", "interestIncome": "None", "interestExpense": "45000000", "nonInterestIncome": "None", "otherNonOperatingIncome": "None", "depreciation": "None", "depreciationAndAmortization": "42000000", "incomeBeforeTax": "366000000", "incomeTaxExpense": "110000000", "interestAndDebtExpense": "None", "netIncomeFromContinuingOperations": "256000000", "comprehensiveIncomeNetOfTax": "None", "ebit": "411000000", "ebitda": "453000000", "netIncome": "243000000"}, {"fiscalDateEnding": "2024-12-31", "reportedCurrency": "USD", "grossProfit": "1072000000", "totalRevenue": "3675000000", "costOfRevenue": "2603000000", "costofGoodsAndServicesSold": "2603000000", "operatingIncome": "531000000", "sellingGeneralAndAdministrative": "452000000", "researchAndDevelopment": "37000000", "operatingExpenses": "541000000", "investmentIncomeNet": "None", "netInterestIncome": "-48000000", "interestIncome": "None", "interestExpense": "48000000", "nonInterestIncome": "None", "otherNonOperatingIncome": "None", "depreciation": "None", "depreciationAndAmortization": "48000000", "incomeBeforeTax": "483000000", "incomeTaxExpense": "130000000", "interestAndDebtExpense": "None", "netIncomeFromContinuingOperations": "353000000", "comprehensiveIncomeNetOfTax": "None", "ebit": "574000000", "ebitda": "622000000", "netIncome": "337000000"}, {"fiscalDateEnding": "2024-09-30", "reportedCurrency": "USD", "grossProfit": "1078000000", "totalRevenue": "3548000000", "costOfRevenue": "2470000000", "costofGoodsAndServicesSold": "2470000000", "operatingIncome": "363000000", "sellingGeneralAndAdministrative": "455000000", "researchAndDevelopment": "40000000", "operatingExpenses": "715000000", "investmentIncomeNet": "None", "netInterestIncome": "150000000", "interestIncome": "None", "interestExpense": "150000000", "nonInterestIncome": "None", "otherNonOperatingIncome": "None", "depreciation": "None", "depreciationAndAmortization": "48000000", "incomeBeforeTax": "512000000", "incomeTaxExpense": "-45000000", "interestAndDebtExpense": "None", "netIncomeFromContinuingOperations": "557000000", "comprehensiveIncomeNetOfTax": "None", "ebit": "363000000", "ebitda": "411000000", "netIncome": "540000000"}, {"fiscalDateEnding": "2024-06-30", "reportedCurrency": "USD", "grossProfit": "1079000000", "totalRevenue": "3601000000", "costOfRevenue": "2522000000", "costofGoodsAndServicesSold": "2522000000", "operatingIncome": "570000000", "sellingGeneralAndAdministrative": "449000000", "researchAndDevelopment": "39000000", "operatingExpenses": "509000000", "investmentIncomeNet": "None", "netInterestIncome": "-27000000", "interestIncome": "None", "interestExpense": "27000000", "nonInterestIncome": "None", "otherNonOperatingIncome": "None", "depreciation": "None", "depreciationAndAmortization": "41000000", "incomeBeforeTax": "544000000", "incomeTaxExpense": "94000000", "interestAndDebtExpense": "None", "netIncomeFromContinuingOperations": "450000000", "comprehensiveIncomeNetOfTax": "None", "ebit": "570000000", "ebitda": "611000000", "netIncome": "415000000"}, {"fiscalDateEnding": "2024-03-31", "reportedCurrency": "USD", "grossProfit": "1028000000", "totalRevenue": "3437000000", "costOfRevenue": "2409000000", "costofGoodsAndServicesSold": "2409000000", "operatingIncome": "544000000", "sellingGeneralAndAdministrative": "462000000", "researchAndDevelopment": "36000000", "operatingExpenses": "484000000", "investmentIncomeNet": "None", "netInterestIncome": "-44000000", "interestIncome": "None", "interestExpense": "44000000", "nonInterestIncome": "None", "otherNonOperatingIncome": "None", "depreciation": "None", "depreciationAndAmortization": "44000000", "incomeBeforeTax": "500000000", "incomeTaxExpense": "126000000", "interestAndDebtExpense": "None", "netIncomeFromContinuingOperations": "374000000", "comprehensiveIncomeNetOfTax": "None", "ebit": "544000000", "ebitda": "588000000", "netIncome": "353000000"}, {"fiscalDateEnding": "2023-12-31", "reportedCurrency": "USD", "grossProfit": "1068000000", "totalRevenue": "3620000000", "costOfRevenue": "2552000000", "costofGoodsAndServicesSold": "2552000000", "operatingIncome": "522000000", "sellingGeneralAndAdministrative": "497000000", "researchAndDevelopment": "37000000", "operatingExpenses": "546000000", "investmentIncomeNet": "None", "netInterestIncome": "-41000000", "interestIncome": "None", "interestExpense": "41000000", "nonInterestIncome": "None", "otherNonOperatingIncome": "None", "depreciation": "None", "depreciationAndAmortization": "48000000", "incomeBeforeTax": "477000000", "incomeTaxExpense": "133000000", "interestAndDebtExpense": "None", "netIncomeFromContinuingOperations": "344000000", "comprehensiveIncomeNetOfTax": "None", "ebit": "522000000", "ebitda": "570000000", "netIncome": "323000000"}, {"fiscalDateEnding": "2023-09-30", "reportedCurrency": "USD", "grossProfit": "1046000000", "totalRevenue": "3523000000", "costOfRevenue": "2477000000", "costofGoodsAndServicesSold": "2477000000", "operatingIncome": "571000000", "sellingGeneralAndAdministrative": "452000000", "researchAndDevelopment": "36000000", "operatingExpenses": "475000000", "investmentIncomeNet": "None", "netInterestIncome": "-39000000", "interestIncome": "None", "interestExpense": "39000000", "nonInterestIncome": "None", "otherNonOperatingIncome": "None", "depreciation": "None", "depreciationAndAmortization": "46000000", "incomeBeforeTax": "532000000", "incomeTaxExpense": "137000000", "interestAndDebtExpense": "None", "netIncomeFromContinuingOperations": "395000000", "comprehensiveIncomeNetOfTax": "None", "ebit": "571000000", "ebitda": "617000000", "netIncome": "376000000"}, {"fiscalDateEnding": "2023-06-30", "reportedCurrency": "USD", "grossProfit": "1083000000", "totalRevenue": "3720000000", "costOfRevenue": "2637000000", "costofGoodsAndServicesSold": "2637000000", "operatingIncome": "580000000", "sellingGeneralAndAdministrative": "480000000", "researchAndDevelopment": "36000000", "operatingExpenses": "503000000", "investmentIncomeNet": "None", "netInterestIncome": "-37000000", "interestIncome": "None", "interestExpense": "37000000", "nonInterestIncome": "None", "otherNonOperatingIncome": "None", "depreciation": "None", "depreciationAndAmortization": "52000000", "incomeBeforeTax": "542000000", "incomeTaxExpense": "135000000", "interestAndDebtExpense": "None", "netIncomeFromContinuingOperations": "407000000", "comprehensiveIncomeNetOfTax": "None", "ebit": "580000000", "ebitda": "632000000", "netIncome": "376000000"}, {"fiscalDateEnding": "2023-03-31", "reportedCurrency": "USD", "grossProfit": "996000000", "totalRevenue": "3346000000", "costOfRevenue": "2350000000", "costofGoodsAndServicesSold": "2350000000", "operatingIncome": "513000000", "sellingGeneralAndAdministrative": "455000000", "researchAndDevelopment": "35000000", "operatingExpenses": "483000000", "investmentIncomeNet": "None", "netInterestIncome": "-33000000", "interestIncome": "None", "interestExpense": "33000000", "nonInterestIncome": "None", "otherNonOperatingIncome": "None", "depreciation": "None", "depreciationAndAmortization": "47000000", "incomeBeforeTax": "480000000", "incomeTaxExpense": "128000000", "interestAndDebtExpense": "None", "netIncomeFromContinuingOperations": "352000000", "comprehensiveIncomeNetOfTax": "None", "ebit": "513000000", "ebitda": "560000000", "netIncome": "331000000"}, {"fiscalDateEnding": "2022-12-31", "reportedCurrency": "USD", "grossProfit": "960000000", "totalRevenue": "3439000000", "costOfRevenue": "2479000000", "costofGoodsAndServicesSold": "2479000000", "operatingIncome": "491000000", "sellingGeneralAndAdministrative": "448000000", "researchAndDevelopment": "38000000", "operatingExpenses": "469000000", "investmentIncomeNet": "None", "netInterestIncome": "-36000000", "interestIncome": "None", "interestExpense": "36000000", "nonInterestIncome": "None", "otherNonOperatingIncome": "None", "depreciation": "None", "depreciationAndAmortization": "46000000", "incomeBeforeTax": "455000000", "incomeTaxExpense": "137000000", "interestAndDebtExpense": "None", "netIncomeFromContinuingOperations": "318000000", "comprehensiveIncomeNetOfTax": "None", "ebit": "491000000", "ebitda": "537000000", "netIncome": "297000000"}, {"fiscalDateEnding": "2022-09-30", "reportedCurrency": "USD", "grossProfit": "971000000", "totalRevenue": "3344000000", "costOfRevenue": "2373000000", "costofGoodsAndServicesSold": "2373000000", "operatingIncome": "529000000", "sellingGeneralAndAdministrative": "417000000", "researchAndDevelopment": "37000000", "operatingExpenses": "442000000", "investmentIncomeNet": "None", "netInterestIncome": "-35000000", "interestIncome": "None", "interestExpense": "35000000", "nonInterestIncome": "None", "otherNonOperatingIncome": "None", "depreciation": "None", "depreciationAndAmortization": "48000000", "incomeBeforeTax": "493000000", "incomeTaxExpense": "143000000", "interestAndDebtExpense": "None", "netIncomeFromContinuingOperations": "350000000", "comprehensiveIncomeNetOfTax": "None", "ebit": "529000000", "ebitda": "577000000", "netIncome": "324000000"}, {"fiscalDateEnding": "2022-06-30", "reportedCurrency": "USD", "grossProfit": "983000000", "totalRevenue": "3488000000", "costOfRevenue": "2505000000", "costofGoodsAndServicesSold": "2505000000", "operatingIncome": "487000000", "sellingGeneralAndAdministrative": "439000000", "researchAndDevelopment": "38000000", "operatingExpenses": "496000000", "investmentIncomeNet": "None", "netInterestIncome": "-35000000", "interestIncome": "None", "interestExpense": "35000000", "nonInterestIncome": "None", "otherNonOperatingIncome": "None", "depreciation": "None", "depreciationAndAmortization": "49000000", "incomeBeforeTax": "451000000", "incomeTaxExpense": "103000000", "interestAndDebtExpense": "None", "netIncomeFromContinuingOperations": "348000000", "comprehensiveIncomeNetOfTax": "None", "ebit": "487000000", "ebitda": "536000000", "netIncome": "321000000"}, {"fiscalDateEnding": "2022-03-31", "reportedCurrency": "USD", "grossProfit": "1006000000", "totalRevenue": "3414000000", "costOfRevenue": "2408000000", "costofGoodsAndServicesSold": "2408000000", "operatingIncome": "526000000", "sellingGeneralAndAdministrative": "459000000", "researchAndDevelopment": "37000000", "operatingExpenses": "480000000", "investmentIncomeNet": "None", "netInterestIncome": "-37000000", "interestIncome": "None", "interestExpense": "37000000", "nonInterestIncome": "None", "otherNonOperatingIncome": "None", "depreciation": "None", "depreciationAndAmortization": "48000000", "incomeBeforeTax": "489000000", "incomeTaxExpense": "136000000", "interestAndDebtExpense": "None", "netIncomeFromContinuingOperations": "353000000", "comprehensiveIncomeNetOfTax": "None", "ebit": "526000000", "ebitda": "574000000", "netIncome": "311000000"}, {"fiscalDateEnding": "2021-12-31", "reportedCurrency": "USD", "grossProfit": "1039000000", "totalRevenue": "3569000000", "costOfRevenue": "2530000000", "costofGoodsAndServicesSold": "2530000000", "operatingIncome": "496000000", "sellingGeneralAndAdministrative": "503000000", "researchAndDevelopment": "46000000", "operatingExpenses": "543000000", "investmentIncomeNet": "None", "netInterestIncome": "-44000000", "interestIncome": "None", "interestExpense": "44000000", "nonInterestIncome": "None", "otherNonOperatingIncome": "None", "depreciation": "None", "depreciationAndAmortization": "51000000", "incomeBeforeTax": "447000000", "incomeTaxExpense": "137000000", "interestAndDebtExpense": "None", "netIncomeFromContinuingOperations": "310000000", "comprehensiveIncomeNetOfTax": "None", "ebit": "496000000", "ebitda": "547000000", "netIncome": "281000000"}, {"fiscalDateEnding": "2021-09-30", "reportedCurrency": "USD", "grossProfit": "1060000000", "totalRevenue": "3620000000", "costOfRevenue": "2560000000", "costofGoodsAndServicesSold": "2560000000", "operatingIncome": "542000000", "sellingGeneralAndAdministrative": "479000000", "researchAndDevelopment": "39000000", "operatingExpenses": "518000000", "investmentIncomeNet": "None", "netInterestIncome": "-33000000", "interestIncome": "None", "interestExpense": "33000000", "nonInterestIncome": "None", "otherNonOperatingIncome": "None", "depreciation": "None", "depreciationAndAmortization": "50000000", "incomeBeforeTax": "507000000", "incomeTaxExpense": "128000000", "interestAndDebtExpense": "None", "netIncomeFromContinuingOperations": "379000000", "comprehensiveIncomeNetOfTax": "None", "ebit": "542000000", "ebitda": "592000000", "netIncome": "331000000"}, {"fiscalDateEnding": "2021-06-30", "reportedCurrency": "USD", "grossProfit": "1075000000", "totalRevenue": "3701000000", "costOfRevenue": "2626000000", "costofGoodsAndServicesSold": "2626000000", "operatingIncome": "561000000", "sellingGeneralAndAdministrative": "484000000", "researchAndDevelopment": "39000000", "operatingExpenses": "514000000", "investmentIncomeNet": "None", "netInterestIncome": "-27000000", "interestIncome": "None", "interestExpense": "27000000", "nonInterestIncome": "None", "otherNonOperatingIncome": "None", "depreciation": "None", "depreciationAndAmortization": "51000000", "incomeBeforeTax": "532000000", "incomeTaxExpense": "153000000", "interestAndDebtExpense": "None", "netIncomeFromContinuingOperations": "379000000", "comprehensiveIncomeNetOfTax": "None", "ebit": "561000000", "ebitda": "612000000", "netIncome": "326000000"}, {"fiscalDateEnding": "2021-03-31", "reportedCurrency": "USD", "grossProfit": "1019000000", "totalRevenue": "3408000000", "costOfRevenue": "2389000000", "costofGoodsAndServicesSold": "2389000000", "operatingIncome": "509000000", "sellingGeneralAndAdministrative": "482000000", "researchAndDevelopment": "35000000", "operatingExpenses": "510000000", "investmentIncomeNet": "None", "netInterestIncome": "-32000000", "interestIncome": "32000000", "interestExpense": "32000000", "nonInterestIncome": "None", "otherNonOperatingIncome": "None", "depreciation": "None", "depreciationAndAmortization": "51000000", "incomeBeforeTax": "475000000", "incomeTaxExpense": "123000000", "interestAndDebtExpense": "None", "netIncomeFromContinuingOperations": "352000000", "comprehensiveIncomeNetOfTax": "None", "ebit": "509000000", "ebitda": "560000000", "netIncome": "308000000"}, {"fiscalDateEnding": "2020-12-31", "reportedCurrency": "USD", "grossProfit": "1012000000", "totalRevenue": "3493000000", "costOfRevenue": "2481000000", "costofGoodsAndServicesSold": "2481000000", "operatingIncome": "440000000", "sellingGeneralAndAdministrative": "537000000", "researchAndDevelopment": "40000000", "operatingExpenses": "572000000", "investmentIncomeNet": "None", "netInterestIncome": "-37000000", "interestIncome": "37000000", "interestExpense": "37000000", "nonInterestIncome": "None", "otherNonOperatingIncome": "None", "depreciation": "None", "depreciationAndAmortization": "51000000", "incomeBeforeTax": "397000000", "incomeTaxExpense": "118000000", "interestAndDebtExpense": "None", "netIncomeFromContinuingOperations": "279000000", "comprehensiveIncomeNetOfTax": "None", "ebit": "440000000", "ebitda": "491000000", "netIncome": "251000000"}, {"fiscalDateEnding": "2020-09-30", "reportedCurrency": "USD", "grossProfit": "979000000", "totalRevenue": "3268000000", "costOfRevenue": "2289000000", "costofGoodsAndServicesSold": "2289000000", "operatingIncome": "454000000", "sellingGeneralAndAdministrative": "481000000", "researchAndDevelopment": "37000000", "operatingExpenses": "525000000", "investmentIncomeNet": "None", "netInterestIncome": "-39000000", "interestIncome": "39000000", "interestExpense": "39000000", "nonInterestIncome": "None", "otherNonOperatingIncome": "None", "depreciation": "None", "depreciationAndAmortization": "48000000", "incomeBeforeTax": "413000000", "incomeTaxExpense": "103000000", "interestAndDebtExpense": "None", "netIncomeFromContinuingOperations": "310000000", "comprehensiveIncomeNetOfTax": "None", "ebit": "454000000", "ebitda": "502000000", "netIncome": "266000000"}, {"fiscalDateEnding": "2020-06-30", "reportedCurrency": "USD", "grossProfit": "891000000", "totalRevenue": "3029000000", "costOfRevenue": "2138000000", "costofGoodsAndServicesSold": "2138000000", "operatingIncome": "416000000", "sellingGeneralAndAdministrative": "441000000", "researchAndDevelopment": "37000000", "operatingExpenses": "475000000", "investmentIncomeNet": "None", "netInterestIncome": "-41000000", "interestIncome": "41000000", "interestExpense": "41000000", "nonInterestIncome": "None", "otherNonOperatingIncome": "None", "depreciation": "None", "depreciationAndAmortization": "49000000", "incomeBeforeTax": "374000000", "incomeTaxExpense": "109000000", "interestAndDebtExpense": "None", "netIncomeFromContinuingOperations": "265000000", "comprehensiveIncomeNetOfTax": "None", "ebit": "416000000", "ebitda": "465000000", "netIncome": "224000000"}, {"fiscalDateEnding": "2020-03-31", "reportedCurrency": "USD", "grossProfit": "897000000", "totalRevenue": "2966000000", "costOfRevenue": "2069000000", "costofGoodsAndServicesSold": "2069000000", "operatingIncome": "329000000", "sellingGeneralAndAdministrative": "465000000", "researchAndDevelopment": "38000000", "operatingExpenses": "568000000", "investmentIncomeNet": "None", "netInterestIncome": "-5000000", "interestIncome": "5000000", "interestExpense": "5000000", "nonInterestIncome": "None", "otherNonOperatingIncome": "None", "depreciation": "None", "depreciationAndAmortization": "43000000", "incomeBeforeTax": "327000000", "incomeTaxExpense": "125000000", "interestAndDebtExpense": "None", "netIncomeFromContinuingOperations": "202000000", "comprehensiveIncomeNetOfTax": "None", "ebit": "329000000", "ebitda": "372000000", "netIncome": "165000000"}, {"fiscalDateEnding": "2019-12-31", "reportedCurrency": "USD", "grossProfit": "966000000", "totalRevenue": "3353000000", "costOfRevenue": "2387000000", "costofGoodsAndServicesSold": "2387000000", "operatingIncome": "436000000", "sellingGeneralAndAdministrative": "481000000", "researchAndDevelopment": "45000000", "operatingExpenses": "530000000", "investmentIncomeNet": "None", "netInterestIncome": "6000000", "interestIncome": "None", "interestExpense": "None", "nonInterestIncome": "None", "otherNonOperatingIncome": "None", "depreciation": "None", "depreciationAndAmortization": "45000000", "incomeBeforeTax": "437000000", "incomeTaxExpense": "183000000", "interestAndDebtExpense": "None", "netIncomeFromContinuingOperations": "254000000", "comprehensiveIncomeNetOfTax": "None", "ebit": "522000000", "ebitda": "567000000", "netIncome": "218000000"}, {"fiscalDateEnding": "2019-09-30", "reportedCurrency": "USD", "grossProfit": "975000000", "totalRevenue": "3313000000", "costOfRevenue": "2338000000", "costofGoodsAndServicesSold": "2338000000", "operatingIncome": "482000000", "sellingGeneralAndAdministrative": "444000000", "researchAndDevelopment": "39000000", "operatingExpenses": "493000000", "investmentIncomeNet": "None", "netInterestIncome": "6000000", "interestIncome": "None", "interestExpense": "None", "nonInterestIncome": "None", "otherNonOperatingIncome": "None", "depreciation": "None", "depreciationAndAmortization": "44000000", "incomeBeforeTax": "504000000", "incomeTaxExpense": "143000000", "interestAndDebtExpense": "None", "netIncomeFromContinuingOperations": "361000000", "comprehensiveIncomeNetOfTax": "None", "ebit": "482000000", "ebitda": "526000000", "netIncome": "317000000"}, {"fiscalDateEnding": "2019-06-30", "reportedCurrency": "USD", "grossProfit": "984000000", "totalRevenue": "3351000000", "costOfRevenue": "2367000000", "costofGoodsAndServicesSold": "2367000000", "operatingIncome": "481000000", "sellingGeneralAndAdministrative": "444000000", "researchAndDevelopment": "40000000", "operatingExpenses": "503000000", "investmentIncomeNet": "None", "netInterestIncome": "3000000", "interestIncome": "None", "interestExpense": "None", "nonInterestIncome": "None", "otherNonOperatingIncome": "None", "depreciation": "None", "depreciationAndAmortization": "46000000", "incomeBeforeTax": "495000000", "incomeTaxExpense": "143000000", "interestAndDebtExpense": "None", "netIncomeFromContinuingOperations": "352000000", "comprehensiveIncomeNetOfTax": "None", "ebit": "481000000", "ebitda": "527000000", "netIncome": "308000000"}, {"fiscalDateEnding": "2019-03-31", "reportedCurrency": "USD", "grossProfit": "901000000", "totalRevenue": "3101000000", "costOfRevenue": "2200000000", "costofGoodsAndServicesSold": "2200000000", "operatingIncome": "415000000", "sellingGeneralAndAdministrative": "441000000", "researchAndDevelopment": "39000000", "operatingExpenses": "486000000", "investmentIncomeNet": "None", "netInterestIncome": "-1000000", "interestIncome": "1000000", "interestExpense": "1000000", "nonInterestIncome": "None", "otherNonOperatingIncome": "None", "depreciation": "None", "depreciationAndAmortization": "45000000", "incomeBeforeTax": "425000000", "incomeTaxExpense": "125000000", "interestAndDebtExpense": "None", "netIncomeFromContinuingOperations": "300000000", "comprehensiveIncomeNetOfTax": "None", "ebit": "426000000", "ebitda": "471000000", "netIncome": "273000000"}]}