{"symbol": "AAP", "annualReports": [{"fiscalDateEnding": "2025-12-31", "reportedCurrency": "USD", "grossProfit": "3761000000", "totalRevenue": "8601000000", "costOfRevenue": "4840000000", "costofGoodsAndServicesSold": "4840000000", "operatingIncome": "161000000", "sellingGeneralAndAdministrative": "3572000000", "researchAndDevelopment": "None", "operatingExpenses": "3600000000", "investmentIncomeNet": "None", "netInterestIncome": "None", "interestIncome": "-139000000", "interestExpense": "139000000", "nonInterestIncome": "None", "otherNonOperatingIncome": "None", "depreciation": "None", "depreciationAndAmortization": "272000000", "incomeBeforeTax": "-91000000", "incomeTaxExpense": "-159000000", "interestAndDebtExpense": "None", "netIncomeFromContinuingOperations": "None", "comprehensiveIncomeNetOfTax": "None", "ebit": "161000000", "ebitda": "433000000", "netIncome": "44000000"}, {"fiscalDateEnding": "2024-12-31", "reportedCurrency": "USD", "grossProfit": "3408520000", "totalRevenue": "9094327000", "costOfRevenue": "5685807000", "costofGoodsAndServicesSold": "5685807000", "operatingIncome": "-713306000", "sellingGeneralAndAdministrative": "3733323000", "researchAndDevelopment": "None", "operatingExpenses": "4121826000", "investmentIncomeNet": "None", "netInterestIncome": "-81033000", "interestIncome": "86533000", "interestExpense": "81033000", "nonInterestIncome": "None", "otherNonOperatingIncome": "None", "depreciation": "None", "depreciationAndAmortization": "291980000", "incomeBeforeTax": "-768098000", "incomeTaxExpense": "-181143000", "interestAndDebtExpense": "None", "netIncomeFromContinuingOperations": "-586955000", "comprehensiveIncomeNetOfTax": "None", "ebit": "-687065000", "ebitda": "-395085000", "netIncome": "-335788000"}, {"fiscalDateEnding": "2023-12-31", "reportedCurrency": "USD", "grossProfit": "3860109000", "totalRevenue": "9209075000", "costOfRevenue": "5348966000", "costofGoodsAndServicesSold": "5348966000", "operatingIncome": "38887000", "sellingGeneralAndAdministrative": "4257325000", "researchAndDevelopment": "None", "operatingExpenses": "3821222000", "investmentIncomeNet": "None", "netInterestIncome": "-85939000", "interestIncome": "95289000", "interestExpense": "87989000", "nonInterestIncome": "None", "otherNonOperatingIncome": "None", "depreciation": "None", "depreciationAndAmortization": "269430000", "incomeBeforeTax": "-47178000", "incomeTaxExpense": "-17154000", "interestAndDebtExpense": "None", "netIncomeFromContinuingOperations": "205323000", "comprehensiveIncomeNetOfTax": "None", "ebit": "40811000", "ebitda": "310241000", "netIncome": "29735000"}, {"fiscalDateEnding": "2022-12-31", "reportedCurrency": "USD", "grossProfit": "4232870000", "totalRevenue": "9148874000", "costOfRevenue": "4916004000", "costofGoodsAndServicesSold": "4916004000", "operatingIncome": "524618000", "sellingGeneralAndAdministrative": "4083949000", "researchAndDevelopment": "None", "operatingExpenses": "3708252000", "investmentIncomeNet": "None", "netInterestIncome": "-51060000", "interestIncome": "55460000", "interestExpense": "50841000", "nonInterestIncome": "None", "otherNonOperatingIncome": "None", "depreciation": "None", "depreciationAndAmortization": "248327000", "incomeBeforeTax": "460193000", "incomeTaxExpense": "99657000", "interestAndDebtExpense": "None", "netIncomeFromContinuingOperations": "501872000", "comprehensiveIncomeNetOfTax": "None", "ebit": "511034000", "ebitda": "759361000", "netIncome": "464402000"}, {"fiscalDateEnding": "2021-12-31", "reportedCurrency": "USD", "grossProfit": "4923950000", "totalRevenue": "10997989000", "costOfRevenue": "6074039000", "costofGoodsAndServicesSold": "6074039000", "operatingIncome": "822365000", "sellingGeneralAndAdministrative": "3912031000", "researchAndDevelopment": "None", "operatingExpenses": "4101585000", "investmentIncomeNet": "None", "netInterestIncome": "-37791000", "interestIncome": "37791000", "interestExpense": "37791000", "nonInterestIncome": "None", "otherNonOperatingIncome": "4999000", "depreciation": "None", "depreciationAndAmortization": "259933000", "incomeBeforeTax": "782493000", "incomeTaxExpense": "185878000", "interestAndDebtExpense": "None", "netIncomeFromContinuingOperations": "616108000", "comprehensiveIncomeNetOfTax": "None", "ebit": "820284000", "ebitda": "1080217000", "netIncome": "596615000"}, {"fiscalDateEnding": "2020-12-31", "reportedCurrency": "USD", "grossProfit": "4481614000", "totalRevenue": "10106321000", "costOfRevenue": "5624707000", "costofGoodsAndServicesSold": "5624707000", "operatingIncome": "749907000", "sellingGeneralAndAdministrative": "3599407000", "researchAndDevelopment": "None", "operatingExpenses": "3731707000", "investmentIncomeNet": "None", "netInterestIncome": "-46886000", "interestIncome": "46886000", "interestExpense": "46886000", "nonInterestIncome": "None", "otherNonOperatingIncome": "-52006000", "depreciation": "None", "depreciationAndAmortization": "250081000", "incomeBeforeTax": "651015000", "incomeTaxExpense": "157994000", "interestAndDebtExpense": "None", "netIncomeFromContinuingOperations": "493021000", "comprehensiveIncomeNetOfTax": "None", "ebit": "697901000", "ebitda": "947982000", "netIncome": "493021000"}, {"fiscalDateEnding": "2019-12-31", "reportedCurrency": "USD", "grossProfit": "4254746000", "totalRevenue": "9709003000", "costOfRevenue": "5454257000", "costofGoodsAndServicesSold": "5454257000", "operatingIncome": "677180000", "sellingGeneralAndAdministrative": "3460266000", "researchAndDevelopment": "None", "operatingExpenses": "3577566000", "investmentIncomeNet": "None", "netInterestIncome": "-39898000", "interestIncome": "41598000", "interestExpense": "39898000", "nonInterestIncome": "None", "otherNonOperatingIncome": "464000", "depreciation": "None", "depreciationAndAmortization": "238371000", "incomeBeforeTax": "637746000", "incomeTaxExpense": "150850000", "interestAndDebtExpense": "None", "netIncomeFromContinuingOperations": "788596000", "comprehensiveIncomeNetOfTax": "None", "ebit": "677644000", "ebitda": "916015000", "netIncome": "486896000"}, {"fiscalDateEnding": "2018-12-31", "reportedCurrency": "USD", "grossProfit": "4219413000", "totalRevenue": "9580554000", "costOfRevenue": "5361141000", "costofGoodsAndServicesSold": "5361141000", "operatingIncome": "604275000", "sellingGeneralAndAdministrative": "3494238000", "researchAndDevelopment": "0", "operatingExpenses": "3615138000", "investmentIncomeNet": "None", "netInterestIncome": "-56588000", "interestIncome": "61588000", "interestExpense": "56588000", "nonInterestIncome": "None", "otherNonOperatingIncome": "7577000", "depreciation": "None", "depreciationAndAmortization": "238184000", "incomeBeforeTax": "555264000", "incomeTaxExpense": "131417000", "interestAndDebtExpense": "None", "netIncomeFromContinuingOperations": "423847000", "comprehensiveIncomeNetOfTax": "None", "ebit": "611852000", "ebitda": "850036000", "netIncome": "423847000"}, {"fiscalDateEnding": "2017-12-31", "reportedCurrency": "USD", "grossProfit": "4085049000", "totalRevenue": "9373784000", "costOfRevenue": "5288735000", "costofGoodsAndServicesSold": "5288735000", "operatingIncome": "570212000", "sellingGeneralAndAdministrative": "3412037000", "researchAndDevelopment": "0", "operatingExpenses": "3514837000", "investmentIncomeNet": "None", "netInterestIncome": "-58801000", "interestIncome": "62801000", "interestExpense": "58801000", "nonInterestIncome": "None", "otherNonOperatingIncome": "8848000", "depreciation": "None", "depreciationAndAmortization": "249260000", "incomeBeforeTax": "520259000", "incomeTaxExpense": "44754000", "interestAndDebtExpense": "None", "netIncomeFromContinuingOperations": "475505000", "comprehensiveIncomeNetOfTax": "None", "ebit": "579060000", "ebitda": "828320000", "netIncome": "475505000"}, {"fiscalDateEnding": "2016-12-31", "reportedCurrency": "USD", "grossProfit": "4255915000", "totalRevenue": "9567679000", "costOfRevenue": "5311764000", "costofGoodsAndServicesSold": "5311764000", "operatingIncome": "787598000", "sellingGeneralAndAdministrative": "3371317000", "researchAndDevelopment": "0", "operatingExpenses": "3468317000", "investmentIncomeNet": "None", "netInterestIncome": "-59910000", "interestIncome": "59910000", "interestExpense": "59910000", "nonInterestIncome": "None", "otherNonOperatingIncome": "11147000", "depreciation": "None", "depreciationAndAmortization": "258387000", "incomeBeforeTax": "738835000", "incomeTaxExpense": "279213000", "interestAndDebtExpense": "None", "netIncomeFromContinuingOperations": "459622000", "comprehensiveIncomeNetOfTax": "None", "ebit": "798745000", "ebitda": "1057132000", "netIncome": "459622000"}, {"fiscalDateEnding": "2015-12-31", "reportedCurrency": "USD", "grossProfit": "4422772000", "totalRevenue": "9737018000", "costOfRevenue": "5314246000", "costofGoodsAndServicesSold": "5314246000", "operatingIncome": "825780000", "sellingGeneralAndAdministrative": "3488192000", "researchAndDevelopment": "0", "operatingExpenses": "3596992000", "investmentIncomeNet": "None", "netInterestIncome": "None", "interestIncome": "65408000", "interestExpense": "65408000", "nonInterestIncome": "None", "otherNonOperatingIncome": "-7484000", "depreciation": "None", "depreciationAndAmortization": "269476000", "incomeBeforeTax": "752888000", "incomeTaxExpense": "279490000", "interestAndDebtExpense": "None", "netIncomeFromContinuingOperations": "1032378000", "comprehensiveIncomeNetOfTax": "None", "ebit": "818296000", "ebitda": "1087772000", "netIncome": "473398000"}, {"fiscalDateEnding": "2014-12-31", "reportedCurrency": "USD", "grossProfit": "4453613000", "totalRevenue": "9843861000", "costOfRevenue": "5390248000", "costofGoodsAndServicesSold": "5390248000", "operatingIncome": "851710000", "sellingGeneralAndAdministrative": "3505440000", "researchAndDevelopment": "0", "operatingExpenses": "3601903000", "investmentIncomeNet": "None", "netInterestIncome": "None", "interestIncome": "None", "interestExpense": "73408000", "nonInterestIncome": "None", "otherNonOperatingIncome": "3092000", "depreciation": "None", "depreciationAndAmortization": "284693000", "incomeBeforeTax": "781394000", "incomeTaxExpense": "287569000", "interestAndDebtExpense": "None", "netIncomeFromContinuingOperations": "1068963000", "comprehensiveIncomeNetOfTax": "None", "ebit": "854802000", "ebitda": "1139495000", "netIncome": "493825000"}, {"fiscalDateEnding": "2013-12-31", "reportedCurrency": "USD", "grossProfit": "3252146000", "totalRevenue": "6493814000", "costOfRevenue": "3241668000", "costofGoodsAndServicesSold": "3241668000", "operatingIncome": "660318000", "sellingGeneralAndAdministrative": "2522712000", "researchAndDevelopment": "0", "operatingExpenses": "2591828000", "investmentIncomeNet": "None", "netInterestIncome": "None", "interestIncome": "None", "interestExpense": "36618000", "nonInterestIncome": "None", "otherNonOperatingIncome": "None", "depreciation": "None", "depreciationAndAmortization": "207795000", "incomeBeforeTax": "626398000", "incomeTaxExpense": "234640000", "interestAndDebtExpense": "None", "netIncomeFromContinuingOperations": "None", "comprehensiveIncomeNetOfTax": "None", "ebit": "663016000", "ebitda": "870811000", "netIncome": "391758000"}, {"fiscalDateEnding": "2012-12-31", "reportedCurrency": "USD", "grossProfit": "3098036000", "totalRevenue": "6205003000", "costOfRevenue": "3106967000", "costofGoodsAndServicesSold": "3106967000", "operatingIncome": "657315000", "sellingGeneralAndAdministrative": "2356850000", "researchAndDevelopment": "0", "operatingExpenses": "2440721000", "investmentIncomeNet": "None", "netInterestIncome": "None", "interestIncome": "None", "interestExpense": "33841000", "nonInterestIncome": "None", "otherNonOperatingIncome": "600000", "depreciation": "None", "depreciationAndAmortization": "189544000", "incomeBeforeTax": "624074000", "incomeTaxExpense": "236404000", "interestAndDebtExpense": "None", "netIncomeFromContinuingOperations": "387670000", "comprehensiveIncomeNetOfTax": "None", "ebit": "657915000", "ebitda": "847459000", "netIncome": "387670000"}, {"fiscalDateEnding": "2011-12-31", "reportedCurrency": "USD", "grossProfit": "3069290000", "totalRevenue": "6170462000", "costOfRevenue": "3101172000", "costofGoodsAndServicesSold": "3101172000", "operatingIncome": "664642000", "sellingGeneralAndAdministrative": "2404648000", "researchAndDevelopment": "0", "operatingExpenses": "2404648000", "investmentIncomeNet": "None", "netInterestIncome": "None", "interestIncome": "None", "interestExpense": "30949000", "nonInterestIncome": "None", "otherNonOperatingIncome": "-457000", "depreciation": "None", "depreciationAndAmortization": "175949000", "incomeBeforeTax": "633236000", "incomeTaxExpense": "238554000", "interestAndDebtExpense": "None", "netIncomeFromContinuingOperations": "394682000", "comprehensiveIncomeNetOfTax": "None", "ebit": "664185000", "ebitda": "840134000", "netIncome": "394682000"}, {"fiscalDateEnding": "2010-12-31", "reportedCurrency": "USD", "grossProfit": "2961315000", "totalRevenue": "5925203000", "costOfRevenue": "2963888000", "costofGoodsAndServicesSold": "2963888000", "operatingIncome": "584933000", "sellingGeneralAndAdministrative": "2376382000", "researchAndDevelopment": "0", "operatingExpenses": "2376382000", "investmentIncomeNet": "None", "netInterestIncome": "None", "interestIncome": "None", "interestExpense": "26861000", "nonInterestIncome": "None", "otherNonOperatingIncome": "-1017000", "depreciation": "None", "depreciationAndAmortization": "164437000", "incomeBeforeTax": "557055000", "incomeTaxExpense": "211002000", "interestAndDebtExpense": "None", "netIncomeFromContinuingOperations": "346053000", "comprehensiveIncomeNetOfTax": "None", "ebit": "583916000", "ebitda": "748353000", "netIncome": "346053000"}, {"fiscalDateEnding": "2009-12-31", "reportedCurrency": "USD", "grossProfit": "2644226000", "totalRevenue": "5412623000", "costOfRevenue": "2768397000", "costofGoodsAndServicesSold": "2768397000", "operatingIncome": "454385000", "sellingGeneralAndAdministrative": "2189841000", "researchAndDevelopment": "None", "operatingExpenses": "2189841000", "investmentIncomeNet": "None", "netInterestIncome": "None", "interestIncome": "None", "interestExpense": "23337000", "nonInterestIncome": "None", "otherNonOperatingIncome": "None", "depreciation": "None", "depreciationAndAmortization": "150917000", "incomeBeforeTax": "431655000", "incomeTaxExpense": "161282000", "interestAndDebtExpense": "None", "netIncomeFromContinuingOperations": "None", "comprehensiveIncomeNetOfTax": "None", "ebit": "454992000", "ebitda": "605909000", "netIncome": "270373000"}, {"fiscalDateEnding": "2008-12-31", "reportedCurrency": "USD", "grossProfit": "2399124000", "totalRevenue": "5142255000", "costOfRevenue": "2743131000", "costofGoodsAndServicesSold": "2743131000", "operatingIncome": "414927000", "sellingGeneralAndAdministrative": "2048137000", "researchAndDevelopment": "None", "operatingExpenses": "1984197000", "investmentIncomeNet": "None", "netInterestIncome": "None", "interestIncome": "None", "interestExpense": "33729000", "nonInterestIncome": "None", "otherNonOperatingIncome": "None", "depreciation": "None", "depreciationAndAmortization": "146580000", "incomeBeforeTax": "380692000", "incomeTaxExpense": "142654000", "interestAndDebtExpense": "None", "netIncomeFromContinuingOperations": "None", "comprehensiveIncomeNetOfTax": "None", "ebit": "414421000", "ebitda": "561001000", "netIncome": "238038000"}, {"fiscalDateEnding": "2007-12-31", "reportedCurrency": "USD", "grossProfit": "2320969000", "totalRevenue": "4844404000", "costOfRevenue": "2523435000", "costofGoodsAndServicesSold": "2523435000", "operatingIncome": "416429000", "sellingGeneralAndAdministrative": "1904500000", "researchAndDevelopment": "None", "operatingExpenses": "1904540000", "investmentIncomeNet": "None", "netInterestIncome": "None", "interestIncome": "None", "interestExpense": "34809000", "nonInterestIncome": "None", "otherNonOperatingIncome": "None", "depreciation": "None", "depreciationAndAmortization": "147500000", "incomeBeforeTax": "382634000", "incomeTaxExpense": "144317000", "interestAndDebtExpense": "None", "netIncomeFromContinuingOperations": "None", "comprehensiveIncomeNetOfTax": "None", "ebit": "416429000", "ebitda": "563929000", "netIncome": "238317000"}, {"fiscalDateEnding": "2006-12-31", "reportedCurrency": "USD", "grossProfit": "2201164000", "totalRevenue": "4616503000", "costOfRevenue": "2415339000", "costofGoodsAndServicesSold": "2415339000", "operatingIncome": "403350000", "sellingGeneralAndAdministrative": "1797800000", "researchAndDevelopment": "None", "operatingExpenses": "1797814000", "investmentIncomeNet": "None", "netInterestIncome": "None", "interestIncome": "None", "interestExpense": "35992000", "nonInterestIncome": "None", "otherNonOperatingIncome": "None", "depreciation": "None", "depreciationAndAmortization": "139957000", "incomeBeforeTax": "369915000", "incomeTaxExpense": "138597000", "interestAndDebtExpense": "None", "netIncomeFromContinuingOperations": "None", "comprehensiveIncomeNetOfTax": "None", "ebit": "403350000", "ebitda": "543307000", "netIncome": "231318000"}], "quarterlyReports": [{"fiscalDateEnding": "2025-12-31", "reportedCurrency": "USD", "grossProfit": "869000000", "totalRevenue": "1973000000", "costOfRevenue": "1104000000", "costofGoodsAndServicesSold": "1104000000", "operatingIncome": "248000000", "sellingGeneralAndAdministrative": "802000000", "researchAndDevelopment": "None", "operatingExpenses": "802000000", "investmentIncomeNet": "None", "netInterestIncome": "None", "interestIncome": "-53000000", "interestExpense": "53000000", "nonInterestIncome": "None", "otherNonOperatingIncome": "None", "depreciation": "None", "depreciationAndAmortization": "-88000000", "incomeBeforeTax": "21000000", "incomeTaxExpense": "15000000", "interestAndDebtExpense": "None", "netIncomeFromContinuingOperations": "None", "comprehensiveIncomeNetOfTax": "None", "ebit": "187000000", "ebitda": "99000000", "netIncome": "6000000"}, {"fiscalDateEnding": "2025-09-30", "reportedCurrency": "USD", "grossProfit": "848000000", "totalRevenue": "2003000000", "costOfRevenue": "1155000000", "costofGoodsAndServicesSold": "1155000000", "operatingIncome": "22000000", "sellingGeneralAndAdministrative": "826000000", "researchAndDevelopment": "None", "operatingExpenses": "826000000", "investmentIncomeNet": "None", "netInterestIncome": "-40000000", "interestIncome": "40000000", "interestExpense": "40000000", "nonInterestIncome": "None", "otherNonOperatingIncome": "None", "depreciation": "None", "depreciationAndAmortization": "214000000", "incomeBeforeTax": "-2000000", "incomeTaxExpense": "-1000000", "interestAndDebtExpense": "None", "netIncomeFromContinuingOperations": "-1000000", "comprehensiveIncomeNetOfTax": "None", "ebit": "38000000", "ebitda": "252000000", "netIncome": "-1000000"}, {"fiscalDateEnding": "2025-06-30", "reportedCurrency": "USD", "grossProfit": "874000000", "totalRevenue": "2010000000", "costOfRevenue": "1136000000", "costofGoodsAndServicesSold": "1136000000", "operatingIncome": "22000000", "sellingGeneralAndAdministrative": "823000000", "researchAndDevelopment": "None", "operatingExpenses": "852000000", "investmentIncomeNet": "None", "netInterestIncome": "-19000000", "interestIncome": "19000000", "interestExpense": "19000000", "nonInterestIncome": "None", "otherNonOperatingIncome": "None", "depreciation": "None", "depreciationAndAmortization": "57000000", "incomeBeforeTax": "21000000", "incomeTaxExpense": "6000000", "interestAndDebtExpense": "None", "netIncomeFromContinuingOperations": "15000000", "comprehensiveIncomeNetOfTax": "None", "ebit": "40000000", "ebitda": "97000000", "netIncome": "15000000"}, {"fiscalDateEnding": "2025-03-31", "reportedCurrency": "USD", "grossProfit": "1109000000", "totalRevenue": "2583000000", "costOfRevenue": "1474000000", "costofGoodsAndServicesSold": "1474000000", "operatingIncome": "-131000000", "sellingGeneralAndAdministrative": "1122000000", "researchAndDevelopment": "None", "operatingExpenses": "1240000000", "investmentIncomeNet": "None", "netInterestIncome": "-27000000", "interestIncome": "27000000", "interestExpense": "27000000", "nonInterestIncome": "None", "otherNonOperatingIncome": "None", "depreciation": "None", "depreciationAndAmortization": "89000000", "incomeBeforeTax": "-131000000", "incomeTaxExpense": "-155000000", "interestAndDebtExpense": "None", "netIncomeFromContinuingOperations": "24000000", "comprehensiveIncomeNetOfTax": "None", "ebit": "-104000000", "ebitda": "-15000000", "netIncome": "24000000"}, {"fiscalDateEnding": "2024-12-31", "reportedCurrency": "USD", "grossProfit": "347116000", "totalRevenue": "1996025000", "costOfRevenue": "1648909000", "costofGoodsAndServicesSold": "1648909000", "operatingIncome": "-820003000", "sellingGeneralAndAdministrative": "778616000", "researchAndDevelopment": "None", "operatingExpenses": "1167119000", "investmentIncomeNet": "None", "netInterestIncome": "-18906000", "interestIncome": "18906000", "interestExpense": "18906000", "nonInterestIncome": "None", "otherNonOperatingIncome": "None", "depreciation": "None", "depreciationAndAmortization": "74783000", "incomeBeforeTax": "-825437000", "incomeTaxExpense": "-215906000", "interestAndDebtExpense": "None", "netIncomeFromContinuingOperations": "-609531000", "comprehensiveIncomeNetOfTax": "None", "ebit": "-806531000", "ebitda": "-731748000", "netIncome": "-414777000"}, {"fiscalDateEnding": "2024-09-30", "reportedCurrency": "USD", "grossProfit": "907898000", "totalRevenue": "2147991000", "costOfRevenue": "1240093000", "costofGoodsAndServicesSold": "1240093000", "operatingIncome": "403000", "sellingGeneralAndAdministrative": "907495000", "researchAndDevelopment": "None", "operatingExpenses": "907495000", "investmentIncomeNet": "None", "netInterestIncome": "-18805000", "interestIncome": "18805000", "interestExpense": "18805000", "nonInterestIncome": "None", "otherNonOperatingIncome": "None", "depreciation": "None", "depreciationAndAmortization": "66197000", "incomeBeforeTax": "-16009000", "incomeTaxExpense": "9354000", "interestAndDebtExpense": "None", "netIncomeFromContinuingOperations": "-25363000", "comprehensiveIncomeNetOfTax": "None", "ebit": "2796000", "ebitda": "68993000", "netIncome": "-6014000"}, {"fiscalDateEnding": "2024-06-30", "reportedCurrency": "USD", "grossProfit": "950000000", "totalRevenue": "2178000000", "costOfRevenue": "1228000000", "costofGoodsAndServicesSold": "1228000000", "operatingIncome": "54000000", "sellingGeneralAndAdministrative": "1042557000", "researchAndDevelopment": "None", "operatingExpenses": "896000000", "investmentIncomeNet": "None", "netInterestIncome": "-18668000", "interestIncome": "None", "interestExpense": "19000000", "nonInterestIncome": "None", "otherNonOperatingIncome": "None", "depreciation": "None", "depreciationAndAmortization": "68000000", "incomeBeforeTax": "44000000", "incomeTaxExpense": "13000000", "interestAndDebtExpense": "None", "netIncomeFromContinuingOperations": "44991000", "comprehensiveIncomeNetOfTax": "None", "ebit": "63000000", "ebitda": "131000000", "netIncome": "45000000"}, {"fiscalDateEnding": "2024-03-31", "reportedCurrency": "USD", "grossProfit": "1204000000", "totalRevenue": "2772000000", "costOfRevenue": "1568000000", "costofGoodsAndServicesSold": "1568000000", "operatingIncome": "53000000", "sellingGeneralAndAdministrative": "847607000", "researchAndDevelopment": "None", "operatingExpenses": "1151000000", "investmentIncomeNet": "None", "netInterestIncome": "-24875000", "interestIncome": "None", "interestExpense": "25000000", "nonInterestIncome": "None", "otherNonOperatingIncome": "None", "depreciation": "None", "depreciationAndAmortization": "83000000", "incomeBeforeTax": "29000000", "incomeTaxExpense": "12000000", "interestAndDebtExpense": "None", "netIncomeFromContinuingOperations": "40012000", "comprehensiveIncomeNetOfTax": "None", "ebit": "54000000", "ebitda": "137000000", "netIncome": "40000000"}, {"fiscalDateEnding": "2023-12-31", "reportedCurrency": "USD", "grossProfit": "920964000", "totalRevenue": "2464869000", "costOfRevenue": "1543905000", "costofGoodsAndServicesSold": "1543905000", "operatingIncome": "-80716000", "sellingGeneralAndAdministrative": "696397000", "researchAndDevelopment": "None", "operatingExpenses": "1001680000", "investmentIncomeNet": "None", "netInterestIncome": "-18062000", "interestIncome": "None", "interestExpense": "18062000", "nonInterestIncome": "None", "otherNonOperatingIncome": "None", "depreciation": "None", "depreciationAndAmortization": "71478000", "incomeBeforeTax": "-93047000", "incomeTaxExpense": "-32537000", "interestAndDebtExpense": "None", "netIncomeFromContinuingOperations": "-60510000", "comprehensiveIncomeNetOfTax": "None", "ebit": "-74985000", "ebitda": "-3507000", "netIncome": "-60510000"}, {"fiscalDateEnding": "2023-09-30", "reportedCurrency": "USD", "grossProfit": "817567000", "totalRevenue": "2218205000", "costOfRevenue": "1400638000", "costofGoodsAndServicesSold": "1400638000", "operatingIncome": "-78578000", "sellingGeneralAndAdministrative": "1030355000", "researchAndDevelopment": "None", "operatingExpenses": "896145000", "investmentIncomeNet": "None", "netInterestIncome": "-19407000", "interestIncome": "None", "interestExpense": "19375000", "nonInterestIncome": "None", "otherNonOperatingIncome": "None", "depreciation": "None", "depreciationAndAmortization": "43684000", "incomeBeforeTax": "-98258000", "incomeTaxExpense": "-24072000", "interestAndDebtExpense": "None", "netIncomeFromContinuingOperations": "-48633000", "comprehensiveIncomeNetOfTax": "None", "ebit": "-78883000", "ebitda": "-35199000", "netIncome": "-62037000"}, {"fiscalDateEnding": "2023-06-30", "reportedCurrency": "USD", "grossProfit": "1140455000", "totalRevenue": "2686066000", "costOfRevenue": "1545611000", "costofGoodsAndServicesSold": "1545611000", "operatingIncome": "125960000", "sellingGeneralAndAdministrative": "1013701000", "researchAndDevelopment": "None", "operatingExpenses": "1014495000", "investmentIncomeNet": "None", "netInterestIncome": "-20869000", "interestIncome": "20869000", "interestExpense": "20869000", "nonInterestIncome": "None", "otherNonOperatingIncome": "1684000", "depreciation": "None", "depreciationAndAmortization": "70420000", "incomeBeforeTax": "106775000", "incomeTaxExpense": "28198000", "interestAndDebtExpense": "None", "netIncomeFromContinuingOperations": "85362000", "comprehensiveIncomeNetOfTax": "None", "ebit": "127644000", "ebitda": "198064000", "netIncome": "78577000"}, {"fiscalDateEnding": "2023-03-31", "reportedCurrency": "USD", "grossProfit": "1461928000", "totalRevenue": "3417594000", "costOfRevenue": "1955666000", "costofGoodsAndServicesSold": "1955666000", "operatingIncome": "97938000", "sellingGeneralAndAdministrative": "1380664000", "researchAndDevelopment": "None", "operatingExpenses": "1363990000", "investmentIncomeNet": "None", "netInterestIncome": "-29718000", "interestIncome": "29718000", "interestExpense": "29718000", "nonInterestIncome": "None", "otherNonOperatingIncome": "None", "depreciation": "None", "depreciationAndAmortization": "92554000", "incomeBeforeTax": "67546000", "incomeTaxExpense": "19223000", "interestAndDebtExpense": "None", "netIncomeFromContinuingOperations": "42651000", "comprehensiveIncomeNetOfTax": "None", "ebit": "97264000", "ebitda": "189818000", "netIncome": "48323000"}, {"fiscalDateEnding": "2022-12-31", "reportedCurrency": "USD", "grossProfit": "1090011000", "totalRevenue": "2473745000", "costOfRevenue": "1383734000", "costofGoodsAndServicesSold": "1383734000", "operatingIncome": "132002000", "sellingGeneralAndAdministrative": "794009000", "researchAndDevelopment": "None", "operatingExpenses": "958009000", "investmentIncomeNet": "None", "netInterestIncome": "-15946000", "interestIncome": "15946000", "interestExpense": "15946000", "nonInterestIncome": "None", "otherNonOperatingIncome": "None", "depreciation": "None", "depreciationAndAmortization": "68576000", "incomeBeforeTax": "127374000", "incomeTaxExpense": "20678000", "interestAndDebtExpense": "None", "netIncomeFromContinuingOperations": "106696000", "comprehensiveIncomeNetOfTax": "None", "ebit": "143320000", "ebitda": "211896000", "netIncome": "106696000"}, {"fiscalDateEnding": "2022-09-30", "reportedCurrency": "USD", "grossProfit": "1179247000", "totalRevenue": "2641341000", "costOfRevenue": "1462094000", "costofGoodsAndServicesSold": "1462094000", "operatingIncome": "171021000", "sellingGeneralAndAdministrative": "995657000", "researchAndDevelopment": "None", "operatingExpenses": "1008226000", "investmentIncomeNet": "None", "netInterestIncome": "-12039000", "interestIncome": "12039000", "interestExpense": "12039000", "nonInterestIncome": "None", "otherNonOperatingIncome": "-17741000", "depreciation": "None", "depreciationAndAmortization": "66533000", "incomeBeforeTax": "153928000", "incomeTaxExpense": "38047000", "interestAndDebtExpense": "None", "netIncomeFromContinuingOperations": "110982000", "comprehensiveIncomeNetOfTax": "None", "ebit": "165967000", "ebitda": "232500000", "netIncome": "115881000"}, {"fiscalDateEnding": "2022-06-30", "reportedCurrency": "USD", "grossProfit": "1181917000", "totalRevenue": "2665426000", "costOfRevenue": "1483509000", "costofGoodsAndServicesSold": "1483509000", "operatingIncome": "214739000", "sellingGeneralAndAdministrative": "984037000", "researchAndDevelopment": "None", "operatingExpenses": "967178000", "investmentIncomeNet": "None", "netInterestIncome": "-10207000", "interestIncome": "10207000", "interestExpense": "10207000", "nonInterestIncome": "None", "otherNonOperatingIncome": "-711000", "depreciation": "None", "depreciationAndAmortization": "63110000", "incomeBeforeTax": "190764000", "incomeTaxExpense": "46362000", "interestAndDebtExpense": "None", "netIncomeFromContinuingOperations": "144402000", "comprehensiveIncomeNetOfTax": "None", "ebit": "200971000", "ebitda": "264081000", "netIncome": "144402000"}, {"fiscalDateEnding": "2022-03-31", "reportedCurrency": "USD", "grossProfit": "1498137000", "totalRevenue": "3374210000", "costOfRevenue": "1876073000", "costofGoodsAndServicesSold": "1876073000", "operatingIncome": "213720000", "sellingGeneralAndAdministrative": "1303250000", "researchAndDevelopment": "None", "operatingExpenses": "1284417000", "investmentIncomeNet": "None", "netInterestIncome": "-12868000", "interestIncome": "12868000", "interestExpense": "12868000", "nonInterestIncome": "None", "otherNonOperatingIncome": "None", "depreciation": "None", "depreciationAndAmortization": "85581000", "incomeBeforeTax": "183130000", "incomeTaxExpense": "43339000", "interestAndDebtExpense": "None", "netIncomeFromContinuingOperations": "139791000", "comprehensiveIncomeNetOfTax": "None", "ebit": "195998000", "ebitda": "281579000", "netIncome": "139791000"}, {"fiscalDateEnding": "2021-12-31", "reportedCurrency": "USD", "grossProfit": "1072117000", "totalRevenue": "2396975000", "costOfRevenue": "1324858000", "costofGoodsAndServicesSold": "1324858000", "operatingIncome": "112462000", "sellingGeneralAndAdministrative": "781655000", "researchAndDevelopment": "None", "operatingExpenses": "959655000", "investmentIncomeNet": "None", "netInterestIncome": "-9705000", "interestIncome": "9705000", "interestExpense": "9706000", "nonInterestIncome": "None", "otherNonOperatingIncome": "None", "depreciation": "None", "depreciationAndAmortization": "65196000", "incomeBeforeTax": "99965000", "incomeTaxExpense": "18296000", "interestAndDebtExpense": "None", "netIncomeFromContinuingOperations": "81670000", "comprehensiveIncomeNetOfTax": "None", "ebit": "109671000", "ebitda": "174867000", "netIncome": "81669000"}, {"fiscalDateEnding": "2021-09-30", "reportedCurrency": "USD", "grossProfit": "1182454000", "totalRevenue": "2621229000", "costOfRevenue": "1438775000", "costofGoodsAndServicesSold": "1438775000", "operatingIncome": "229198000", "sellingGeneralAndAdministrative": "953256000", "researchAndDevelopment": "None", "operatingExpenses": "953256000", "investmentIncomeNet": "None", "netInterestIncome": "-8587000", "interestIncome": "8587000", "interestExpense": "8587000", "nonInterestIncome": "None", "otherNonOperatingIncome": "1810000", "depreciation": "None", "depreciationAndAmortization": "59426000", "incomeBeforeTax": "222421000", "incomeTaxExpense": "52608000", "interestAndDebtExpense": "None", "netIncomeFromContinuingOperations": "169813000", "comprehensiveIncomeNetOfTax": "None", "ebit": "231008000", "ebitda": "290434000", "netIncome": "169813000"}, {"fiscalDateEnding": "2021-06-30", "reportedCurrency": "USD", "grossProfit": "1189251000", "totalRevenue": "2649415000", "costOfRevenue": "1460164000", "costofGoodsAndServicesSold": "1460164000", "operatingIncome": "244928000", "sellingGeneralAndAdministrative": "944323000", "researchAndDevelopment": "None", "operatingExpenses": "944323000", "investmentIncomeNet": "None", "netInterestIncome": "-8306000", "interestIncome": "8306000", "interestExpense": "8306000", "nonInterestIncome": "None", "otherNonOperatingIncome": "1143000", "depreciation": "None", "depreciationAndAmortization": "58058000", "incomeBeforeTax": "237765000", "incomeTaxExpense": "59069000", "interestAndDebtExpense": "None", "netIncomeFromContinuingOperations": "178696000", "comprehensiveIncomeNetOfTax": "None", "ebit": "246071000", "ebitda": "304129000", "netIncome": "178696000"}, {"fiscalDateEnding": "2021-03-31", "reportedCurrency": "USD", "grossProfit": "1484926000", "totalRevenue": "3330370000", "costOfRevenue": "1845444000", "costofGoodsAndServicesSold": "1845444000", "operatingIncome": "252129000", "sellingGeneralAndAdministrative": "1232797000", "researchAndDevelopment": "None", "operatingExpenses": "1232797000", "investmentIncomeNet": "None", "netInterestIncome": "-11191000", "interestIncome": "11191000", "interestExpense": "11191000", "nonInterestIncome": "None", "otherNonOperatingIncome": "None", "depreciation": "None", "depreciationAndAmortization": "77253000", "incomeBeforeTax": "245774000", "incomeTaxExpense": "59844000", "interestAndDebtExpense": "None", "netIncomeFromContinuingOperations": "185930000", "comprehensiveIncomeNetOfTax": "None", "ebit": "256965000", "ebitda": "334218000", "netIncome": "185930000"}, {"fiscalDateEnding": "2020-12-31", "reportedCurrency": "USD", "grossProfit": "1083696000", "totalRevenue": "2365131000", "costOfRevenue": "1281435000", "costofGoodsAndServicesSold": "1281435000", "operatingIncome": "151826000", "sellingGeneralAndAdministrative": "799570000", "researchAndDevelopment": "None", "operatingExpenses": "931870000", "investmentIncomeNet": "None", "netInterestIncome": "-9297000", "interestIncome": "9297000", "interestExpense": "9296000", "nonInterestIncome": "None", "otherNonOperatingIncome": "None", "depreciation": "None", "depreciationAndAmortization": "57170000", "incomeBeforeTax": "140744000", "incomeTaxExpense": "28747000", "interestAndDebtExpense": "None", "netIncomeFromContinuingOperations": "111996000", "comprehensiveIncomeNetOfTax": "None", "ebit": "150040000", "ebitda": "207210000", "netIncome": "111997000"}, {"fiscalDateEnding": "2020-09-30", "reportedCurrency": "USD", "grossProfit": "1128471000", "totalRevenue": "2541928000", "costOfRevenue": "1413457000", "costofGoodsAndServicesSold": "1413457000", "operatingIncome": "256811000", "sellingGeneralAndAdministrative": "871660000", "researchAndDevelopment": "None", "operatingExpenses": "871660000", "investmentIncomeNet": "None", "netInterestIncome": "-11925000", "interestIncome": "11925000", "interestExpense": "11925000", "nonInterestIncome": "None", "otherNonOperatingIncome": "-47348000", "depreciation": "None", "depreciationAndAmortization": "57690000", "incomeBeforeTax": "197538000", "incomeTaxExpense": "50062000", "interestAndDebtExpense": "None", "netIncomeFromContinuingOperations": "247600000", "comprehensiveIncomeNetOfTax": "None", "ebit": "209463000", "ebitda": "267153000", "netIncome": "147476000"}, {"fiscalDateEnding": "2020-06-30", "reportedCurrency": "USD", "grossProfit": "1096714000", "totalRevenue": "2501380000", "costOfRevenue": "1404666000", "costofGoodsAndServicesSold": "1404666000", "operatingIncome": "262845000", "sellingGeneralAndAdministrative": "824049000", "researchAndDevelopment": "None", "operatingExpenses": "833869000", "investmentIncomeNet": "None", "netInterestIncome": "-13422000", "interestIncome": "13422000", "interestExpense": "13422000", "nonInterestIncome": "None", "otherNonOperatingIncome": "3117000", "depreciation": "None", "depreciationAndAmortization": "56642000", "incomeBeforeTax": "252540000", "incomeTaxExpense": "62580000", "interestAndDebtExpense": "None", "netIncomeFromContinuingOperations": "189960000", "comprehensiveIncomeNetOfTax": "None", "ebit": "265962000", "ebitda": "322604000", "netIncome": "189960000"}, {"fiscalDateEnding": "2020-03-31", "reportedCurrency": "USD", "grossProfit": "1172733000", "totalRevenue": "2697882000", "costOfRevenue": "1525149000", "costofGoodsAndServicesSold": "1525149000", "operatingIncome": "78425000", "sellingGeneralAndAdministrative": "1078101000", "researchAndDevelopment": "None", "operatingExpenses": "1094308000", "investmentIncomeNet": "None", "netInterestIncome": "-12243000", "interestIncome": "12243000", "interestExpense": "12243000", "nonInterestIncome": "None", "otherNonOperatingIncome": "None", "depreciation": "None", "depreciationAndAmortization": "78579000", "incomeBeforeTax": "60193000", "incomeTaxExpense": "16605000", "interestAndDebtExpense": "None", "netIncomeFromContinuingOperations": "43588000", "comprehensiveIncomeNetOfTax": "None", "ebit": "72436000", "ebitda": "151015000", "netIncome": "43588000"}, {"fiscalDateEnding": "2019-12-31", "reportedCurrency": "USD", "grossProfit": "928769000", "totalRevenue": "2112614000", "costOfRevenue": "1183845000", "costofGoodsAndServicesSold": "1183845000", "operatingIncome": "126139000", "sellingGeneralAndAdministrative": "685330000", "researchAndDevelopment": "None", "operatingExpenses": "802630000", "investmentIncomeNet": "None", "netInterestIncome": "-7836000", "interestIncome": "7836000", "interestExpense": "7836000", "nonInterestIncome": "None", "otherNonOperatingIncome": "None", "depreciation": "None", "depreciationAndAmortization": "58806000", "incomeBeforeTax": "120039000", "incomeTaxExpense": "24132000", "interestAndDebtExpense": "None", "netIncomeFromContinuingOperations": "95907000", "comprehensiveIncomeNetOfTax": "None", "ebit": "127875000", "ebitda": "186681000", "netIncome": "95907000"}, {"fiscalDateEnding": "2019-09-30", "reportedCurrency": "USD", "grossProfit": "1011926000", "totalRevenue": "2312106000", "costOfRevenue": "1300180000", "costofGoodsAndServicesSold": "1300180000", "operatingIncome": "172328000", "sellingGeneralAndAdministrative": "816212000", "researchAndDevelopment": "None", "operatingExpenses": "839598000", "investmentIncomeNet": "None", "netInterestIncome": "-8443000", "interestIncome": "8443000", "interestExpense": "8443000", "nonInterestIncome": "None", "otherNonOperatingIncome": "-3145000", "depreciation": "None", "depreciationAndAmortization": "56308000", "incomeBeforeTax": "160740000", "incomeTaxExpense": "37071000", "interestAndDebtExpense": "None", "netIncomeFromContinuingOperations": "123669000", "comprehensiveIncomeNetOfTax": "None", "ebit": "169183000", "ebitda": "225491000", "netIncome": "123669000"}, {"fiscalDateEnding": "2019-06-30", "reportedCurrency": "USD", "grossProfit": "1009438000", "totalRevenue": "2332246000", "costOfRevenue": "1322808000", "costofGoodsAndServicesSold": "1322808000", "operatingIncome": "170772000", "sellingGeneralAndAdministrative": "819350000", "researchAndDevelopment": "None", "operatingExpenses": "838666000", "investmentIncomeNet": "None", "netInterestIncome": "-8675000", "interestIncome": "8675000", "interestExpense": "8675000", "nonInterestIncome": "None", "otherNonOperatingIncome": "4113000", "depreciation": "None", "depreciationAndAmortization": "53372000", "incomeBeforeTax": "166210000", "incomeTaxExpense": "41390000", "interestAndDebtExpense": "None", "netIncomeFromContinuingOperations": "124820000", "comprehensiveIncomeNetOfTax": "None", "ebit": "174885000", "ebitda": "228257000", "netIncome": "124820000"}, {"fiscalDateEnding": "2019-03-31", "reportedCurrency": "USD", "grossProfit": "1304612000", "totalRevenue": "2952036000", "costOfRevenue": "1647424000", "costofGoodsAndServicesSold": "1647424000", "operatingIncome": "207940000", "sellingGeneralAndAdministrative": "1082772000", "researchAndDevelopment": "None", "operatingExpenses": "1096672000", "investmentIncomeNet": "None", "netInterestIncome": "-14944000", "interestIncome": "None", "interestExpense": "14944000", "nonInterestIncome": "None", "otherNonOperatingIncome": "None", "depreciation": "None", "depreciationAndAmortization": "69885000", "incomeBeforeTax": "190758000", "incomeTaxExpense": "48258000", "interestAndDebtExpense": "None", "netIncomeFromContinuingOperations": "142500000", "comprehensiveIncomeNetOfTax": "None", "ebit": "205702000", "ebitda": "275587000", "netIncome": "142500000"}, {"fiscalDateEnding": "2018-12-31", "reportedCurrency": "USD", "grossProfit": "928644000", "totalRevenue": "2105072000", "costOfRevenue": "1176428000", "costofGoodsAndServicesSold": "1176428000", "operatingIncome": "84253000", "sellingGeneralAndAdministrative": "723491000", "researchAndDevelopment": "0", "operatingExpenses": "844391000", "investmentIncomeNet": "None", "netInterestIncome": "None", "interestIncome": "None", "interestExpense": "12975000", "nonInterestIncome": "None", "otherNonOperatingIncome": "None", "depreciation": "None", "depreciationAndAmortization": "54600000", "incomeBeforeTax": "69857000", "incomeTaxExpense": "16415000", "interestAndDebtExpense": "None", "netIncomeFromContinuingOperations": "53442000", "comprehensiveIncomeNetOfTax": "None", "ebit": "82832000", "ebitda": "137432000", "netIncome": "53442000"}, {"fiscalDateEnding": "2018-09-30", "reportedCurrency": "USD", "grossProfit": "1006927000", "totalRevenue": "2274982000", "costOfRevenue": "1268055000", "costofGoodsAndServicesSold": "1268055000", "operatingIncome": "154241000", "sellingGeneralAndAdministrative": "831986000", "researchAndDevelopment": "0", "operatingExpenses": "852686000", "investmentIncomeNet": "None", "netInterestIncome": "None", "interestIncome": "None", "interestExpense": "13076000", "nonInterestIncome": "None", "otherNonOperatingIncome": "5755000", "depreciation": "None", "depreciationAndAmortization": "55340000", "incomeBeforeTax": "146920000", "incomeTaxExpense": "31077000", "interestAndDebtExpense": "None", "netIncomeFromContinuingOperations": "177997000", "comprehensiveIncomeNetOfTax": "None", "ebit": "159996000", "ebitda": "215336000", "netIncome": "115843000"}, {"fiscalDateEnding": "2018-06-30", "reportedCurrency": "USD", "grossProfit": "1011559000", "totalRevenue": "2326652000", "costOfRevenue": "1315093000", "costofGoodsAndServicesSold": "1315093000", "operatingIncome": "167541000", "sellingGeneralAndAdministrative": "836900000", "researchAndDevelopment": "0", "operatingExpenses": "844018000", "investmentIncomeNet": "None", "netInterestIncome": "None", "interestIncome": "None", "interestExpense": "12855000", "nonInterestIncome": "None", "otherNonOperatingIncome": "2785000", "depreciation": "None", "depreciationAndAmortization": "56552000", "incomeBeforeTax": "157471000", "incomeTaxExpense": "39635000", "interestAndDebtExpense": "None", "netIncomeFromContinuingOperations": "197106000", "comprehensiveIncomeNetOfTax": "None", "ebit": "170326000", "ebitda": "226878000", "netIncome": "117836000"}, {"fiscalDateEnding": "2018-03-31", "reportedCurrency": "USD", "grossProfit": "1272284000", "totalRevenue": "2873848000", "costOfRevenue": "1601564000", "costofGoodsAndServicesSold": "1601564000", "operatingIncome": "198241000", "sellingGeneralAndAdministrative": "1070800000", "researchAndDevelopment": "0", "operatingExpenses": "1074043000", "investmentIncomeNet": "None", "netInterestIncome": "None", "interestIncome": "None", "interestExpense": "17682000", "nonInterestIncome": "None", "otherNonOperatingIncome": "None", "depreciation": "None", "depreciationAndAmortization": "71692000", "incomeBeforeTax": "181017000", "incomeTaxExpense": "44290000", "interestAndDebtExpense": "None", "netIncomeFromContinuingOperations": "136727000", "comprehensiveIncomeNetOfTax": "None", "ebit": "198699000", "ebitda": "270391000", "netIncome": "136727000"}, {"fiscalDateEnding": "2017-12-31", "reportedCurrency": "USD", "grossProfit": "873569000", "totalRevenue": "2036986000", "costOfRevenue": "1163417000", "costofGoodsAndServicesSold": "1163417000", "operatingIncome": "87152000", "sellingGeneralAndAdministrative": "683617000", "researchAndDevelopment": "0", "operatingExpenses": "786417000", "investmentIncomeNet": "None", "netInterestIncome": "None", "interestIncome": "None", "interestExpense": "13136000", "nonInterestIncome": "None", "otherNonOperatingIncome": "None", "depreciation": "None", "depreciationAndAmortization": "56507000", "incomeBeforeTax": "74137000", "incomeTaxExpense": "-110363000", "interestAndDebtExpense": "None", "netIncomeFromContinuingOperations": "316776000", "comprehensiveIncomeNetOfTax": "None", "ebit": "87273000", "ebitda": "143780000", "netIncome": "184500000"}, {"fiscalDateEnding": "2017-09-30", "reportedCurrency": "USD", "grossProfit": "947708000", "totalRevenue": "2182233000", "costOfRevenue": "1234525000", "costofGoodsAndServicesSold": "1234525000", "operatingIncome": "156569000", "sellingGeneralAndAdministrative": "791100000", "researchAndDevelopment": "0", "operatingExpenses": "791139000", "investmentIncomeNet": "None", "netInterestIncome": "None", "interestIncome": "None", "interestExpense": "13314000", "nonInterestIncome": "None", "otherNonOperatingIncome": "745000", "depreciation": "None", "depreciationAndAmortization": "57553000", "incomeBeforeTax": "144000000", "incomeTaxExpense": "48004000", "interestAndDebtExpense": "None", "netIncomeFromContinuingOperations": "192004000", "comprehensiveIncomeNetOfTax": "None", "ebit": "157314000", "ebitda": "214867000", "netIncome": "95996000"}, {"fiscalDateEnding": "2017-06-30", "reportedCurrency": "USD", "grossProfit": "993088000", "totalRevenue": "2263727000", "costOfRevenue": "1270639000", "costofGoodsAndServicesSold": "1270639000", "operatingIncome": "146711000", "sellingGeneralAndAdministrative": "846400000", "researchAndDevelopment": "0", "operatingExpenses": "846377000", "investmentIncomeNet": "None", "netInterestIncome": "None", "interestIncome": "None", "interestExpense": "13921000", "nonInterestIncome": "None", "otherNonOperatingIncome": "3169000", "depreciation": "None", "depreciationAndAmortization": "57770000", "incomeBeforeTax": "135959000", "incomeTaxExpense": "48910000", "interestAndDebtExpense": "None", "netIncomeFromContinuingOperations": "184869000", "comprehensiveIncomeNetOfTax": "None", "ebit": "149880000", "ebitda": "207650000", "netIncome": "87049000"}, {"fiscalDateEnding": "2017-03-31", "reportedCurrency": "USD", "grossProfit": "1270684000", "totalRevenue": "2890838000", "costOfRevenue": "1620154000", "costofGoodsAndServicesSold": "1620154000", "operatingIncome": "179780000", "sellingGeneralAndAdministrative": "1090900000", "researchAndDevelopment": "0", "operatingExpenses": "1090904000", "investmentIncomeNet": "None", "netInterestIncome": "None", "interestIncome": "None", "interestExpense": "18430000", "nonInterestIncome": "None", "otherNonOperatingIncome": "None", "depreciation": "None", "depreciationAndAmortization": "77430000", "incomeBeforeTax": "166163000", "incomeTaxExpense": "58203000", "interestAndDebtExpense": "None", "netIncomeFromContinuingOperations": "107960000", "comprehensiveIncomeNetOfTax": "None", "ebit": "184593000", "ebitda": "262023000", "netIncome": "107960000"}, {"fiscalDateEnding": "2016-12-31", "reportedCurrency": "USD", "grossProfit": "907564000", "totalRevenue": "2082891000", "costOfRevenue": "1175327000", "costofGoodsAndServicesSold": "1175327000", "operatingIncome": "106147000", "sellingGeneralAndAdministrative": "704417000", "researchAndDevelopment": "0", "operatingExpenses": "801417000", "investmentIncomeNet": "None", "netInterestIncome": "None", "interestIncome": "None", "interestExpense": "13365000", "nonInterestIncome": "None", "otherNonOperatingIncome": "None", "depreciation": "None", "depreciationAndAmortization": "59125000", "incomeBeforeTax": "96911000", "incomeTaxExpense": "34546000", "interestAndDebtExpense": "None", "netIncomeFromContinuingOperations": "243139000", "comprehensiveIncomeNetOfTax": "None", "ebit": "110276000", "ebitda": "169401000", "netIncome": "62365000"}, {"fiscalDateEnding": "2016-09-30", "reportedCurrency": "USD", "grossProfit": "988205000", "totalRevenue": "2248855000", "costOfRevenue": "1260650000", "costofGoodsAndServicesSold": "1260650000", "operatingIncome": "193768000", "sellingGeneralAndAdministrative": "794400000", "researchAndDevelopment": "0", "operatingExpenses": "794437000", "investmentIncomeNet": "None", "netInterestIncome": "None", "interestIncome": "None", "interestExpense": "13581000", "nonInterestIncome": "None", "otherNonOperatingIncome": "-2349000", "depreciation": "None", "depreciationAndAmortization": "59997000", "incomeBeforeTax": "177838000", "incomeTaxExpense": "63994000", "interestAndDebtExpense": "None", "netIncomeFromContinuingOperations": "241832000", "comprehensiveIncomeNetOfTax": "None", "ebit": "191419000", "ebitda": "251416000", "netIncome": "113844000"}, {"fiscalDateEnding": "2016-06-30", "reportedCurrency": "USD", "grossProfit": "1010257000", "totalRevenue": "2256155000", "costOfRevenue": "1245898000", "costofGoodsAndServicesSold": "1245898000", "operatingIncome": "216684000", "sellingGeneralAndAdministrative": "793600000", "researchAndDevelopment": "0", "operatingExpenses": "793573000", "investmentIncomeNet": "None", "netInterestIncome": "None", "interestIncome": "None", "interestExpense": "14021000", "nonInterestIncome": "None", "otherNonOperatingIncome": "6244000", "depreciation": "None", "depreciationAndAmortization": "59945000", "incomeBeforeTax": "208907000", "incomeTaxExpense": "84307000", "interestAndDebtExpense": "None", "netIncomeFromContinuingOperations": "293214000", "comprehensiveIncomeNetOfTax": "None", "ebit": "222928000", "ebitda": "282873000", "netIncome": "124600000"}, {"fiscalDateEnding": "2016-03-31", "reportedCurrency": "USD", "grossProfit": "1349889000", "totalRevenue": "2979778000", "costOfRevenue": "1629889000", "costofGoodsAndServicesSold": "1629889000", "operatingIncome": "270999000", "sellingGeneralAndAdministrative": "1078900000", "researchAndDevelopment": "0", "operatingExpenses": "1078890000", "investmentIncomeNet": "None", "netInterestIncome": "None", "interestIncome": "None", "interestExpense": "18943000", "nonInterestIncome": "None", "otherNonOperatingIncome": "None", "depreciation": "None", "depreciationAndAmortization": "79320000", "incomeBeforeTax": "255179000", "incomeTaxExpense": "96366000", "interestAndDebtExpense": "None", "netIncomeFromContinuingOperations": "158813000", "comprehensiveIncomeNetOfTax": "None", "ebit": "274122000", "ebitda": "353442000", "netIncome": "158813000"}, {"fiscalDateEnding": "2015-12-31", "reportedCurrency": "USD", "grossProfit": "909172000", "totalRevenue": "2033545000", "costOfRevenue": "1124373000", "costofGoodsAndServicesSold": "1124373000", "operatingIncome": "100678000", "sellingGeneralAndAdministrative": "699667000", "researchAndDevelopment": "0", "operatingExpenses": "808494000", "investmentIncomeNet": "None", "netInterestIncome": "None", "interestIncome": "None", "interestExpense": "13809000", "nonInterestIncome": "None", "otherNonOperatingIncome": "None", "depreciation": "None", "depreciationAndAmortization": "61980000", "incomeBeforeTax": "83825000", "incomeTaxExpense": "29006000", "interestAndDebtExpense": "None", "netIncomeFromContinuingOperations": "473398000", "comprehensiveIncomeNetOfTax": "None", "ebit": "97634000", "ebitda": "159614000", "netIncome": "54819000"}, {"fiscalDateEnding": "2015-09-30", "reportedCurrency": "USD", "grossProfit": "1032387000", "totalRevenue": "2295203000", "costOfRevenue": "1262816000", "costofGoodsAndServicesSold": "1262816000", "operatingIncome": "205525000", "sellingGeneralAndAdministrative": "826900000", "researchAndDevelopment": "0", "operatingExpenses": "826862000", "investmentIncomeNet": "None", "netInterestIncome": "None", "interestIncome": "None", "interestExpense": "14384000", "nonInterestIncome": "None", "otherNonOperatingIncome": "1276000", "depreciation": "None", "depreciationAndAmortization": "61636000", "incomeBeforeTax": "192417000", "incomeTaxExpense": "71948000", "interestAndDebtExpense": "None", "netIncomeFromContinuingOperations": "264365000", "comprehensiveIncomeNetOfTax": "None", "ebit": "206801000", "ebitda": "268437000", "netIncome": "120469000"}, {"fiscalDateEnding": "2015-06-30", "reportedCurrency": "USD", "grossProfit": "1087289000", "totalRevenue": "2370037000", "costOfRevenue": "1282748000", "costofGoodsAndServicesSold": "1282748000", "operatingIncome": "257049000", "sellingGeneralAndAdministrative": "830200000", "researchAndDevelopment": "0", "operatingExpenses": "830240000", "investmentIncomeNet": "None", "netInterestIncome": "None", "interestIncome": "None", "interestExpense": "15438000", "nonInterestIncome": "None", "otherNonOperatingIncome": "-3808000", "depreciation": "None", "depreciationAndAmortization": "62613000", "incomeBeforeTax": "237803000", "incomeTaxExpense": "87805000", "interestAndDebtExpense": "None", "netIncomeFromContinuingOperations": "325608000", "comprehensiveIncomeNetOfTax": "None", "ebit": "253241000", "ebitda": "315854000", "netIncome": "149998000"}, {"fiscalDateEnding": "2015-03-31", "reportedCurrency": "USD", "grossProfit": "1393924000", "totalRevenue": "3038233000", "costOfRevenue": "1644309000", "costofGoodsAndServicesSold": "1644309000", "operatingIncome": "262528000", "sellingGeneralAndAdministrative": "1131400000", "researchAndDevelopment": "0", "operatingExpenses": "1131396000", "investmentIncomeNet": "None", "netInterestIncome": "None", "interestIncome": "None", "interestExpense": "21777000", "nonInterestIncome": "None", "otherNonOperatingIncome": "None", "depreciation": "None", "depreciationAndAmortization": "83247000", "incomeBeforeTax": "238843000", "incomeTaxExpense": "90731000", "interestAndDebtExpense": "None", "netIncomeFromContinuingOperations": "0", "comprehensiveIncomeNetOfTax": "None", "ebit": "260620000", "ebitda": "343867000", "netIncome": "148112000"}, {"fiscalDateEnding": "2014-12-31", "reportedCurrency": "USD", "grossProfit": "1003941000", "totalRevenue": "2237209000", "costOfRevenue": "1233268000", "costofGoodsAndServicesSold": "1233268000", "operatingIncome": "146077000", "sellingGeneralAndAdministrative": "761401000", "researchAndDevelopment": "0", "operatingExpenses": "857864000", "investmentIncomeNet": "None", "netInterestIncome": "None", "interestIncome": "None", "interestExpense": "17002000", "nonInterestIncome": "None", "otherNonOperatingIncome": "None", "depreciation": "None", "depreciationAndAmortization": "66078000", "incomeBeforeTax": "130958000", "incomeTaxExpense": "46524000", "interestAndDebtExpense": "None", "netIncomeFromContinuingOperations": "493825000", "comprehensiveIncomeNetOfTax": "None", "ebit": "147960000", "ebitda": "214038000", "netIncome": "84434000"}, {"fiscalDateEnding": "2014-09-30", "reportedCurrency": "USD", "grossProfit": "1034442000", "totalRevenue": "2289456000", "costOfRevenue": "1255014000", "costofGoodsAndServicesSold": "1255014000", "operatingIncome": "209158000", "sellingGeneralAndAdministrative": "825300000", "researchAndDevelopment": "0", "operatingExpenses": "825284000", "investmentIncomeNet": "None", "netInterestIncome": "None", "interestIncome": "None", "interestExpense": "15903000", "nonInterestIncome": "None", "otherNonOperatingIncome": "398000", "depreciation": "None", "depreciationAndAmortization": "65912000", "incomeBeforeTax": "193653000", "incomeTaxExpense": "71476000", "interestAndDebtExpense": "None", "netIncomeFromContinuingOperations": "265129000", "comprehensiveIncomeNetOfTax": "None", "ebit": "209556000", "ebitda": "275468000", "netIncome": "122177000"}, {"fiscalDateEnding": "2014-06-30", "reportedCurrency": "USD", "grossProfit": "1062108000", "totalRevenue": "2347697000", "costOfRevenue": "1285589000", "costofGoodsAndServicesSold": "1285589000", "operatingIncome": "240673000", "sellingGeneralAndAdministrative": "821400000", "researchAndDevelopment": "0", "operatingExpenses": "821435000", "investmentIncomeNet": "None", "netInterestIncome": "None", "interestIncome": "None", "interestExpense": "16861000", "nonInterestIncome": "None", "otherNonOperatingIncome": "208000", "depreciation": "None", "depreciationAndAmortization": "64498000", "incomeBeforeTax": "224020000", "incomeTaxExpense": "84532000", "interestAndDebtExpense": "None", "netIncomeFromContinuingOperations": "308552000", "comprehensiveIncomeNetOfTax": "None", "ebit": "240881000", "ebitda": "305379000", "netIncome": "139488000"}, {"fiscalDateEnding": "2014-03-31", "reportedCurrency": "USD", "grossProfit": "1353122000", "totalRevenue": "2969499000", "costOfRevenue": "1616377000", "costofGoodsAndServicesSold": "1616377000", "operatingIncome": "255802000", "sellingGeneralAndAdministrative": "1097300000", "researchAndDevelopment": "0", "operatingExpenses": "1097320000", "investmentIncomeNet": "None", "netInterestIncome": "None", "interestIncome": "None", "interestExpense": "23642000", "nonInterestIncome": "None", "otherNonOperatingIncome": "None", "depreciation": "None", "depreciationAndAmortization": "88205000", "incomeBeforeTax": "232763000", "incomeTaxExpense": "85037000", "interestAndDebtExpense": "None", "netIncomeFromContinuingOperations": "0", "comprehensiveIncomeNetOfTax": "None", "ebit": "256405000", "ebitda": "344610000", "netIncome": "147726000"}, {"fiscalDateEnding": "2013-12-31", "reportedCurrency": "USD", "grossProfit": "701777000", "totalRevenue": "1408813000", "costOfRevenue": "707036000", "costofGoodsAndServicesSold": "707036000", "operatingIncome": "90844000", "sellingGeneralAndAdministrative": "541817000", "researchAndDevelopment": "0", "operatingExpenses": "610933000", "investmentIncomeNet": "None", "netInterestIncome": "None", "interestIncome": "None", "interestExpense": "9986000", "nonInterestIncome": "None", "otherNonOperatingIncome": "None", "depreciation": "None", "depreciationAndAmortization": "47736000", "incomeBeforeTax": "81867000", "incomeTaxExpense": "32600000", "interestAndDebtExpense": "None", "netIncomeFromContinuingOperations": "0", "comprehensiveIncomeNetOfTax": "None", "ebit": "91853000", "ebitda": "139589000", "netIncome": "49267000"}, {"fiscalDateEnding": "2013-09-30", "reportedCurrency": "USD", "grossProfit": "762940000", "totalRevenue": "1520144000", "costOfRevenue": "757204000", "costofGoodsAndServicesSold": "757204000", "operatingIncome": "170724000", "sellingGeneralAndAdministrative": "592200000", "researchAndDevelopment": "0", "operatingExpenses": "592216000", "investmentIncomeNet": "None", "netInterestIncome": "None", "interestIncome": "None", "interestExpense": "7948000", "nonInterestIncome": "None", "otherNonOperatingIncome": "366000", "depreciation": "None", "depreciationAndAmortization": "47987000", "incomeBeforeTax": "163142000", "incomeTaxExpense": "59312000", "interestAndDebtExpense": "None", "netIncomeFromContinuingOperations": "103830000", "comprehensiveIncomeNetOfTax": "None", "ebit": "171090000", "ebitda": "219077000", "netIncome": "103830000"}, {"fiscalDateEnding": "2013-06-30", "reportedCurrency": "USD", "grossProfit": "779223000", "totalRevenue": "1549553000", "costOfRevenue": "770330000", "costofGoodsAndServicesSold": "770330000", "operatingIncome": "194682000", "sellingGeneralAndAdministrative": "584500000", "researchAndDevelopment": "0", "operatingExpenses": "584541000", "investmentIncomeNet": "None", "netInterestIncome": "None", "interestIncome": "None", "interestExpense": "8024000", "nonInterestIncome": "None", "otherNonOperatingIncome": "365000", "depreciation": "None", "depreciationAndAmortization": "48045000", "incomeBeforeTax": "187023000", "incomeTaxExpense": "70152000", "interestAndDebtExpense": "None", "netIncomeFromContinuingOperations": "116871000", "comprehensiveIncomeNetOfTax": "None", "ebit": "195047000", "ebitda": "243092000", "netIncome": "116871000"}, {"fiscalDateEnding": "2013-03-31", "reportedCurrency": "USD", "grossProfit": "1008206000", "totalRevenue": "2015304000", "costOfRevenue": "1007098000", "costofGoodsAndServicesSold": "1007098000", "operatingIncome": "204068000", "sellingGeneralAndAdministrative": "804100000", "researchAndDevelopment": "0", "operatingExpenses": "804138000", "investmentIncomeNet": "None", "netInterestIncome": "None", "interestIncome": "None", "interestExpense": "10660000", "nonInterestIncome": "None", "otherNonOperatingIncome": "None", "depreciation": "None", "depreciationAndAmortization": "64027000", "incomeBeforeTax": "194366000", "incomeTaxExpense": "72576000", "interestAndDebtExpense": "None", "netIncomeFromContinuingOperations": "0", "comprehensiveIncomeNetOfTax": "None", "ebit": "205026000", "ebitda": "269053000", "netIncome": "121790000"}, {"fiscalDateEnding": "2012-12-31", "reportedCurrency": "USD", "grossProfit": "663155000", "totalRevenue": "1329201000", "costOfRevenue": "666046000", "costofGoodsAndServicesSold": "666046000", "operatingIncome": "113196000", "sellingGeneralAndAdministrative": "466088000", "researchAndDevelopment": "0", "operatingExpenses": "549959000", "investmentIncomeNet": "None", "netInterestIncome": "None", "interestIncome": "None", "interestExpense": "7992000", "nonInterestIncome": "None", "otherNonOperatingIncome": "None", "depreciation": "None", "depreciationAndAmortization": "45777000", "incomeBeforeTax": "105045000", "incomeTaxExpense": "39990000", "interestAndDebtExpense": "None", "netIncomeFromContinuingOperations": "0", "comprehensiveIncomeNetOfTax": "None", "ebit": "113037000", "ebitda": "158814000", "netIncome": "65055000"}, {"fiscalDateEnding": "2012-09-30", "reportedCurrency": "USD", "grossProfit": "725350000", "totalRevenue": "1457527000", "costOfRevenue": "732177000", "costofGoodsAndServicesSold": "732177000", "operatingIncome": "150360000", "sellingGeneralAndAdministrative": "575000000", "researchAndDevelopment": "0", "operatingExpenses": "574990000", "investmentIncomeNet": "None", "netInterestIncome": "None", "interestIncome": "None", "interestExpense": "8048000", "nonInterestIncome": "None", "otherNonOperatingIncome": "312000", "depreciation": "None", "depreciationAndAmortization": "45240000", "incomeBeforeTax": "142624000", "incomeTaxExpense": "53121000", "interestAndDebtExpense": "None", "netIncomeFromContinuingOperations": "89503000", "comprehensiveIncomeNetOfTax": "None", "ebit": "150672000", "ebitda": "195912000", "netIncome": "89503000"}, {"fiscalDateEnding": "2012-06-30", "reportedCurrency": "USD", "grossProfit": "728858000", "totalRevenue": "1460983000", "costOfRevenue": "732125000", "costofGoodsAndServicesSold": "732125000", "operatingIncome": "169195000", "sellingGeneralAndAdministrative": "559700000", "researchAndDevelopment": "0", "operatingExpenses": "559663000", "investmentIncomeNet": "None", "netInterestIncome": "None", "interestIncome": "None", "interestExpense": "7947000", "nonInterestIncome": "None", "otherNonOperatingIncome": "-55000", "depreciation": "None", "depreciationAndAmortization": "42728000", "incomeBeforeTax": "161193000", "incomeTaxExpense": "61587000", "interestAndDebtExpense": "None", "netIncomeFromContinuingOperations": "99606000", "comprehensiveIncomeNetOfTax": "None", "ebit": "169140000", "ebitda": "211868000", "netIncome": "99606000"}, {"fiscalDateEnding": "2012-03-31", "reportedCurrency": "USD", "grossProfit": "980673000", "totalRevenue": "1957292000", "costOfRevenue": "976619000", "costofGoodsAndServicesSold": "976619000", "operatingIncome": "224564000", "sellingGeneralAndAdministrative": "756100000", "researchAndDevelopment": "0", "operatingExpenses": "756109000", "investmentIncomeNet": "None", "netInterestIncome": "None", "interestIncome": "None", "interestExpense": "9854000", "nonInterestIncome": "None", "otherNonOperatingIncome": "None", "depreciation": "None", "depreciationAndAmortization": "55799000", "incomeBeforeTax": "215212000", "incomeTaxExpense": "81706000", "interestAndDebtExpense": "None", "netIncomeFromContinuingOperations": "0", "comprehensiveIncomeNetOfTax": "None", "ebit": "225066000", "ebitda": "280865000", "netIncome": "133506000"}, {"fiscalDateEnding": "2011-12-31", "reportedCurrency": "USD", "grossProfit": "650738000", "totalRevenue": "1327572000", "costOfRevenue": "676834000", "costofGoodsAndServicesSold": "676834000", "operatingIncome": "111918000", "sellingGeneralAndAdministrative": "538820000", "researchAndDevelopment": "0", "operatingExpenses": "538820000", "investmentIncomeNet": "None", "netInterestIncome": "None", "interestIncome": "None", "interestExpense": "5073000", "nonInterestIncome": "None", "otherNonOperatingIncome": "None", "depreciation": "None", "depreciationAndAmortization": "41469000", "incomeBeforeTax": "107159000", "incomeTaxExpense": "40720000", "interestAndDebtExpense": "None", "netIncomeFromContinuingOperations": "0", "comprehensiveIncomeNetOfTax": "None", "ebit": "112232000", "ebitda": "153701000", "netIncome": "66439000"}, {"fiscalDateEnding": "2011-09-30", "reportedCurrency": "USD", "grossProfit": "724503000", "totalRevenue": "1464988000", "costOfRevenue": "740485000", "costofGoodsAndServicesSold": "740485000", "operatingIncome": "177820000", "sellingGeneralAndAdministrative": "546700000", "researchAndDevelopment": "0", "operatingExpenses": "546683000", "investmentIncomeNet": "None", "netInterestIncome": "None", "interestIncome": "None", "interestExpense": "8150000", "nonInterestIncome": "None", "otherNonOperatingIncome": "-614000", "depreciation": "None", "depreciationAndAmortization": "41507000", "incomeBeforeTax": "169056000", "incomeTaxExpense": "63503000", "interestAndDebtExpense": "None", "netIncomeFromContinuingOperations": "105553000", "comprehensiveIncomeNetOfTax": "None", "ebit": "177206000", "ebitda": "218713000", "netIncome": "105553000"}, {"fiscalDateEnding": "2011-06-30", "reportedCurrency": "USD", "grossProfit": "735848000", "totalRevenue": "1479839000", "costOfRevenue": "743991000", "costofGoodsAndServicesSold": "743991000", "operatingIncome": "188927000", "sellingGeneralAndAdministrative": "546900000", "researchAndDevelopment": "0", "operatingExpenses": "546921000", "investmentIncomeNet": "None", "netInterestIncome": "None", "interestIncome": "None", "interestExpense": "8007000", "nonInterestIncome": "None", "otherNonOperatingIncome": "-212000", "depreciation": "None", "depreciationAndAmortization": "40434000", "incomeBeforeTax": "180708000", "incomeTaxExpense": "67601000", "interestAndDebtExpense": "None", "netIncomeFromContinuingOperations": "113107000", "comprehensiveIncomeNetOfTax": "None", "ebit": "188715000", "ebitda": "229149000", "netIncome": "113107000"}, {"fiscalDateEnding": "2011-03-31", "reportedCurrency": "USD", "grossProfit": "958201000", "totalRevenue": "1898063000", "costOfRevenue": "939862000", "costofGoodsAndServicesSold": "939862000", "operatingIncome": "185977000", "sellingGeneralAndAdministrative": "772200000", "researchAndDevelopment": "0", "operatingExpenses": "772224000", "investmentIncomeNet": "None", "netInterestIncome": "None", "interestIncome": "None", "interestExpense": "9719000", "nonInterestIncome": "None", "otherNonOperatingIncome": "None", "depreciation": "None", "depreciationAndAmortization": "52539000", "incomeBeforeTax": "176313000", "incomeTaxExpense": "66730000", "interestAndDebtExpense": "None", "netIncomeFromContinuingOperations": "0", "comprehensiveIncomeNetOfTax": "None", "ebit": "186032000", "ebitda": "238571000", "netIncome": "109583000"}, {"fiscalDateEnding": "2010-12-31", "reportedCurrency": "USD", "grossProfit": "627485000", "totalRevenue": "1270130000", "costOfRevenue": "642645000", "costofGoodsAndServicesSold": "642645000", "operatingIncome": "83937000", "sellingGeneralAndAdministrative": "543200000", "researchAndDevelopment": "0", "operatingExpenses": "543548000", "investmentIncomeNet": "None", "netInterestIncome": "None", "interestIncome": "None", "interestExpense": "6727000", "nonInterestIncome": "None", "otherNonOperatingIncome": "None", "depreciation": "None", "depreciationAndAmortization": "38996000", "incomeBeforeTax": "77664000", "incomeTaxExpense": "29551000", "interestAndDebtExpense": "None", "netIncomeFromContinuingOperations": "0", "comprehensiveIncomeNetOfTax": "None", "ebit": "84391000", "ebitda": "123387000", "netIncome": "48113000"}, {"fiscalDateEnding": "2010-09-30", "reportedCurrency": "USD", "grossProfit": "707785000", "totalRevenue": "1406511000", "costOfRevenue": "698726000", "costofGoodsAndServicesSold": "698726000", "operatingIncome": "147222000", "sellingGeneralAndAdministrative": "560600000", "researchAndDevelopment": "0", "operatingExpenses": "560563000", "investmentIncomeNet": "None", "netInterestIncome": "None", "interestIncome": "None", "interestExpense": "7002000", "nonInterestIncome": "None", "otherNonOperatingIncome": "-293000", "depreciation": "None", "depreciationAndAmortization": "38508000", "incomeBeforeTax": "139927000", "incomeTaxExpense": "52329000", "interestAndDebtExpense": "None", "netIncomeFromContinuingOperations": "87598000", "comprehensiveIncomeNetOfTax": "None", "ebit": "146929000", "ebitda": "185437000", "netIncome": "87598000"}, {"fiscalDateEnding": "2010-06-30", "reportedCurrency": "USD", "grossProfit": "715268000", "totalRevenue": "1417956000", "costOfRevenue": "702688000", "costofGoodsAndServicesSold": "702688000", "operatingIncome": "171602000", "sellingGeneralAndAdministrative": "543700000", "researchAndDevelopment": "0", "operatingExpenses": "543666000", "investmentIncomeNet": "None", "netInterestIncome": "None", "interestIncome": "None", "interestExpense": "7176000", "nonInterestIncome": "None", "otherNonOperatingIncome": "-1702000", "depreciation": "None", "depreciationAndAmortization": "37250000", "incomeBeforeTax": "162724000", "incomeTaxExpense": "61813000", "interestAndDebtExpense": "None", "netIncomeFromContinuingOperations": "100911000", "comprehensiveIncomeNetOfTax": "None", "ebit": "169900000", "ebitda": "207150000", "netIncome": "100911000"}, {"fiscalDateEnding": "2010-03-31", "reportedCurrency": "USD", "grossProfit": "910777000", "totalRevenue": "1830606000", "costOfRevenue": "919829000", "costofGoodsAndServicesSold": "919829000", "operatingIncome": "182172000", "sellingGeneralAndAdministrative": "728600000", "researchAndDevelopment": "0", "operatingExpenses": "728605000", "investmentIncomeNet": "None", "netInterestIncome": "None", "interestIncome": "None", "interestExpense": "5956000", "nonInterestIncome": "None", "otherNonOperatingIncome": "None", "depreciation": "None", "depreciationAndAmortization": "49683000", "incomeBeforeTax": "176740000", "incomeTaxExpense": "67309000", "interestAndDebtExpense": "None", "netIncomeFromContinuingOperations": "0", "comprehensiveIncomeNetOfTax": "None", "ebit": "182696000", "ebitda": "232379000", "netIncome": "109431000"}, {"fiscalDateEnding": "2009-12-31", "reportedCurrency": "USD", "grossProfit": "548129000", "totalRevenue": "1143567000", "costOfRevenue": "595438000", "costofGoodsAndServicesSold": "595438000", "operatingIncome": "57173000", "sellingGeneralAndAdministrative": "486000000", "researchAndDevelopment": "0", "operatingExpenses": "490956000", "investmentIncomeNet": "None", "netInterestIncome": "None", "interestIncome": "None", "interestExpense": "4907000", "nonInterestIncome": "None", "otherNonOperatingIncome": "None", "depreciation": "None", "depreciationAndAmortization": "36061000", "incomeBeforeTax": "52240000", "incomeTaxExpense": "17761000", "interestAndDebtExpense": "None", "netIncomeFromContinuingOperations": "0", "comprehensiveIncomeNetOfTax": "None", "ebit": "57147000", "ebitda": "93208000", "netIncome": "34479000"}, {"fiscalDateEnding": "2009-09-30", "reportedCurrency": "USD", "grossProfit": "621459000", "totalRevenue": "1262576000", "costOfRevenue": "641117000", "costofGoodsAndServicesSold": "641117000", "operatingIncome": "104855000", "sellingGeneralAndAdministrative": "516600000", "researchAndDevelopment": "0", "operatingExpenses": "516604000", "investmentIncomeNet": "None", "netInterestIncome": "None", "interestIncome": "None", "interestExpense": "5339000", "nonInterestIncome": "None", "otherNonOperatingIncome": "None", "depreciation": "None", "depreciationAndAmortization": "35288000", "incomeBeforeTax": "100003000", "incomeTaxExpense": "38024000", "interestAndDebtExpense": "None", "netIncomeFromContinuingOperations": "0", "comprehensiveIncomeNetOfTax": "None", "ebit": "105342000", "ebitda": "140630000", "netIncome": "61979000"}, {"fiscalDateEnding": "2009-06-30", "reportedCurrency": "USD", "grossProfit": "652650000", "totalRevenue": "1322844000", "costOfRevenue": "670194000", "costofGoodsAndServicesSold": "670194000", "operatingIncome": "134775000", "sellingGeneralAndAdministrative": "517900000", "researchAndDevelopment": "0", "operatingExpenses": "517875000", "investmentIncomeNet": "None", "netInterestIncome": "None", "interestIncome": "None", "interestExpense": "5480000", "nonInterestIncome": "None", "otherNonOperatingIncome": "None", "depreciation": "None", "depreciationAndAmortization": "34413000", "incomeBeforeTax": "129545000", "incomeTaxExpense": "49215000", "interestAndDebtExpense": "None", "netIncomeFromContinuingOperations": "0", "comprehensiveIncomeNetOfTax": "None", "ebit": "135025000", "ebitda": "169438000", "netIncome": "80330000"}, {"fiscalDateEnding": "2009-03-31", "reportedCurrency": "USD", "grossProfit": "821988000", "totalRevenue": "1683636000", "costOfRevenue": "861648000", "costofGoodsAndServicesSold": "861648000", "operatingIncome": "157582000", "sellingGeneralAndAdministrative": "664400000", "researchAndDevelopment": "0", "operatingExpenses": "664406000", "investmentIncomeNet": "None", "netInterestIncome": "None", "interestIncome": "None", "interestExpense": "7611000", "nonInterestIncome": "None", "otherNonOperatingIncome": "None", "depreciation": "None", "depreciationAndAmortization": "45155000", "incomeBeforeTax": "149867000", "incomeTaxExpense": "56282000", "interestAndDebtExpense": "None", "netIncomeFromContinuingOperations": "0", "comprehensiveIncomeNetOfTax": "None", "ebit": "157478000", "ebitda": "202633000", "netIncome": "93585000"}, {"fiscalDateEnding": "2008-12-31", "reportedCurrency": "USD", "grossProfit": "541656000", "totalRevenue": "1192388000", "costOfRevenue": "650732000", "costofGoodsAndServicesSold": "650732000", "operatingIncome": "46793000", "sellingGeneralAndAdministrative": "479000000", "researchAndDevelopment": "0", "operatingExpenses": "494863000", "investmentIncomeNet": "None", "netInterestIncome": "None", "interestIncome": "None", "interestExpense": "33729000", "nonInterestIncome": "None", "otherNonOperatingIncome": "None", "depreciation": "None", "depreciationAndAmortization": "33366000", "incomeBeforeTax": "39092000", "incomeTaxExpense": "14681000", "interestAndDebtExpense": "None", "netIncomeFromContinuingOperations": "0", "comprehensiveIncomeNetOfTax": "None", "ebit": "46793000", "ebitda": "80159000", "netIncome": "24411000"}, {"fiscalDateEnding": "2008-09-30", "reportedCurrency": "USD", "grossProfit": "577119000", "totalRevenue": "1187952000", "costOfRevenue": "610833000", "costofGoodsAndServicesSold": "610833000", "operatingIncome": "95897000", "sellingGeneralAndAdministrative": "466300000", "researchAndDevelopment": "0", "operatingExpenses": "481222000", "investmentIncomeNet": "None", "netInterestIncome": "None", "interestIncome": "None", "interestExpense": "6672000", "nonInterestIncome": "None", "otherNonOperatingIncome": "None", "depreciation": "None", "depreciationAndAmortization": "34882000", "incomeBeforeTax": "89002000", "incomeTaxExpense": "32847000", "interestAndDebtExpense": "None", "netIncomeFromContinuingOperations": "0", "comprehensiveIncomeNetOfTax": "None", "ebit": "95897000", "ebitda": "130779000", "netIncome": "56155000"}, {"fiscalDateEnding": "2008-06-30", "reportedCurrency": "USD", "grossProfit": "586282000", "totalRevenue": "1235783000", "costOfRevenue": "649501000", "costofGoodsAndServicesSold": "649501000", "operatingIncome": "127959000", "sellingGeneralAndAdministrative": "458300000", "researchAndDevelopment": "0", "operatingExpenses": "458323000", "investmentIncomeNet": "None", "netInterestIncome": "None", "interestIncome": "None", "interestExpense": "7250000", "nonInterestIncome": "None", "otherNonOperatingIncome": "None", "depreciation": "None", "depreciationAndAmortization": "34072000", "incomeBeforeTax": "120617000", "incomeTaxExpense": "45231000", "interestAndDebtExpense": "None", "netIncomeFromContinuingOperations": "0", "comprehensiveIncomeNetOfTax": "None", "ebit": "127867000", "ebitda": "161939000", "netIncome": "75386000"}, {"fiscalDateEnding": "2008-03-31", "reportedCurrency": "USD", "grossProfit": "724854000", "totalRevenue": "1526132000", "costOfRevenue": "801278000", "costofGoodsAndServicesSold": "801278000", "operatingIncome": "144278000", "sellingGeneralAndAdministrative": "580600000", "researchAndDevelopment": "0", "operatingExpenses": "580576000", "investmentIncomeNet": "None", "netInterestIncome": "None", "interestIncome": "None", "interestExpense": "12325000", "nonInterestIncome": "None", "otherNonOperatingIncome": "None", "depreciation": "None", "depreciationAndAmortization": "44620000", "incomeBeforeTax": "131981000", "incomeTaxExpense": "49895000", "interestAndDebtExpense": "None", "netIncomeFromContinuingOperations": "0", "comprehensiveIncomeNetOfTax": "None", "ebit": "144306000", "ebitda": "188926000", "netIncome": "82086000"}, {"fiscalDateEnding": "2007-12-31", "reportedCurrency": "USD", "grossProfit": "493592000", "totalRevenue": "1048382000", "costOfRevenue": "554790000", "costofGoodsAndServicesSold": "554790000", "operatingIncome": "63547000", "sellingGeneralAndAdministrative": "430000000", "researchAndDevelopment": "0", "operatingExpenses": "430045000", "investmentIncomeNet": "None", "netInterestIncome": "None", "interestIncome": "None", "interestExpense": "34809000", "nonInterestIncome": "None", "otherNonOperatingIncome": "None", "depreciation": "None", "depreciationAndAmortization": "33923000", "incomeBeforeTax": "55183000", "incomeTaxExpense": "20431000", "interestAndDebtExpense": "None", "netIncomeFromContinuingOperations": "0", "comprehensiveIncomeNetOfTax": "None", "ebit": "63547000", "ebitda": "97470000", "netIncome": "34752000"}, {"fiscalDateEnding": "2007-09-30", "reportedCurrency": "USD", "grossProfit": "555113000", "totalRevenue": "1158043000", "costOfRevenue": "602930000", "costofGoodsAndServicesSold": "602930000", "operatingIncome": "100379000", "sellingGeneralAndAdministrative": "454700000", "researchAndDevelopment": "0", "operatingExpenses": "454734000", "investmentIncomeNet": "None", "netInterestIncome": "None", "interestIncome": "None", "interestExpense": "7968000", "nonInterestIncome": "None", "otherNonOperatingIncome": "None", "depreciation": "None", "depreciationAndAmortization": "34021000", "incomeBeforeTax": "92764000", "incomeTaxExpense": "33724000", "interestAndDebtExpense": "None", "netIncomeFromContinuingOperations": "0", "comprehensiveIncomeNetOfTax": "None", "ebit": "100379000", "ebitda": "134400000", "netIncome": "59040000"}, {"fiscalDateEnding": "2007-06-30", "reportedCurrency": "USD", "grossProfit": "562861000", "totalRevenue": "1169859000", "costOfRevenue": "606998000", "costofGoodsAndServicesSold": "606998000", "operatingIncome": "117810000", "sellingGeneralAndAdministrative": "445100000", "researchAndDevelopment": "0", "operatingExpenses": "445051000", "investmentIncomeNet": "None", "netInterestIncome": "None", "interestIncome": "None", "interestExpense": "7392000", "nonInterestIncome": "None", "otherNonOperatingIncome": "None", "depreciation": "None", "depreciationAndAmortization": "34061000", "incomeBeforeTax": "110926000", "incomeTaxExpense": "42502000", "interestAndDebtExpense": "None", "netIncomeFromContinuingOperations": "0", "comprehensiveIncomeNetOfTax": "None", "ebit": "117810000", "ebitda": "151871000", "netIncome": "68424000"}, {"fiscalDateEnding": "2007-03-31", "reportedCurrency": "USD", "grossProfit": "709403000", "totalRevenue": "1468120000", "costOfRevenue": "758717000", "costofGoodsAndServicesSold": "758717000", "operatingIncome": "134693000", "sellingGeneralAndAdministrative": "574700000", "researchAndDevelopment": "0", "operatingExpenses": "574710000", "investmentIncomeNet": "None", "netInterestIncome": "None", "interestIncome": "None", "interestExpense": "11274000", "nonInterestIncome": "None", "otherNonOperatingIncome": "None", "depreciation": "None", "depreciationAndAmortization": "45495000", "incomeBeforeTax": "123761000", "incomeTaxExpense": "47660000", "interestAndDebtExpense": "None", "netIncomeFromContinuingOperations": "0", "comprehensiveIncomeNetOfTax": "None", "ebit": "134693000", "ebitda": "180188000", "netIncome": "76101000"}, {"fiscalDateEnding": "2006-12-31", "reportedCurrency": "USD", "grossProfit": "478431000", "totalRevenue": "1016150000", "costOfRevenue": "537719000", "costofGoodsAndServicesSold": "537719000", "operatingIncome": "64085000", "sellingGeneralAndAdministrative": "414300000", "researchAndDevelopment": "0", "operatingExpenses": "414346000", "investmentIncomeNet": "None", "netInterestIncome": "None", "interestIncome": "None", "interestExpense": "35992000", "nonInterestIncome": "None", "otherNonOperatingIncome": "None", "depreciation": "None", "depreciationAndAmortization": "35319000", "incomeBeforeTax": "57058000", "incomeTaxExpense": "21704000", "interestAndDebtExpense": "None", "netIncomeFromContinuingOperations": "0", "comprehensiveIncomeNetOfTax": "None", "ebit": "64085000", "ebitda": "99404000", "netIncome": "35354000"}, {"fiscalDateEnding": "2006-09-30", "reportedCurrency": "USD", "grossProfit": "530206000", "totalRevenue": "1099486000", "costOfRevenue": "569280000", "costofGoodsAndServicesSold": "569280000", "operatingIncome": "102521000", "sellingGeneralAndAdministrative": "427700000", "researchAndDevelopment": "0", "operatingExpenses": "427685000", "investmentIncomeNet": "None", "netInterestIncome": "None", "interestIncome": "None", "interestExpense": "9232000", "nonInterestIncome": "None", "otherNonOperatingIncome": "None", "depreciation": "None", "depreciationAndAmortization": "33440000", "incomeBeforeTax": "94429000", "incomeTaxExpense": "35482000", "interestAndDebtExpense": "None", "netIncomeFromContinuingOperations": "0", "comprehensiveIncomeNetOfTax": "None", "ebit": "102521000", "ebitda": "135961000", "netIncome": "58947000"}, {"fiscalDateEnding": "2006-06-30", "reportedCurrency": "USD", "grossProfit": "527359000", "totalRevenue": "1107857000", "costOfRevenue": "580498000", "costofGoodsAndServicesSold": "580498000", "operatingIncome": "110446000", "sellingGeneralAndAdministrative": "416900000", "researchAndDevelopment": "0", "operatingExpenses": "416913000", "investmentIncomeNet": "None", "netInterestIncome": "None", "interestIncome": "None", "interestExpense": "10163000", "nonInterestIncome": "None", "otherNonOperatingIncome": "None", "depreciation": "None", "depreciationAndAmortization": "31172000", "incomeBeforeTax": "101673000", "incomeTaxExpense": "38737000", "interestAndDebtExpense": "None", "netIncomeFromContinuingOperations": "0", "comprehensiveIncomeNetOfTax": "None", "ebit": "110446000", "ebitda": "141618000", "netIncome": "62936000"}, {"fiscalDateEnding": "2006-03-31", "reportedCurrency": "USD", "grossProfit": "665168000", "totalRevenue": "1393010000", "costOfRevenue": "727842000", "costofGoodsAndServicesSold": "727842000", "operatingIncome": "126298000", "sellingGeneralAndAdministrative": "538900000", "researchAndDevelopment": "0", "operatingExpenses": "538870000", "investmentIncomeNet": "None", "netInterestIncome": "None", "interestIncome": "None", "interestExpense": "10163000", "nonInterestIncome": "None", "otherNonOperatingIncome": "None", "depreciation": "None", "depreciationAndAmortization": "40026000", "incomeBeforeTax": "116755000", "incomeTaxExpense": "42674000", "interestAndDebtExpense": "None", "netIncomeFromContinuingOperations": "0", "comprehensiveIncomeNetOfTax": "None", "ebit": "126298000", "ebitda": "166324000", "netIncome": "74081000"}, {"fiscalDateEnding": "2005-12-31", "reportedCurrency": "USD", "grossProfit": "450082000", "totalRevenue": "963725000", "costOfRevenue": "513643000", "costofGoodsAndServicesSold": "513643000", "operatingIncome": "70342000", "sellingGeneralAndAdministrative": "379740000", "researchAndDevelopment": "0", "operatingExpenses": "379740000", "investmentIncomeNet": "None", "netInterestIncome": "None", "interestIncome": "None", "interestExpense": "32384000", "nonInterestIncome": "None", "otherNonOperatingIncome": "None", "depreciation": "None", "depreciationAndAmortization": "29387000", "incomeBeforeTax": "63157000", "incomeTaxExpense": "23801000", "interestAndDebtExpense": "None", "netIncomeFromContinuingOperations": "0", "comprehensiveIncomeNetOfTax": "None", "ebit": "70342000", "ebitda": "99729000", "netIncome": "39356000"}]}