{"symbol": "IVZ", "annualReports": [{"fiscalDateEnding": "2025-12-31", "reportedCurrency": "USD", "grossProfit": "2753400000", "totalRevenue": "6377100000", "costOfRevenue": "3623700000", "costofGoodsAndServicesSold": "3623700000", "operatingIncome": "-695700000", "sellingGeneralAndAdministrative": "576500000", "researchAndDevelopment": "None", "operatingExpenses": "3449100000", "investmentIncomeNet": "None", "netInterestIncome": "None", "interestIncome": "76200000", "interestExpense": "82500000", "nonInterestIncome": "None", "otherNonOperatingIncome": "None", "depreciation": "None", "depreciationAndAmortization": "1923500000", "incomeBeforeTax": "-379400000", "incomeTaxExpense": "-204600000", "interestAndDebtExpense": "None", "netIncomeFromContinuingOperations": "None", "comprehensiveIncomeNetOfTax": "None", "ebit": "-546700000", "ebitda": "1376800000", "netIncome": "-281700000"}, {"fiscalDateEnding": "2024-12-31", "reportedCurrency": "USD", "grossProfit": "2027200000", "totalRevenue": "6067000000", "costOfRevenue": "4039800000", "costofGoodsAndServicesSold": "4039800000", "operatingIncome": "832100000", "sellingGeneralAndAdministrative": "594700000", "researchAndDevelopment": "None", "operatingExpenses": "1195100000", "investmentIncomeNet": "None", "netInterestIncome": "900000", "interestIncome": "58900000", "interestExpense": "58000000", "nonInterestIncome": "None", "otherNonOperatingIncome": "None", "depreciation": "None", "depreciationAndAmortization": "179600000", "incomeBeforeTax": "1005300000", "incomeTaxExpense": "252900000", "interestAndDebtExpense": "None", "netIncomeFromContinuingOperations": "752400000", "comprehensiveIncomeNetOfTax": "None", "ebit": "1063300000", "ebitda": "1242900000", "netIncome": "774800000"}, {"fiscalDateEnding": "2023-12-31", "reportedCurrency": "USD", "grossProfit": "5716400000", "totalRevenue": "5716400000", "costOfRevenue": "3711000000", "costofGoodsAndServicesSold": "3711000000", "operatingIncome": "-434800000", "sellingGeneralAndAdministrative": "450400000", "researchAndDevelopment": "0.04", "operatingExpenses": "6151200000", "investmentIncomeNet": "None", "netInterestIncome": "-22700000", "interestIncome": "47800000", "interestExpense": "70500000", "nonInterestIncome": "None", "otherNonOperatingIncome": "None", "depreciation": "None", "depreciationAndAmortization": "182800000", "incomeBeforeTax": "-237900000", "incomeTaxExpense": "69700000", "interestAndDebtExpense": "None", "netIncomeFromContinuingOperations": "-168200000", "comprehensiveIncomeNetOfTax": "None", "ebit": "-434800000", "ebitda": "-434800000", "netIncome": "-333700000"}, {"fiscalDateEnding": "2022-12-31", "reportedCurrency": "USD", "grossProfit": "2437600000", "totalRevenue": "6048900000", "costOfRevenue": "3611300000", "costofGoodsAndServicesSold": "3611300000", "operatingIncome": "1317700000", "sellingGeneralAndAdministrative": "493600000", "researchAndDevelopment": "0.21", "operatingExpenses": "1119900000", "investmentIncomeNet": "None", "netInterestIncome": "-60800000", "interestIncome": "45300000", "interestExpense": "85200000", "nonInterestIncome": "None", "otherNonOperatingIncome": "-9000000", "depreciation": "None", "depreciationAndAmortization": "195300000", "incomeBeforeTax": "1247700000", "incomeTaxExpense": "322200000", "interestAndDebtExpense": "None", "netIncomeFromContinuingOperations": "925500000", "comprehensiveIncomeNetOfTax": "None", "ebit": "1332900000", "ebitda": "1528200000", "netIncome": "920700000"}, {"fiscalDateEnding": "2021-12-31", "reportedCurrency": "USD", "grossProfit": "2833900000", "totalRevenue": "6894500000", "costOfRevenue": "4060600000", "costofGoodsAndServicesSold": "4060600000", "operatingIncome": "1788200000", "sellingGeneralAndAdministrative": "424100000", "researchAndDevelopment": "0.36", "operatingExpenses": "1045700000", "investmentIncomeNet": "None", "netInterestIncome": "-69500000", "interestIncome": "25200000", "interestExpense": "94700000", "nonInterestIncome": "None", "otherNonOperatingIncome": "298000000", "depreciation": "None", "depreciationAndAmortization": "205300000", "incomeBeforeTax": "2500500000", "incomeTaxExpense": "531100000", "interestAndDebtExpense": "None", "netIncomeFromContinuingOperations": "1969400000", "comprehensiveIncomeNetOfTax": "None", "ebit": "2595200000", "ebitda": "2800500000", "netIncome": "1629800000"}, {"fiscalDateEnding": "2020-12-31", "reportedCurrency": "USD", "grossProfit": "2390100000", "totalRevenue": "6145600000", "costOfRevenue": "3755500000", "costofGoodsAndServicesSold": "3755500000", "operatingIncome": "920400000", "sellingGeneralAndAdministrative": "480800000", "researchAndDevelopment": "0.17", "operatingExpenses": "1469700000", "investmentIncomeNet": "None", "netInterestIncome": "-108800000", "interestIncome": "20500000", "interestExpense": "129300000", "nonInterestIncome": "None", "otherNonOperatingIncome": "138100000", "depreciation": "None", "depreciationAndAmortization": "203500000", "incomeBeforeTax": "1069100000", "incomeTaxExpense": "261600000", "interestAndDebtExpense": "None", "netIncomeFromContinuingOperations": "807500000", "comprehensiveIncomeNetOfTax": "None", "ebit": "1198400000", "ebitda": "1401900000", "netIncome": "761600000"}, {"fiscalDateEnding": "2019-12-31", "reportedCurrency": "USD", "grossProfit": "2515100000", "totalRevenue": "6117400000", "costOfRevenue": "3602300000", "costofGoodsAndServicesSold": "3602300000", "operatingIncome": "808200000", "sellingGeneralAndAdministrative": "404200000", "researchAndDevelopment": "0.16", "operatingExpenses": "1706900000", "investmentIncomeNet": "None", "netInterestIncome": "-107200000", "interestIncome": "28500000", "interestExpense": "135700000", "nonInterestIncome": "None", "otherNonOperatingIncome": "150600000", "depreciation": "None", "depreciationAndAmortization": "177600000", "incomeBeforeTax": "972900000", "incomeTaxExpense": "235100000", "interestAndDebtExpense": "None", "netIncomeFromContinuingOperations": "737800000", "comprehensiveIncomeNetOfTax": "None", "ebit": "1108600000", "ebitda": "1286200000", "netIncome": "688300000"}, {"fiscalDateEnding": "2018-12-31", "reportedCurrency": "USD", "grossProfit": "2211500000", "totalRevenue": "5314100000", "costOfRevenue": "3102600000", "costofGoodsAndServicesSold": "3102600000", "operatingIncome": "1204900000", "sellingGeneralAndAdministrative": "324400000", "researchAndDevelopment": "0.22", "operatingExpenses": "1006600000", "investmentIncomeNet": "None", "netInterestIncome": "-90200000", "interestIncome": "21300000", "interestExpense": "111500000", "nonInterestIncome": "None", "otherNonOperatingIncome": "15100000", "depreciation": "None", "depreciationAndAmortization": "142100000", "incomeBeforeTax": "1138100000", "incomeTaxExpense": "255000000", "interestAndDebtExpense": "None", "netIncomeFromContinuingOperations": "883100000", "comprehensiveIncomeNetOfTax": "None", "ebit": "1249600000", "ebitda": "1391700000", "netIncome": "882800000"}, {"fiscalDateEnding": "2017-12-31", "reportedCurrency": "USD", "grossProfit": "2174200000", "totalRevenue": "5160300000", "costOfRevenue": "2986100000", "costofGoodsAndServicesSold": "2986100000", "operatingIncome": "1279100000", "sellingGeneralAndAdministrative": "306900000", "researchAndDevelopment": "0.27", "operatingExpenses": "895100000", "investmentIncomeNet": "None", "netInterestIncome": "-81400000", "interestIncome": "13400000", "interestExpense": "94800000", "nonInterestIncome": "None", "otherNonOperatingIncome": "109600000", "depreciation": "None", "depreciationAndAmortization": "116800000", "incomeBeforeTax": "1429200000", "incomeTaxExpense": "268200000", "interestAndDebtExpense": "None", "netIncomeFromContinuingOperations": "1161000000", "comprehensiveIncomeNetOfTax": "None", "ebit": "1524000000", "ebitda": "1640800000", "netIncome": "1127300000"}, {"fiscalDateEnding": "2016-12-31", "reportedCurrency": "USD", "grossProfit": "1957800000", "totalRevenue": "4734400000", "costOfRevenue": "2776600000", "costofGoodsAndServicesSold": "2776600000", "operatingIncome": "1152400000", "sellingGeneralAndAdministrative": "294400000", "researchAndDevelopment": "0.25", "operatingExpenses": "805400000", "investmentIncomeNet": "None", "netInterestIncome": "-81200000", "interestIncome": "12200000", "interestExpense": "93400000", "nonInterestIncome": "None", "otherNonOperatingIncome": "44400000", "depreciation": "None", "depreciationAndAmortization": "101200000", "incomeBeforeTax": "1206600000", "incomeTaxExpense": "338300000", "interestAndDebtExpense": "None", "netIncomeFromContinuingOperations": "868300000", "comprehensiveIncomeNetOfTax": "None", "ebit": "1300000000", "ebitda": "1401200000", "netIncome": "854200000"}, {"fiscalDateEnding": "2015-12-31", "reportedCurrency": "USD", "grossProfit": "2147500000", "totalRevenue": "5122900000", "costOfRevenue": "2975400000", "costofGoodsAndServicesSold": "2975400000", "operatingIncome": "1358400000", "sellingGeneralAndAdministrative": "361700000", "researchAndDevelopment": "0", "operatingExpenses": "789100000", "investmentIncomeNet": "None", "netInterestIncome": "None", "interestIncome": "39900000", "interestExpense": "81700000", "nonInterestIncome": "None", "otherNonOperatingIncome": "274300000", "depreciation": "None", "depreciationAndAmortization": "93600000", "incomeBeforeTax": "1362100000", "incomeTaxExpense": "398000000", "interestAndDebtExpense": "None", "netIncomeFromContinuingOperations": "964100000", "comprehensiveIncomeNetOfTax": "None", "ebit": "1443800000", "ebitda": "1537400000", "netIncome": "968100000"}, {"fiscalDateEnding": "2014-12-31", "reportedCurrency": "USD", "grossProfit": "2121900000", "totalRevenue": "5147100000", "costOfRevenue": "3025200000", "costofGoodsAndServicesSold": "3025200000", "operatingIncome": "1276900000", "sellingGeneralAndAdministrative": "396500000", "researchAndDevelopment": "0", "operatingExpenses": "845000000", "investmentIncomeNet": "None", "netInterestIncome": "None", "interestIncome": "None", "interestExpense": "73100000", "nonInterestIncome": "None", "otherNonOperatingIncome": "325200000", "depreciation": "None", "depreciationAndAmortization": "89400000", "incomeBeforeTax": "1395100000", "incomeTaxExpense": "390600000", "interestAndDebtExpense": "None", "netIncomeFromContinuingOperations": "1004500000", "comprehensiveIncomeNetOfTax": "None", "ebit": "1468200000", "ebitda": "1557600000", "netIncome": "991500000"}, {"fiscalDateEnding": "2013-12-31", "reportedCurrency": "USD", "grossProfit": "1826100000", "totalRevenue": "4644600000", "costOfRevenue": "2818500000", "costofGoodsAndServicesSold": "2818500000", "operatingIncome": "1120200000", "sellingGeneralAndAdministrative": "311300000", "researchAndDevelopment": "11700000", "operatingExpenses": "705900000", "investmentIncomeNet": "None", "netInterestIncome": "None", "interestIncome": "None", "interestExpense": "167900000", "nonInterestIncome": "None", "otherNonOperatingIncome": "302900000", "depreciation": "None", "depreciationAndAmortization": "88400000", "incomeBeforeTax": "1255200000", "incomeTaxExpense": "336900000", "interestAndDebtExpense": "None", "netIncomeFromContinuingOperations": "918300000", "comprehensiveIncomeNetOfTax": "None", "ebit": "1423100000", "ebitda": "1511500000", "netIncome": "940300000"}, {"fiscalDateEnding": "2012-12-31", "reportedCurrency": "USD", "grossProfit": "1514200000", "totalRevenue": "4050400000", "costOfRevenue": "2536200000", "costofGoodsAndServicesSold": "2536200000", "operatingIncome": "842600000", "sellingGeneralAndAdministrative": "296100000", "researchAndDevelopment": "0", "operatingExpenses": "671600000", "investmentIncomeNet": "None", "netInterestIncome": "None", "interestIncome": "None", "interestExpense": "220600000", "nonInterestIncome": "None", "otherNonOperatingIncome": "208600000", "depreciation": "None", "depreciationAndAmortization": "95000000", "incomeBeforeTax": "859500000", "incomeTaxExpense": "272200000", "interestAndDebtExpense": "None", "netIncomeFromContinuingOperations": "587300000", "comprehensiveIncomeNetOfTax": "None", "ebit": "1051200000", "ebitda": "1146200000", "netIncome": "677100000"}, {"fiscalDateEnding": "2011-12-31", "reportedCurrency": "USD", "grossProfit": "4092200000", "totalRevenue": "4092200000", "costOfRevenue": "-254600000", "costofGoodsAndServicesSold": "-254600000", "operatingIncome": "898100000", "sellingGeneralAndAdministrative": "3108100000", "researchAndDevelopment": "0", "operatingExpenses": "3194100000", "investmentIncomeNet": "None", "netInterestIncome": "None", "interestIncome": "None", "interestExpense": "248800000", "nonInterestIncome": "None", "otherNonOperatingIncome": "258800000", "depreciation": "None", "depreciationAndAmortization": "117400000", "incomeBeforeTax": "908100000", "incomeTaxExpense": "286100000", "interestAndDebtExpense": "None", "netIncomeFromContinuingOperations": "622000000", "comprehensiveIncomeNetOfTax": "None", "ebit": "794200000", "ebitda": "911600000", "netIncome": "729700000"}, {"fiscalDateEnding": "2010-12-31", "reportedCurrency": "USD", "grossProfit": "1319000000", "totalRevenue": "3487700000", "costOfRevenue": "2168700000", "costofGoodsAndServicesSold": "2168700000", "operatingIncome": "589900000", "sellingGeneralAndAdministrative": "262200000", "researchAndDevelopment": "0", "operatingExpenses": "729100000", "investmentIncomeNet": "None", "netInterestIncome": "None", "interestIncome": "None", "interestExpense": "177200000", "nonInterestIncome": "None", "otherNonOperatingIncome": "421100000", "depreciation": "None", "depreciationAndAmortization": "96700000", "incomeBeforeTax": "833800000", "incomeTaxExpense": "197000000", "interestAndDebtExpense": "None", "netIncomeFromContinuingOperations": "636800000", "comprehensiveIncomeNetOfTax": "None", "ebit": "1011000000", "ebitda": "1107700000", "netIncome": "465700000"}, {"fiscalDateEnding": "2009-12-31", "reportedCurrency": "USD", "grossProfit": "2627300000", "totalRevenue": "2627300000", "costOfRevenue": "2072100000", "costofGoodsAndServicesSold": "2072100000", "operatingIncome": "484300000", "sellingGeneralAndAdministrative": "2034100000", "researchAndDevelopment": "0", "operatingExpenses": "2143000000", "investmentIncomeNet": "None", "netInterestIncome": "None", "interestIncome": "None", "interestExpense": "64500000", "nonInterestIncome": "None", "otherNonOperatingIncome": "-62300000", "depreciation": "None", "depreciationAndAmortization": "77600000", "incomeBeforeTax": "357500000", "incomeTaxExpense": "148200000", "interestAndDebtExpense": "None", "netIncomeFromContinuingOperations": "209300000", "comprehensiveIncomeNetOfTax": "None", "ebit": "422000000", "ebitda": "499600000", "netIncome": "322500000"}, {"fiscalDateEnding": "2008-12-31", "reportedCurrency": "USD", "grossProfit": "3307600000", "totalRevenue": "3307600000", "costOfRevenue": "2513900000", "costofGoodsAndServicesSold": "2513900000", "operatingIncome": "747800000", "sellingGeneralAndAdministrative": "2411600000", "researchAndDevelopment": "None", "operatingExpenses": "2559800000", "investmentIncomeNet": "None", "netInterestIncome": "None", "interestIncome": "None", "interestExpense": "76900000", "nonInterestIncome": "None", "otherNonOperatingIncome": "None", "depreciation": "None", "depreciationAndAmortization": "67600000", "incomeBeforeTax": "657000000", "incomeTaxExpense": "236000000", "interestAndDebtExpense": "None", "netIncomeFromContinuingOperations": "None", "comprehensiveIncomeNetOfTax": "None", "ebit": "733900000", "ebitda": "801500000", "netIncome": "481700000"}, {"fiscalDateEnding": "2007-12-31", "reportedCurrency": "USD", "grossProfit": "3878900000", "totalRevenue": "3878900000", "costOfRevenue": "2790500000", "costofGoodsAndServicesSold": "2790500000", "operatingIncome": "994300000", "sellingGeneralAndAdministrative": "295800000", "researchAndDevelopment": "None", "operatingExpenses": "2884600000", "investmentIncomeNet": "None", "netInterestIncome": "None", "interestIncome": "None", "interestExpense": "0", "nonInterestIncome": "None", "otherNonOperatingIncome": "None", "depreciation": "None", "depreciationAndAmortization": "64100000", "incomeBeforeTax": "1243800000", "incomeTaxExpense": "357300000", "interestAndDebtExpense": "None", "netIncomeFromContinuingOperations": "None", "comprehensiveIncomeNetOfTax": "None", "ebit": "994300000", "ebitda": "1058400000", "netIncome": "673600000"}, {"fiscalDateEnding": "2006-12-31", "reportedCurrency": "USD", "grossProfit": "3246700000", "totalRevenue": "3246700000", "costOfRevenue": "815700000", "costofGoodsAndServicesSold": "815700000", "operatingIncome": "785400000", "sellingGeneralAndAdministrative": "None", "researchAndDevelopment": "None", "operatingExpenses": "2487500000", "investmentIncomeNet": "None", "netInterestIncome": "None", "interestIncome": "None", "interestExpense": "0", "nonInterestIncome": "None", "otherNonOperatingIncome": "None", "depreciation": "None", "depreciationAndAmortization": "67500000", "incomeBeforeTax": "754600000", "incomeTaxExpense": "263800000", "interestAndDebtExpense": "None", "netIncomeFromContinuingOperations": "None", "comprehensiveIncomeNetOfTax": "None", "ebit": "772300000", "ebitda": "839800000", "netIncome": "490100000"}], "quarterlyReports": [{"fiscalDateEnding": "2025-12-31", "reportedCurrency": "USD", "grossProfit": "1132900000", "totalRevenue": "1692000000", "costOfRevenue": "559100000", "costofGoodsAndServicesSold": "559100000", "operatingIncome": "-1458100000", "sellingGeneralAndAdministrative": "148700000", "researchAndDevelopment": "None", "operatingExpenses": "2591000000", "investmentIncomeNet": "None", "netInterestIncome": "None", "interestIncome": "24000000", "interestExpense": "23000000", "nonInterestIncome": "None", "otherNonOperatingIncome": "None", "depreciation": "None", "depreciationAndAmortization": "1803600000", "incomeBeforeTax": "-1345400000", "incomeTaxExpense": "-349500000", "interestAndDebtExpense": "None", "netIncomeFromContinuingOperations": "None", "comprehensiveIncomeNetOfTax": "None", "ebit": "-1572200000", "ebitda": "231400000", "netIncome": "-1061100000"}, {"fiscalDateEnding": "2025-09-30", "reportedCurrency": "USD", "grossProfit": "560500000", "totalRevenue": "1640400000", "costOfRevenue": "1079900000", "costofGoodsAndServicesSold": "1079900000", "operatingIncome": "270900000", "sellingGeneralAndAdministrative": "151300000", "researchAndDevelopment": "None", "operatingExpenses": "289600000", "investmentIncomeNet": "None", "netInterestIncome": "-15200000", "interestIncome": "10500000", "interestExpense": "25700000", "nonInterestIncome": "None", "otherNonOperatingIncome": "None", "depreciation": "None", "depreciationAndAmortization": "38300000", "incomeBeforeTax": "346700000", "incomeTaxExpense": "-9700000", "interestAndDebtExpense": "None", "netIncomeFromContinuingOperations": "356400000", "comprehensiveIncomeNetOfTax": "None", "ebit": "372400000", "ebitda": "410700000", "netIncome": "345700000"}, {"fiscalDateEnding": "2025-06-30", "reportedCurrency": "USD", "grossProfit": "504400000", "totalRevenue": "1515500000", "costOfRevenue": "1011100000", "costofGoodsAndServicesSold": "1011100000", "operatingIncome": "214200000", "sellingGeneralAndAdministrative": "139200000", "researchAndDevelopment": "None", "operatingExpenses": "290200000", "investmentIncomeNet": "None", "netInterestIncome": "-10200000", "interestIncome": "14800000", "interestExpense": "20700000", "nonInterestIncome": "None", "otherNonOperatingIncome": "None", "depreciation": "None", "depreciationAndAmortization": "40100000", "incomeBeforeTax": "274400000", "incomeTaxExpense": "77000000", "interestAndDebtExpense": "None", "netIncomeFromContinuingOperations": "197400000", "comprehensiveIncomeNetOfTax": "None", "ebit": "295100000", "ebitda": "335200000", "netIncome": "203400000"}, {"fiscalDateEnding": "2025-03-31", "reportedCurrency": "USD", "grossProfit": "555600000", "totalRevenue": "1529200000", "costOfRevenue": "973600000", "costofGoodsAndServicesSold": "973600000", "operatingIncome": "277300000", "sellingGeneralAndAdministrative": "137300000", "researchAndDevelopment": "None", "operatingExpenses": "278300000", "investmentIncomeNet": "None", "netInterestIncome": "-1800000", "interestIncome": "11300000", "interestExpense": "13100000", "nonInterestIncome": "None", "otherNonOperatingIncome": "None", "depreciation": "None", "depreciationAndAmortization": "41500000", "incomeBeforeTax": "344900000", "incomeTaxExpense": "77600000", "interestAndDebtExpense": "None", "netIncomeFromContinuingOperations": "267300000", "comprehensiveIncomeNetOfTax": "None", "ebit": "358000000", "ebitda": "399500000", "netIncome": "230300000"}, {"fiscalDateEnding": "2024-12-31", "reportedCurrency": "USD", "grossProfit": "602600000", "totalRevenue": "1593000000", "costOfRevenue": "990400000", "costofGoodsAndServicesSold": "990400000", "operatingIncome": "311700000", "sellingGeneralAndAdministrative": "135000000", "researchAndDevelopment": "None", "operatingExpenses": "290900000", "investmentIncomeNet": "None", "netInterestIncome": "12200000", "interestIncome": "24600000", "interestExpense": "12400000", "nonInterestIncome": "None", "otherNonOperatingIncome": "None", "depreciation": "None", "depreciationAndAmortization": "44100000", "incomeBeforeTax": "317400000", "incomeTaxExpense": "78700000", "interestAndDebtExpense": "None", "netIncomeFromContinuingOperations": "238700000", "comprehensiveIncomeNetOfTax": "None", "ebit": "329800000", "ebitda": "373900000", "netIncome": "268500000"}, {"fiscalDateEnding": "2024-09-30", "reportedCurrency": "USD", "grossProfit": "390400000", "totalRevenue": "1515400000", "costOfRevenue": "1125000000", "costofGoodsAndServicesSold": "1125000000", "operatingIncome": "100500000", "sellingGeneralAndAdministrative": "140800000", "researchAndDevelopment": "None", "operatingExpenses": "289900000", "investmentIncomeNet": "None", "netInterestIncome": "-2500000", "interestIncome": "10900000", "interestExpense": "13400000", "nonInterestIncome": "None", "otherNonOperatingIncome": "None", "depreciation": "None", "depreciationAndAmortization": "44000000", "incomeBeforeTax": "145100000", "incomeTaxExpense": "41500000", "interestAndDebtExpense": "None", "netIncomeFromContinuingOperations": "103600000", "comprehensiveIncomeNetOfTax": "None", "ebit": "158500000", "ebitda": "202500000", "netIncome": "114200000"}, {"fiscalDateEnding": "2024-06-30", "reportedCurrency": "USD", "grossProfit": "535600000", "totalRevenue": "1483300000", "costOfRevenue": "947700000", "costofGoodsAndServicesSold": "947700000", "operatingIncome": "206800000", "sellingGeneralAndAdministrative": "180400000", "researchAndDevelopment": "None", "operatingExpenses": "328800000", "investmentIncomeNet": "None", "netInterestIncome": "-5300000", "interestIncome": "11000000", "interestExpense": "16300000", "nonInterestIncome": "None", "otherNonOperatingIncome": "None", "depreciation": "None", "depreciationAndAmortization": "46400000", "incomeBeforeTax": "259900000", "incomeTaxExpense": "64000000", "interestAndDebtExpense": "None", "netIncomeFromContinuingOperations": "195900000", "comprehensiveIncomeNetOfTax": "None", "ebit": "276200000", "ebitda": "322600000", "netIncome": "191400000"}, {"fiscalDateEnding": "2024-03-31", "reportedCurrency": "USD", "grossProfit": "498600000", "totalRevenue": "1475300000", "costOfRevenue": "976700000", "costofGoodsAndServicesSold": "976700000", "operatingIncome": "213100000", "sellingGeneralAndAdministrative": "138500000", "researchAndDevelopment": "None", "operatingExpenses": "285500000", "investmentIncomeNet": "None", "netInterestIncome": "-3500000", "interestIncome": "12400000", "interestExpense": "15900000", "nonInterestIncome": "None", "otherNonOperatingIncome": "None", "depreciation": "None", "depreciationAndAmortization": "45100000", "incomeBeforeTax": "282900000", "incomeTaxExpense": "68700000", "interestAndDebtExpense": "None", "netIncomeFromContinuingOperations": "214200000", "comprehensiveIncomeNetOfTax": "None", "ebit": "298800000", "ebitda": "343900000", "netIncome": "200700000"}, {"fiscalDateEnding": "2023-12-31", "reportedCurrency": "USD", "grossProfit": "485200000", "totalRevenue": "1413400000", "costOfRevenue": "928200000", "costofGoodsAndServicesSold": "928200000", "operatingIncome": "-1075800000", "sellingGeneralAndAdministrative": "135900000", "researchAndDevelopment": "None", "operatingExpenses": "1561000000", "investmentIncomeNet": "None", "netInterestIncome": "4500000", "interestIncome": "21300000", "interestExpense": "16800000", "nonInterestIncome": "None", "otherNonOperatingIncome": "None", "depreciation": "None", "depreciationAndAmortization": "1260300000", "incomeBeforeTax": "-933500000", "incomeTaxExpense": "-266400000", "interestAndDebtExpense": "None", "netIncomeFromContinuingOperations": "-667100000", "comprehensiveIncomeNetOfTax": "None", "ebit": "-916700000", "ebitda": "343600000", "netIncome": "-683100000"}, {"fiscalDateEnding": "2023-09-30", "reportedCurrency": "USD", "grossProfit": "515300000", "totalRevenue": "1442000000", "costOfRevenue": "926700000", "costofGoodsAndServicesSold": "926700000", "operatingIncome": "227700000", "sellingGeneralAndAdministrative": "146000000", "researchAndDevelopment": "None", "operatingExpenses": "287600000", "investmentIncomeNet": "None", "netInterestIncome": "-6500000", "interestIncome": "10800000", "interestExpense": "17300000", "nonInterestIncome": "None", "otherNonOperatingIncome": "None", "depreciation": "None", "depreciationAndAmortization": "42200000", "incomeBeforeTax": "230000000", "incomeTaxExpense": "61300000", "interestAndDebtExpense": "None", "netIncomeFromContinuingOperations": "168700000", "comprehensiveIncomeNetOfTax": "None", "ebit": "247300000", "ebitda": "289500000", "netIncome": "190600000"}, {"fiscalDateEnding": "2023-06-30", "reportedCurrency": "USD", "grossProfit": "504600000", "totalRevenue": "1442800000", "costOfRevenue": "938200000", "costofGoodsAndServicesSold": "938200000", "operatingIncome": "203800000", "sellingGeneralAndAdministrative": "151900000", "researchAndDevelopment": "None", "operatingExpenses": "300800000", "investmentIncomeNet": "None", "netInterestIncome": "-11300000", "interestIncome": "7100000", "interestExpense": "18400000", "nonInterestIncome": "None", "otherNonOperatingIncome": "47200000", "depreciation": "None", "depreciationAndAmortization": "47400000", "incomeBeforeTax": "229900000", "incomeTaxExpense": "65500000", "interestAndDebtExpense": "None", "netIncomeFromContinuingOperations": "164400000", "comprehensiveIncomeNetOfTax": "None", "ebit": "248300000", "ebitda": "295700000", "netIncome": "191400000"}, {"fiscalDateEnding": "2023-03-31", "reportedCurrency": "USD", "grossProfit": "500300000", "totalRevenue": "1418200000", "costOfRevenue": "917900000", "costofGoodsAndServicesSold": "917900000", "operatingIncome": "209500000", "sellingGeneralAndAdministrative": "105000000", "researchAndDevelopment": "None", "operatingExpenses": "290800000", "investmentIncomeNet": "None", "netInterestIncome": "-9400000", "interestIncome": "8600000", "interestExpense": "18000000", "nonInterestIncome": "None", "otherNonOperatingIncome": "62100000", "depreciation": "None", "depreciationAndAmortization": "46800000", "incomeBeforeTax": "235700000", "incomeTaxExpense": "69900000", "interestAndDebtExpense": "None", "netIncomeFromContinuingOperations": "165800000", "comprehensiveIncomeNetOfTax": "None", "ebit": "253700000", "ebitda": "300500000", "netIncome": "204200000"}, {"fiscalDateEnding": "2022-12-31", "reportedCurrency": "USD", "grossProfit": "531900000", "totalRevenue": "1443400000", "costOfRevenue": "911500000", "costofGoodsAndServicesSold": "911500000", "operatingIncome": "245100000", "sellingGeneralAndAdministrative": "109600000", "researchAndDevelopment": "None", "operatingExpenses": "286800000", "investmentIncomeNet": "None", "netInterestIncome": "200000", "interestIncome": "28000000", "interestExpense": "17600000", "nonInterestIncome": "None", "otherNonOperatingIncome": "76200000", "depreciation": "None", "depreciationAndAmortization": "48600000", "incomeBeforeTax": "390400000", "incomeTaxExpense": "89600000", "interestAndDebtExpense": "None", "netIncomeFromContinuingOperations": "300800000", "comprehensiveIncomeNetOfTax": "None", "ebit": "408000000", "ebitda": "456600000", "netIncome": "247000000"}, {"fiscalDateEnding": "2022-09-30", "reportedCurrency": "USD", "grossProfit": "573600000", "totalRevenue": "1445700000", "costOfRevenue": "872100000", "costofGoodsAndServicesSold": "872100000", "operatingIncome": "350200000", "sellingGeneralAndAdministrative": "48700000", "researchAndDevelopment": "None", "operatingExpenses": "223400000", "investmentIncomeNet": "None", "netInterestIncome": "-15300000", "interestIncome": "3300000", "interestExpense": "18600000", "nonInterestIncome": "None", "otherNonOperatingIncome": "-11100000", "depreciation": "None", "depreciationAndAmortization": "47900000", "incomeBeforeTax": "255100000", "incomeTaxExpense": "86800000", "interestAndDebtExpense": "None", "netIncomeFromContinuingOperations": "168300000", "comprehensiveIncomeNetOfTax": "None", "ebit": "273700000", "ebitda": "321600000", "netIncome": "236600000"}, {"fiscalDateEnding": "2022-06-30", "reportedCurrency": "USD", "grossProfit": "648200000", "totalRevenue": "1530400000", "costOfRevenue": "882200000", "costofGoodsAndServicesSold": "882200000", "operatingIncome": "344700000", "sellingGeneralAndAdministrative": "119700000", "researchAndDevelopment": "None", "operatingExpenses": "303500000", "investmentIncomeNet": "None", "netInterestIncome": "-23700000", "interestIncome": "2100000", "interestExpense": "25800000", "nonInterestIncome": "None", "otherNonOperatingIncome": "-63200000", "depreciation": "None", "depreciationAndAmortization": "49300000", "incomeBeforeTax": "281900000", "incomeTaxExpense": "63000000", "interestAndDebtExpense": "None", "netIncomeFromContinuingOperations": "218900000", "comprehensiveIncomeNetOfTax": "None", "ebit": "307700000", "ebitda": "357000000", "netIncome": "180200000"}, {"fiscalDateEnding": "2022-03-31", "reportedCurrency": "USD", "grossProfit": "683900000", "totalRevenue": "1629400000", "costOfRevenue": "945500000", "costofGoodsAndServicesSold": "945500000", "operatingIncome": "377700000", "sellingGeneralAndAdministrative": "102200000", "researchAndDevelopment": "None", "operatingExpenses": "306200000", "investmentIncomeNet": "None", "netInterestIncome": "-22000000", "interestIncome": "1200000", "interestExpense": "23200000", "nonInterestIncome": "None", "otherNonOperatingIncome": "-10900000", "depreciation": "None", "depreciationAndAmortization": "49500000", "incomeBeforeTax": "320300000", "incomeTaxExpense": "82800000", "interestAndDebtExpense": "None", "netIncomeFromContinuingOperations": "237500000", "comprehensiveIncomeNetOfTax": "None", "ebit": "343500000", "ebitda": "393000000", "netIncome": "256900000"}, {"fiscalDateEnding": "2021-12-31", "reportedCurrency": "USD", "grossProfit": "764500000", "totalRevenue": "1763400000", "costOfRevenue": "998900000", "costofGoodsAndServicesSold": "998900000", "operatingIncome": "509200000", "sellingGeneralAndAdministrative": "119200000", "researchAndDevelopment": "None", "operatingExpenses": "255300000", "investmentIncomeNet": "None", "netInterestIncome": "-1600000", "interestIncome": "21600000", "interestExpense": "23200000", "nonInterestIncome": "None", "otherNonOperatingIncome": "109700000", "depreciation": "None", "depreciationAndAmortization": "50400000", "incomeBeforeTax": "687800000", "incomeTaxExpense": "130700000", "interestAndDebtExpense": "None", "netIncomeFromContinuingOperations": "557100000", "comprehensiveIncomeNetOfTax": "None", "ebit": "711000000", "ebitda": "761400000", "netIncome": "486000000"}, {"fiscalDateEnding": "2021-09-30", "reportedCurrency": "USD", "grossProfit": "726900000", "totalRevenue": "1750000000", "costOfRevenue": "1023100000", "costofGoodsAndServicesSold": "1023100000", "operatingIncome": "463800000", "sellingGeneralAndAdministrative": "105000000", "researchAndDevelopment": "None", "operatingExpenses": "263100000", "investmentIncomeNet": "None", "netInterestIncome": "-21200000", "interestIncome": "1900000", "interestExpense": "23100000", "nonInterestIncome": "None", "otherNonOperatingIncome": "44400000", "depreciation": "None", "depreciationAndAmortization": "51000000", "incomeBeforeTax": "685300000", "incomeTaxExpense": "139700000", "interestAndDebtExpense": "None", "netIncomeFromContinuingOperations": "545600000", "comprehensiveIncomeNetOfTax": "None", "ebit": "708400000", "ebitda": "759400000", "netIncome": "389300000"}, {"fiscalDateEnding": "2021-06-30", "reportedCurrency": "USD", "grossProfit": "694800000", "totalRevenue": "1721400000", "costOfRevenue": "1026600000", "costofGoodsAndServicesSold": "1026600000", "operatingIncome": "470900000", "sellingGeneralAndAdministrative": "103300000", "researchAndDevelopment": "None", "operatingExpenses": "223900000", "investmentIncomeNet": "None", "netInterestIncome": "-24200000", "interestIncome": "400000", "interestExpense": "24600000", "nonInterestIncome": "None", "otherNonOperatingIncome": "81000000", "depreciation": "None", "depreciationAndAmortization": "52800000", "incomeBeforeTax": "649300000", "incomeTaxExpense": "154200000", "interestAndDebtExpense": "None", "netIncomeFromContinuingOperations": "495100000", "comprehensiveIncomeNetOfTax": "None", "ebit": "673900000", "ebitda": "726700000", "netIncome": "427500000"}, {"fiscalDateEnding": "2021-03-31", "reportedCurrency": "USD", "grossProfit": "647700000", "totalRevenue": "1659700000", "costOfRevenue": "1012000000", "costofGoodsAndServicesSold": "1012000000", "operatingIncome": "344300000", "sellingGeneralAndAdministrative": "96600000", "researchAndDevelopment": "None", "operatingExpenses": "303400000", "investmentIncomeNet": "None", "netInterestIncome": "-22500000", "interestIncome": "1300000", "interestExpense": "23800000", "nonInterestIncome": "None", "otherNonOperatingIncome": "62900000", "depreciation": "None", "depreciationAndAmortization": "51100000", "incomeBeforeTax": "478100000", "incomeTaxExpense": "106500000", "interestAndDebtExpense": "None", "netIncomeFromContinuingOperations": "371600000", "comprehensiveIncomeNetOfTax": "None", "ebit": "501900000", "ebitda": "553000000", "netIncome": "327000000"}, {"fiscalDateEnding": "2020-12-31", "reportedCurrency": "USD", "grossProfit": "635500000", "totalRevenue": "1630100000", "costOfRevenue": "994600000", "costofGoodsAndServicesSold": "994600000", "operatingIncome": "217800000", "sellingGeneralAndAdministrative": "95900000", "researchAndDevelopment": "None", "operatingExpenses": "417700000", "investmentIncomeNet": "None", "netInterestIncome": "-15300000", "interestIncome": "9100000", "interestExpense": "24400000", "nonInterestIncome": "None", "otherNonOperatingIncome": "95000000", "depreciation": "None", "depreciationAndAmortization": "53200000", "incomeBeforeTax": "399700000", "incomeTaxExpense": "68900000", "interestAndDebtExpense": "None", "netIncomeFromContinuingOperations": "330800000", "comprehensiveIncomeNetOfTax": "None", "ebit": "424100000", "ebitda": "477300000", "netIncome": "270300000"}, {"fiscalDateEnding": "2020-09-30", "reportedCurrency": "USD", "grossProfit": "572300000", "totalRevenue": "1497600000", "costOfRevenue": "925300000", "costofGoodsAndServicesSold": "925300000", "operatingIncome": "268500000", "sellingGeneralAndAdministrative": "89700000", "researchAndDevelopment": "None", "operatingExpenses": "303800000", "investmentIncomeNet": "None", "netInterestIncome": "-31200000", "interestIncome": "12600000", "interestExpense": "33800000", "nonInterestIncome": "None", "otherNonOperatingIncome": "52700000", "depreciation": "None", "depreciationAndAmortization": "51600000", "incomeBeforeTax": "386600000", "incomeTaxExpense": "91900000", "interestAndDebtExpense": "None", "netIncomeFromContinuingOperations": "294700000", "comprehensiveIncomeNetOfTax": "None", "ebit": "420400000", "ebitda": "472000000", "netIncome": "250900000"}, {"fiscalDateEnding": "2020-06-30", "reportedCurrency": "USD", "grossProfit": "520400000", "totalRevenue": "1419000000", "costOfRevenue": "898600000", "costofGoodsAndServicesSold": "898600000", "operatingIncome": "117100000", "sellingGeneralAndAdministrative": "188900000", "researchAndDevelopment": "None", "operatingExpenses": "403300000", "investmentIncomeNet": "None", "netInterestIncome": "-32400000", "interestIncome": "2400000", "interestExpense": "34800000", "nonInterestIncome": "None", "otherNonOperatingIncome": "73600000", "depreciation": "None", "depreciationAndAmortization": "50300000", "incomeBeforeTax": "105400000", "incomeTaxExpense": "43400000", "interestAndDebtExpense": "None", "netIncomeFromContinuingOperations": "62000000", "comprehensiveIncomeNetOfTax": "None", "ebit": "140200000", "ebitda": "190500000", "netIncome": "99700000"}, {"fiscalDateEnding": "2020-03-31", "reportedCurrency": "USD", "grossProfit": "661900000", "totalRevenue": "1598900000", "costOfRevenue": "937000000", "costofGoodsAndServicesSold": "937000000", "operatingIncome": "317000000", "sellingGeneralAndAdministrative": "106300000", "researchAndDevelopment": "None", "operatingExpenses": "344900000", "investmentIncomeNet": "None", "netInterestIncome": "-29900000", "interestIncome": "6400000", "interestExpense": "36300000", "nonInterestIncome": "None", "otherNonOperatingIncome": "-83200000", "depreciation": "None", "depreciationAndAmortization": "48400000", "incomeBeforeTax": "177400000", "incomeTaxExpense": "57400000", "interestAndDebtExpense": "None", "netIncomeFromContinuingOperations": "120000000", "comprehensiveIncomeNetOfTax": "None", "ebit": "213700000", "ebitda": "262100000", "netIncome": "140700000"}, {"fiscalDateEnding": "2019-12-31", "reportedCurrency": "USD", "grossProfit": "754600000", "totalRevenue": "1742800000", "costOfRevenue": "988200000", "costofGoodsAndServicesSold": "988200000", "operatingIncome": "314600000", "sellingGeneralAndAdministrative": "121700000", "researchAndDevelopment": "None", "operatingExpenses": "440000000", "investmentIncomeNet": "None", "netInterestIncome": "-20600000", "interestIncome": "14000000", "interestExpense": "34600000", "nonInterestIncome": "None", "otherNonOperatingIncome": "20200000", "depreciation": "None", "depreciationAndAmortization": "52500000", "incomeBeforeTax": "323000000", "incomeTaxExpense": "80400000", "interestAndDebtExpense": "None", "netIncomeFromContinuingOperations": "242600000", "comprehensiveIncomeNetOfTax": "None", "ebit": "357600000", "ebitda": "410100000", "netIncome": "239000000"}, {"fiscalDateEnding": "2019-09-30", "reportedCurrency": "USD", "grossProfit": "729500000", "totalRevenue": "1720600000", "costOfRevenue": "991100000", "costofGoodsAndServicesSold": "991100000", "operatingIncome": "275100000", "sellingGeneralAndAdministrative": "104500000", "researchAndDevelopment": "None", "operatingExpenses": "454400000", "investmentIncomeNet": "None", "netInterestIncome": "-29100000", "interestIncome": "5900000", "interestExpense": "35000000", "nonInterestIncome": "None", "otherNonOperatingIncome": "39500000", "depreciation": "None", "depreciationAndAmortization": "48500000", "incomeBeforeTax": "316600000", "incomeTaxExpense": "74000000", "interestAndDebtExpense": "None", "netIncomeFromContinuingOperations": "242600000", "comprehensiveIncomeNetOfTax": "None", "ebit": "351600000", "ebitda": "400100000", "netIncome": "231500000"}, {"fiscalDateEnding": "2019-06-30", "reportedCurrency": "USD", "grossProfit": "565700000", "totalRevenue": "1439400000", "costOfRevenue": "873700000", "costofGoodsAndServicesSold": "873700000", "operatingIncome": "18300000", "sellingGeneralAndAdministrative": "94200000", "researchAndDevelopment": "None", "operatingExpenses": "547400000", "investmentIncomeNet": "None", "netInterestIncome": "-29100000", "interestIncome": "3900000", "interestExpense": "33000000", "nonInterestIncome": "None", "otherNonOperatingIncome": "40100000", "depreciation": "None", "depreciationAndAmortization": "40300000", "incomeBeforeTax": "76500000", "incomeTaxExpense": "14500000", "interestAndDebtExpense": "None", "netIncomeFromContinuingOperations": "62000000", "comprehensiveIncomeNetOfTax": "None", "ebit": "109500000", "ebitda": "149800000", "netIncome": "40100000"}, {"fiscalDateEnding": "2019-03-31", "reportedCurrency": "USD", "grossProfit": "465300000", "totalRevenue": "1214600000", "costOfRevenue": "749300000", "costofGoodsAndServicesSold": "749300000", "operatingIncome": "200200000", "sellingGeneralAndAdministrative": "83800000", "researchAndDevelopment": "None", "operatingExpenses": "265100000", "investmentIncomeNet": "None", "netInterestIncome": "-28400000", "interestIncome": "11300000", "interestExpense": "33100000", "nonInterestIncome": "None", "otherNonOperatingIncome": "50800000", "depreciation": "None", "depreciationAndAmortization": "36300000", "incomeBeforeTax": "256800000", "incomeTaxExpense": "66200000", "interestAndDebtExpense": "None", "netIncomeFromContinuingOperations": "190600000", "comprehensiveIncomeNetOfTax": "None", "ebit": "289900000", "ebitda": "326200000", "netIncome": "177700000"}, {"fiscalDateEnding": "2018-12-31", "reportedCurrency": "USD", "grossProfit": "546300000", "totalRevenue": "1255900000", "costOfRevenue": "709600000", "costofGoodsAndServicesSold": "709600000", "operatingIncome": "230400000", "sellingGeneralAndAdministrative": "37300000", "researchAndDevelopment": "0", "operatingExpenses": "315900000", "investmentIncomeNet": "None", "netInterestIncome": "None", "interestIncome": "None", "interestExpense": "29200000", "nonInterestIncome": "None", "otherNonOperatingIncome": "-26600000", "depreciation": "None", "depreciationAndAmortization": "36500000", "incomeBeforeTax": "148000000", "incomeTaxExpense": "53200000", "interestAndDebtExpense": "None", "netIncomeFromContinuingOperations": "-42000000", "comprehensiveIncomeNetOfTax": "None", "ebit": "177200000", "ebitda": "213700000", "netIncome": "114200000"}, {"fiscalDateEnding": "2018-09-30", "reportedCurrency": "USD", "grossProfit": "553100000", "totalRevenue": "1341800000", "costOfRevenue": "788700000", "costofGoodsAndServicesSold": "788700000", "operatingIncome": "322100000", "sellingGeneralAndAdministrative": "60800000", "researchAndDevelopment": "0", "operatingExpenses": "231000000", "investmentIncomeNet": "None", "netInterestIncome": "None", "interestIncome": "None", "interestExpense": "29600000", "nonInterestIncome": "None", "otherNonOperatingIncome": "21700000", "depreciation": "None", "depreciationAndAmortization": "39600000", "incomeBeforeTax": "342300000", "incomeTaxExpense": "61100000", "interestAndDebtExpense": "None", "netIncomeFromContinuingOperations": "281200000", "comprehensiveIncomeNetOfTax": "None", "ebit": "371900000", "ebitda": "411500000", "netIncome": "269600000"}, {"fiscalDateEnding": "2018-06-30", "reportedCurrency": "USD", "grossProfit": "572500000", "totalRevenue": "1360600000", "costOfRevenue": "788100000", "costofGoodsAndServicesSold": "788100000", "operatingIncome": "331300000", "sellingGeneralAndAdministrative": "87000000", "researchAndDevelopment": "0", "operatingExpenses": "241200000", "investmentIncomeNet": "None", "netInterestIncome": "None", "interestIncome": "None", "interestExpense": "29500000", "nonInterestIncome": "None", "otherNonOperatingIncome": "11500000", "depreciation": "None", "depreciationAndAmortization": "32400000", "incomeBeforeTax": "314200000", "incomeTaxExpense": "72300000", "interestAndDebtExpense": "None", "netIncomeFromContinuingOperations": "241900000", "comprehensiveIncomeNetOfTax": "None", "ebit": "343700000", "ebitda": "376100000", "netIncome": "245100000"}, {"fiscalDateEnding": "2018-03-31", "reportedCurrency": "USD", "grossProfit": "551500000", "totalRevenue": "1355800000", "costOfRevenue": "804300000", "costofGoodsAndServicesSold": "804300000", "operatingIncome": "321100000", "sellingGeneralAndAdministrative": "83700000", "researchAndDevelopment": "0", "operatingExpenses": "230400000", "investmentIncomeNet": "None", "netInterestIncome": "None", "interestIncome": "None", "interestExpense": "23200000", "nonInterestIncome": "None", "otherNonOperatingIncome": "8500000", "depreciation": "None", "depreciationAndAmortization": "33600000", "incomeBeforeTax": "333600000", "incomeTaxExpense": "68400000", "interestAndDebtExpense": "None", "netIncomeFromContinuingOperations": "402000000", "comprehensiveIncomeNetOfTax": "None", "ebit": "356800000", "ebitda": "390400000", "netIncome": "253900000"}, {"fiscalDateEnding": "2017-12-31", "reportedCurrency": "USD", "grossProfit": "602800000", "totalRevenue": "1375600000", "costOfRevenue": "772800000", "costofGoodsAndServicesSold": "772800000", "operatingIncome": "344300000", "sellingGeneralAndAdministrative": "115000000", "researchAndDevelopment": "0", "operatingExpenses": "258500000", "investmentIncomeNet": "None", "netInterestIncome": "None", "interestIncome": "None", "interestExpense": "23600000", "nonInterestIncome": "None", "otherNonOperatingIncome": "33900000", "depreciation": "None", "depreciationAndAmortization": "34600000", "incomeBeforeTax": "399400000", "incomeTaxExpense": "-23200000", "interestAndDebtExpense": "None", "netIncomeFromContinuingOperations": "-160200000", "comprehensiveIncomeNetOfTax": "None", "ebit": "423000000", "ebitda": "457600000", "netIncome": "408200000"}, {"fiscalDateEnding": "2017-09-30", "reportedCurrency": "USD", "grossProfit": "569200000", "totalRevenue": "1337700000", "costOfRevenue": "768500000", "costofGoodsAndServicesSold": "768500000", "operatingIncome": "355300000", "sellingGeneralAndAdministrative": "86600000", "researchAndDevelopment": "0", "operatingExpenses": "208900000", "investmentIncomeNet": "None", "netInterestIncome": "None", "interestIncome": "None", "interestExpense": "23600000", "nonInterestIncome": "None", "otherNonOperatingIncome": "34300000", "depreciation": "None", "depreciationAndAmortization": "29700000", "incomeBeforeTax": "397700000", "incomeTaxExpense": "123100000", "interestAndDebtExpense": "None", "netIncomeFromContinuingOperations": "520800000", "comprehensiveIncomeNetOfTax": "None", "ebit": "421300000", "ebitda": "451000000", "netIncome": "267500000"}, {"fiscalDateEnding": "2017-06-30", "reportedCurrency": "USD", "grossProfit": "522300000", "totalRevenue": "1254400000", "costOfRevenue": "732100000", "costofGoodsAndServicesSold": "732100000", "operatingIncome": "318300000", "sellingGeneralAndAdministrative": "85900000", "researchAndDevelopment": "0", "operatingExpenses": "204000000", "investmentIncomeNet": "None", "netInterestIncome": "None", "interestIncome": "None", "interestExpense": "23600000", "nonInterestIncome": "None", "otherNonOperatingIncome": "14600000", "depreciation": "None", "depreciationAndAmortization": "26200000", "incomeBeforeTax": "342200000", "incomeTaxExpense": "92600000", "interestAndDebtExpense": "None", "netIncomeFromContinuingOperations": "434800000", "comprehensiveIncomeNetOfTax": "None", "ebit": "365800000", "ebitda": "392000000", "netIncome": "239600000"}, {"fiscalDateEnding": "2017-03-31", "reportedCurrency": "USD", "grossProfit": "445800000", "totalRevenue": "1192600000", "costOfRevenue": "746800000", "costofGoodsAndServicesSold": "746800000", "operatingIncome": "258600000", "sellingGeneralAndAdministrative": "78000000", "researchAndDevelopment": "0", "operatingExpenses": "187900000", "investmentIncomeNet": "None", "netInterestIncome": "None", "interestIncome": "None", "interestExpense": "24000000", "nonInterestIncome": "None", "otherNonOperatingIncome": "26800000", "depreciation": "None", "depreciationAndAmortization": "26300000", "incomeBeforeTax": "289900000", "incomeTaxExpense": "75700000", "interestAndDebtExpense": "None", "netIncomeFromContinuingOperations": "365600000", "comprehensiveIncomeNetOfTax": "None", "ebit": "313900000", "ebitda": "340200000", "netIncome": "212000000"}, {"fiscalDateEnding": "2016-12-31", "reportedCurrency": "USD", "grossProfit": "506200000", "totalRevenue": "1194700000", "costOfRevenue": "688500000", "costofGoodsAndServicesSold": "688500000", "operatingIncome": "294200000", "sellingGeneralAndAdministrative": "91500000", "researchAndDevelopment": "0", "operatingExpenses": "212000000", "investmentIncomeNet": "None", "netInterestIncome": "None", "interestIncome": "None", "interestExpense": "23500000", "nonInterestIncome": "None", "otherNonOperatingIncome": "30500000", "depreciation": "None", "depreciationAndAmortization": "25700000", "incomeBeforeTax": "311000000", "incomeTaxExpense": "92900000", "interestAndDebtExpense": "None", "netIncomeFromContinuingOperations": "38500000", "comprehensiveIncomeNetOfTax": "None", "ebit": "334500000", "ebitda": "360200000", "netIncome": "226500000"}, {"fiscalDateEnding": "2016-09-30", "reportedCurrency": "USD", "grossProfit": "494400000", "totalRevenue": "1201600000", "costOfRevenue": "707200000", "costofGoodsAndServicesSold": "707200000", "operatingIncome": "306300000", "sellingGeneralAndAdministrative": "83500000", "researchAndDevelopment": "0", "operatingExpenses": "188100000", "investmentIncomeNet": "None", "netInterestIncome": "None", "interestIncome": "None", "interestExpense": "23900000", "nonInterestIncome": "None", "otherNonOperatingIncome": "24300000", "depreciation": "None", "depreciationAndAmortization": "25600000", "incomeBeforeTax": "345700000", "incomeTaxExpense": "89800000", "interestAndDebtExpense": "None", "netIncomeFromContinuingOperations": "435500000", "comprehensiveIncomeNetOfTax": "None", "ebit": "369600000", "ebitda": "395200000", "netIncome": "241200000"}, {"fiscalDateEnding": "2016-06-30", "reportedCurrency": "USD", "grossProfit": "490700000", "totalRevenue": "1189400000", "costOfRevenue": "698700000", "costofGoodsAndServicesSold": "698700000", "operatingIncome": "301500000", "sellingGeneralAndAdministrative": "78600000", "researchAndDevelopment": "0", "operatingExpenses": "189200000", "investmentIncomeNet": "None", "netInterestIncome": "None", "interestIncome": "None", "interestExpense": "22100000", "nonInterestIncome": "None", "otherNonOperatingIncome": "2900000", "depreciation": "None", "depreciationAndAmortization": "25200000", "incomeBeforeTax": "320200000", "incomeTaxExpense": "83700000", "interestAndDebtExpense": "None", "netIncomeFromContinuingOperations": "236500000", "comprehensiveIncomeNetOfTax": "None", "ebit": "342300000", "ebitda": "367500000", "netIncome": "225500000"}, {"fiscalDateEnding": "2016-03-31", "reportedCurrency": "USD", "grossProfit": "457100000", "totalRevenue": "1148700000", "costOfRevenue": "691600000", "costofGoodsAndServicesSold": "691600000", "operatingIncome": "274400000", "sellingGeneralAndAdministrative": "77900000", "researchAndDevelopment": "0", "operatingExpenses": "182700000", "investmentIncomeNet": "None", "netInterestIncome": "None", "interestIncome": "None", "interestExpense": "23900000", "nonInterestIncome": "None", "otherNonOperatingIncome": "-13300000", "depreciation": "None", "depreciationAndAmortization": "24700000", "incomeBeforeTax": "229700000", "incomeTaxExpense": "71900000", "interestAndDebtExpense": "None", "netIncomeFromContinuingOperations": "157800000", "comprehensiveIncomeNetOfTax": "None", "ebit": "253600000", "ebitda": "278300000", "netIncome": "161000000"}, {"fiscalDateEnding": "2015-12-31", "reportedCurrency": "USD", "grossProfit": "514700000", "totalRevenue": "1239700000", "costOfRevenue": "725000000", "costofGoodsAndServicesSold": "725000000", "operatingIncome": "303600000", "sellingGeneralAndAdministrative": "95700000", "researchAndDevelopment": "0", "operatingExpenses": "211100000", "investmentIncomeNet": "None", "netInterestIncome": "None", "interestIncome": "None", "interestExpense": "73600000", "nonInterestIncome": "None", "otherNonOperatingIncome": "51700000", "depreciation": "None", "depreciationAndAmortization": "25000000", "incomeBeforeTax": "281700000", "incomeTaxExpense": "86900000", "interestAndDebtExpense": "None", "netIncomeFromContinuingOperations": "194800000", "comprehensiveIncomeNetOfTax": "None", "ebit": "355300000", "ebitda": "380300000", "netIncome": "201900000"}, {"fiscalDateEnding": "2015-09-30", "reportedCurrency": "USD", "grossProfit": "543600000", "totalRevenue": "1273500000", "costOfRevenue": "729900000", "costofGoodsAndServicesSold": "729900000", "operatingIncome": "352700000", "sellingGeneralAndAdministrative": "87000000", "researchAndDevelopment": "0", "operatingExpenses": "190900000", "investmentIncomeNet": "None", "netInterestIncome": "None", "interestIncome": "None", "interestExpense": "20400000", "nonInterestIncome": "None", "otherNonOperatingIncome": "55300000", "depreciation": "None", "depreciationAndAmortization": "22600000", "incomeBeforeTax": "341700000", "incomeTaxExpense": "100400000", "interestAndDebtExpense": "None", "netIncomeFromContinuingOperations": "241300000", "comprehensiveIncomeNetOfTax": "None", "ebit": "362100000", "ebitda": "384700000", "netIncome": "249300000"}, {"fiscalDateEnding": "2015-06-30", "reportedCurrency": "USD", "grossProfit": "557600000", "totalRevenue": "1318100000", "costOfRevenue": "760500000", "costofGoodsAndServicesSold": "760500000", "operatingIncome": "364000000", "sellingGeneralAndAdministrative": "89100000", "researchAndDevelopment": "0", "operatingExpenses": "193600000", "investmentIncomeNet": "None", "netInterestIncome": "None", "interestIncome": "None", "interestExpense": "19600000", "nonInterestIncome": "None", "otherNonOperatingIncome": "56300000", "depreciation": "None", "depreciationAndAmortization": "23300000", "incomeBeforeTax": "353400000", "incomeTaxExpense": "109400000", "interestAndDebtExpense": "None", "netIncomeFromContinuingOperations": "244000000", "comprehensiveIncomeNetOfTax": "None", "ebit": "373000000", "ebitda": "396300000", "netIncome": "257300000"}, {"fiscalDateEnding": "2015-03-31", "reportedCurrency": "USD", "grossProfit": "531600000", "totalRevenue": "1291600000", "costOfRevenue": "760000000", "costofGoodsAndServicesSold": "760000000", "operatingIncome": "338100000", "sellingGeneralAndAdministrative": "89900000", "researchAndDevelopment": "0", "operatingExpenses": "193500000", "investmentIncomeNet": "None", "netInterestIncome": "None", "interestIncome": "None", "interestExpense": "18700000", "nonInterestIncome": "None", "otherNonOperatingIncome": "111000000", "depreciation": "None", "depreciationAndAmortization": "22700000", "incomeBeforeTax": "385300000", "incomeTaxExpense": "101300000", "interestAndDebtExpense": "None", "netIncomeFromContinuingOperations": "284000000", "comprehensiveIncomeNetOfTax": "None", "ebit": "404000000", "ebitda": "426700000", "netIncome": "259600000"}, {"fiscalDateEnding": "2014-12-31", "reportedCurrency": "USD", "grossProfit": "536500000", "totalRevenue": "1276700000", "costOfRevenue": "740200000", "costofGoodsAndServicesSold": "740200000", "operatingIncome": "348200000", "sellingGeneralAndAdministrative": "84400000", "researchAndDevelopment": "0", "operatingExpenses": "188300000", "investmentIncomeNet": "None", "netInterestIncome": "None", "interestIncome": "None", "interestExpense": "53900000", "nonInterestIncome": "None", "otherNonOperatingIncome": "32300000", "depreciation": "None", "depreciationAndAmortization": "22000000", "incomeBeforeTax": "326600000", "incomeTaxExpense": "99700000", "interestAndDebtExpense": "None", "netIncomeFromContinuingOperations": "226900000", "comprehensiveIncomeNetOfTax": "None", "ebit": "380500000", "ebitda": "402500000", "netIncome": "269800000"}, {"fiscalDateEnding": "2014-09-30", "reportedCurrency": "USD", "grossProfit": "547000000", "totalRevenue": "1311000000", "costOfRevenue": "764000000", "costofGoodsAndServicesSold": "764000000", "operatingIncome": "329600000", "sellingGeneralAndAdministrative": "114400000", "researchAndDevelopment": "0", "operatingExpenses": "217400000", "investmentIncomeNet": "None", "netInterestIncome": "None", "interestIncome": "None", "interestExpense": "55600000", "nonInterestIncome": "None", "otherNonOperatingIncome": "73100000", "depreciation": "None", "depreciationAndAmortization": "21600000", "incomeBeforeTax": "347100000", "incomeTaxExpense": "94900000", "interestAndDebtExpense": "None", "netIncomeFromContinuingOperations": "252200000", "comprehensiveIncomeNetOfTax": "None", "ebit": "402700000", "ebitda": "424300000", "netIncome": "256000000"}, {"fiscalDateEnding": "2014-06-30", "reportedCurrency": "USD", "grossProfit": "536400000", "totalRevenue": "1289900000", "costOfRevenue": "753500000", "costofGoodsAndServicesSold": "753500000", "operatingIncome": "354800000", "sellingGeneralAndAdministrative": "76100000", "researchAndDevelopment": "0", "operatingExpenses": "181600000", "investmentIncomeNet": "None", "netInterestIncome": "None", "interestIncome": "None", "interestExpense": "48500000", "nonInterestIncome": "None", "otherNonOperatingIncome": "117300000", "depreciation": "None", "depreciationAndAmortization": "22400000", "incomeBeforeTax": "423600000", "incomeTaxExpense": "107000000", "interestAndDebtExpense": "None", "netIncomeFromContinuingOperations": "316600000", "comprehensiveIncomeNetOfTax": "None", "ebit": "472100000", "ebitda": "494500000", "netIncome": "274500000"}, {"fiscalDateEnding": "2014-03-31", "reportedCurrency": "USD", "grossProfit": "502000000", "totalRevenue": "1269500000", "costOfRevenue": "767500000", "costofGoodsAndServicesSold": "767500000", "operatingIncome": "244300000", "sellingGeneralAndAdministrative": "121600000", "researchAndDevelopment": "0", "operatingExpenses": "257700000", "investmentIncomeNet": "None", "netInterestIncome": "None", "interestIncome": "None", "interestExpense": "49000000", "nonInterestIncome": "None", "otherNonOperatingIncome": "102500000", "depreciation": "None", "depreciationAndAmortization": "23400000", "incomeBeforeTax": "297800000", "incomeTaxExpense": "89000000", "interestAndDebtExpense": "None", "netIncomeFromContinuingOperations": "208800000", "comprehensiveIncomeNetOfTax": "None", "ebit": "346800000", "ebitda": "370200000", "netIncome": "187800000"}, {"fiscalDateEnding": "2013-12-31", "reportedCurrency": "USD", "grossProfit": "495500000", "totalRevenue": "1225100000", "costOfRevenue": "729600000", "costofGoodsAndServicesSold": "729600000", "operatingIncome": "293300000", "sellingGeneralAndAdministrative": "86400000", "researchAndDevelopment": "0", "operatingExpenses": "202200000", "investmentIncomeNet": "None", "netInterestIncome": "None", "interestIncome": "None", "interestExpense": "41700000", "nonInterestIncome": "None", "otherNonOperatingIncome": "87000000", "depreciation": "None", "depreciationAndAmortization": "22400000", "incomeBeforeTax": "338600000", "incomeTaxExpense": "74200000", "interestAndDebtExpense": "None", "netIncomeFromContinuingOperations": "260300000", "comprehensiveIncomeNetOfTax": "None", "ebit": "380300000", "ebitda": "402700000", "netIncome": "287400000"}, {"fiscalDateEnding": "2013-09-30", "reportedCurrency": "USD", "grossProfit": "460600000", "totalRevenue": "1171800000", "costOfRevenue": "711200000", "costofGoodsAndServicesSold": "711200000", "operatingIncome": "286000000", "sellingGeneralAndAdministrative": "80100000", "researchAndDevelopment": "0", "operatingExpenses": "174600000", "investmentIncomeNet": "None", "netInterestIncome": "None", "interestIncome": "None", "interestExpense": "43200000", "nonInterestIncome": "None", "otherNonOperatingIncome": "100200000", "depreciation": "None", "depreciationAndAmortization": "21800000", "incomeBeforeTax": "343000000", "incomeTaxExpense": "92900000", "interestAndDebtExpense": "None", "netIncomeFromContinuingOperations": "250100000", "comprehensiveIncomeNetOfTax": "None", "ebit": "386200000", "ebitda": "408000000", "netIncome": "228100000"}, {"fiscalDateEnding": "2013-06-30", "reportedCurrency": "USD", "grossProfit": "445400000", "totalRevenue": "1135500000", "costOfRevenue": "690100000", "costofGoodsAndServicesSold": "690100000", "operatingIncome": "273900000", "sellingGeneralAndAdministrative": "77300000", "researchAndDevelopment": "0", "operatingExpenses": "171500000", "investmentIncomeNet": "None", "netInterestIncome": "None", "interestIncome": "None", "interestExpense": "40600000", "nonInterestIncome": "None", "otherNonOperatingIncome": "58500000", "depreciation": "None", "depreciationAndAmortization": "21900000", "incomeBeforeTax": "291800000", "incomeTaxExpense": "83500000", "interestAndDebtExpense": "None", "netIncomeFromContinuingOperations": "208300000", "comprehensiveIncomeNetOfTax": "None", "ebit": "332400000", "ebitda": "354300000", "netIncome": "202600000"}, {"fiscalDateEnding": "2013-03-31", "reportedCurrency": "USD", "grossProfit": "424600000", "totalRevenue": "1112200000", "costOfRevenue": "687600000", "costofGoodsAndServicesSold": "687600000", "operatingIncome": "267000000", "sellingGeneralAndAdministrative": "67500000", "researchAndDevelopment": "0", "operatingExpenses": "157600000", "investmentIncomeNet": "None", "netInterestIncome": "None", "interestIncome": "None", "interestExpense": "42400000", "nonInterestIncome": "None", "otherNonOperatingIncome": "57200000", "depreciation": "None", "depreciationAndAmortization": "22300000", "incomeBeforeTax": "288200000", "incomeTaxExpense": "86300000", "interestAndDebtExpense": "None", "netIncomeFromContinuingOperations": "199600000", "comprehensiveIncomeNetOfTax": "None", "ebit": "324200000", "ebitda": "346500000", "netIncome": "222200000"}, {"fiscalDateEnding": "2012-12-31", "reportedCurrency": "USD", "grossProfit": "-1516600000", "totalRevenue": "1092900000", "costOfRevenue": "2609500000", "costofGoodsAndServicesSold": "2609500000", "operatingIncome": "222800000", "sellingGeneralAndAdministrative": "2048500000", "researchAndDevelopment": "0", "operatingExpenses": "-1739400000", "investmentIncomeNet": "None", "netInterestIncome": "None", "interestIncome": "None", "interestExpense": "46600000", "nonInterestIncome": "None", "otherNonOperatingIncome": "None", "depreciation": "None", "depreciationAndAmortization": "22500000", "incomeBeforeTax": "190100000", "incomeTaxExpense": "62100000", "interestAndDebtExpense": "None", "netIncomeFromContinuingOperations": "0", "comprehensiveIncomeNetOfTax": "None", "ebit": "236700000", "ebitda": "259200000", "netIncome": "158700000"}, {"fiscalDateEnding": "2012-09-30", "reportedCurrency": "USD", "grossProfit": "372500000", "totalRevenue": "1013900000", "costOfRevenue": "641400000", "costofGoodsAndServicesSold": "641400000", "operatingIncome": "216000000", "sellingGeneralAndAdministrative": "66200000", "researchAndDevelopment": "0", "operatingExpenses": "161600000", "investmentIncomeNet": "None", "netInterestIncome": "None", "interestIncome": "None", "interestExpense": "54500000", "nonInterestIncome": "None", "otherNonOperatingIncome": "69600000", "depreciation": "None", "depreciationAndAmortization": "21600000", "incomeBeforeTax": "226000000", "incomeTaxExpense": "74200000", "interestAndDebtExpense": "None", "netIncomeFromContinuingOperations": "156900000", "comprehensiveIncomeNetOfTax": "None", "ebit": "280500000", "ebitda": "302100000", "netIncome": "170600000"}, {"fiscalDateEnding": "2012-06-30", "reportedCurrency": "USD", "grossProfit": "1009000000", "totalRevenue": "1009000000", "costOfRevenue": "-68500000", "costofGoodsAndServicesSold": "-68500000", "operatingIncome": "202900000", "sellingGeneralAndAdministrative": "779500000", "researchAndDevelopment": "0", "operatingExpenses": "806100000", "investmentIncomeNet": "None", "netInterestIncome": "None", "interestIncome": "None", "interestExpense": "60300000", "nonInterestIncome": "None", "otherNonOperatingIncome": "147300000", "depreciation": "None", "depreciationAndAmortization": "26600000", "incomeBeforeTax": "289900000", "incomeTaxExpense": "62300000", "interestAndDebtExpense": "None", "netIncomeFromContinuingOperations": "227600000", "comprehensiveIncomeNetOfTax": "None", "ebit": "254100000", "ebitda": "280700000", "netIncome": "153900000"}, {"fiscalDateEnding": "2012-03-31", "reportedCurrency": "USD", "grossProfit": "398100000", "totalRevenue": "1033700000", "costOfRevenue": "635600000", "costofGoodsAndServicesSold": "635600000", "operatingIncome": "229800000", "sellingGeneralAndAdministrative": "73300000", "researchAndDevelopment": "0", "operatingExpenses": "168300000", "investmentIncomeNet": "None", "netInterestIncome": "None", "interestIncome": "None", "interestExpense": "59200000", "nonInterestIncome": "None", "otherNonOperatingIncome": "None", "depreciation": "None", "depreciationAndAmortization": "24300000", "incomeBeforeTax": "148400000", "incomeTaxExpense": "73600000", "interestAndDebtExpense": "None", "netIncomeFromContinuingOperations": "0", "comprehensiveIncomeNetOfTax": "None", "ebit": "207600000", "ebitda": "231900000", "netIncome": "193900000"}, {"fiscalDateEnding": "2011-12-31", "reportedCurrency": "USD", "grossProfit": "997100000", "totalRevenue": "997100000", "costOfRevenue": "-254600000", "costofGoodsAndServicesSold": "-254600000", "operatingIncome": "211600000", "sellingGeneralAndAdministrative": "764400000", "researchAndDevelopment": "0", "operatingExpenses": "785500000", "investmentIncomeNet": "None", "netInterestIncome": "None", "interestIncome": "None", "interestExpense": "66100000", "nonInterestIncome": "None", "otherNonOperatingIncome": "240400000", "depreciation": "None", "depreciationAndAmortization": "22100000", "incomeBeforeTax": "385900000", "incomeTaxExpense": "76000000", "interestAndDebtExpense": "None", "netIncomeFromContinuingOperations": "309900000", "comprehensiveIncomeNetOfTax": "None", "ebit": "452000000", "ebitda": "474100000", "netIncome": "202300000"}, {"fiscalDateEnding": "2011-09-30", "reportedCurrency": "USD", "grossProfit": "997800000", "totalRevenue": "997800000", "costOfRevenue": "739500000", "costofGoodsAndServicesSold": "739500000", "operatingIncome": "227800000", "sellingGeneralAndAdministrative": "756900000", "researchAndDevelopment": "0", "operatingExpenses": "770000000", "investmentIncomeNet": "None", "netInterestIncome": "None", "interestIncome": "None", "interestExpense": "64000000", "nonInterestIncome": "None", "otherNonOperatingIncome": "-21300000", "depreciation": "None", "depreciationAndAmortization": "35300000", "incomeBeforeTax": "142500000", "incomeTaxExpense": "59100000", "interestAndDebtExpense": "None", "netIncomeFromContinuingOperations": "83400000", "comprehensiveIncomeNetOfTax": "None", "ebit": "206500000", "ebitda": "241800000", "netIncome": "166900000"}, {"fiscalDateEnding": "2011-06-30", "reportedCurrency": "USD", "grossProfit": "1070000000", "totalRevenue": "1070000000", "costOfRevenue": "794200000", "costofGoodsAndServicesSold": "794200000", "operatingIncome": "233000000", "sellingGeneralAndAdministrative": "810900000", "researchAndDevelopment": "0", "operatingExpenses": "837000000", "investmentIncomeNet": "None", "netInterestIncome": "None", "interestIncome": "None", "interestExpense": "62500000", "nonInterestIncome": "None", "otherNonOperatingIncome": "34300000", "depreciation": "None", "depreciationAndAmortization": "32100000", "incomeBeforeTax": "204800000", "incomeTaxExpense": "75400000", "interestAndDebtExpense": "None", "netIncomeFromContinuingOperations": "129400000", "comprehensiveIncomeNetOfTax": "None", "ebit": "267300000", "ebitda": "299400000", "netIncome": "183000000"}, {"fiscalDateEnding": "2011-03-31", "reportedCurrency": "USD", "grossProfit": "1027300000", "totalRevenue": "1027300000", "costOfRevenue": "765400000", "costofGoodsAndServicesSold": "765400000", "operatingIncome": "225700000", "sellingGeneralAndAdministrative": "775900000", "researchAndDevelopment": "0", "operatingExpenses": "801600000", "investmentIncomeNet": "None", "netInterestIncome": "None", "interestIncome": "None", "interestExpense": "56200000", "nonInterestIncome": "None", "otherNonOperatingIncome": "5400000", "depreciation": "None", "depreciationAndAmortization": "27900000", "incomeBeforeTax": "174900000", "incomeTaxExpense": "75600000", "interestAndDebtExpense": "None", "netIncomeFromContinuingOperations": "99300000", "comprehensiveIncomeNetOfTax": "None", "ebit": "231100000", "ebitda": "259000000", "netIncome": "177500000"}, {"fiscalDateEnding": "2010-12-31", "reportedCurrency": "USD", "grossProfit": "1028500000", "totalRevenue": "1028500000", "costOfRevenue": "760300000", "costofGoodsAndServicesSold": "760300000", "operatingIncome": "198700000", "sellingGeneralAndAdministrative": "778500000", "researchAndDevelopment": "0", "operatingExpenses": "829800000", "investmentIncomeNet": "None", "netInterestIncome": "None", "interestIncome": "None", "interestExpense": "52600000", "nonInterestIncome": "None", "otherNonOperatingIncome": "66300000", "depreciation": "None", "depreciationAndAmortization": "31300000", "incomeBeforeTax": "212400000", "incomeTaxExpense": "55700000", "interestAndDebtExpense": "None", "netIncomeFromContinuingOperations": "156700000", "comprehensiveIncomeNetOfTax": "None", "ebit": "265000000", "ebitda": "296300000", "netIncome": "175200000"}, {"fiscalDateEnding": "2010-09-30", "reportedCurrency": "USD", "grossProfit": "953100000", "totalRevenue": "953100000", "costOfRevenue": "717100000", "costofGoodsAndServicesSold": "717100000", "operatingIncome": "182900000", "sellingGeneralAndAdministrative": "750600000", "researchAndDevelopment": "0", "operatingExpenses": "770200000", "investmentIncomeNet": "None", "netInterestIncome": "None", "interestIncome": "None", "interestExpense": "51700000", "nonInterestIncome": "None", "otherNonOperatingIncome": "-49300000", "depreciation": "None", "depreciationAndAmortization": "26300000", "incomeBeforeTax": "81900000", "incomeTaxExpense": "54500000", "interestAndDebtExpense": "None", "netIncomeFromContinuingOperations": "27400000", "comprehensiveIncomeNetOfTax": "None", "ebit": "133600000", "ebitda": "159900000", "netIncome": "154700000"}, {"fiscalDateEnding": "2010-06-30", "reportedCurrency": "USD", "grossProfit": "787000000", "totalRevenue": "787000000", "costOfRevenue": "606600000", "costofGoodsAndServicesSold": "606600000", "operatingIncome": "71400000", "sellingGeneralAndAdministrative": "698000000", "researchAndDevelopment": "0", "operatingExpenses": "715600000", "investmentIncomeNet": "None", "netInterestIncome": "None", "interestIncome": "None", "interestExpense": "39700000", "nonInterestIncome": "None", "otherNonOperatingIncome": "243200000", "depreciation": "None", "depreciationAndAmortization": "20800000", "incomeBeforeTax": "274900000", "incomeTaxExpense": "36700000", "interestAndDebtExpense": "None", "netIncomeFromContinuingOperations": "238200000", "comprehensiveIncomeNetOfTax": "None", "ebit": "314600000", "ebitda": "335400000", "netIncome": "40800000"}, {"fiscalDateEnding": "2010-03-31", "reportedCurrency": "USD", "grossProfit": "719100000", "totalRevenue": "719100000", "costOfRevenue": "546700000", "costofGoodsAndServicesSold": "546700000", "operatingIncome": "136900000", "sellingGeneralAndAdministrative": "553900000", "researchAndDevelopment": "0", "operatingExpenses": "582200000", "investmentIncomeNet": "None", "netInterestIncome": "None", "interestIncome": "None", "interestExpense": "12400000", "nonInterestIncome": "None", "otherNonOperatingIncome": "160900000", "depreciation": "None", "depreciationAndAmortization": "18300000", "incomeBeforeTax": "264600000", "incomeTaxExpense": "50100000", "interestAndDebtExpense": "None", "netIncomeFromContinuingOperations": "214500000", "comprehensiveIncomeNetOfTax": "None", "ebit": "297800000", "ebitda": "316100000", "netIncome": "95000000"}, {"fiscalDateEnding": "2009-12-31", "reportedCurrency": "USD", "grossProfit": "747800000", "totalRevenue": "747800000", "costOfRevenue": "552600000", "costofGoodsAndServicesSold": "552600000", "operatingIncome": "160500000", "sellingGeneralAndAdministrative": "556900000", "researchAndDevelopment": "0", "operatingExpenses": "587300000", "investmentIncomeNet": "None", "netInterestIncome": "None", "interestIncome": "None", "interestExpense": "15200000", "nonInterestIncome": "None", "otherNonOperatingIncome": "None", "depreciation": "None", "depreciationAndAmortization": "24900000", "incomeBeforeTax": "182400000", "incomeTaxExpense": "48200000", "interestAndDebtExpense": "None", "netIncomeFromContinuingOperations": "0", "comprehensiveIncomeNetOfTax": "None", "ebit": "197600000", "ebitda": "222500000", "netIncome": "110900000"}, {"fiscalDateEnding": "2009-09-30", "reportedCurrency": "USD", "grossProfit": "705800000", "totalRevenue": "705800000", "costOfRevenue": "521200000", "costofGoodsAndServicesSold": "521200000", "operatingIncome": "151600000", "sellingGeneralAndAdministrative": "526500000", "researchAndDevelopment": "0", "operatingExpenses": "554200000", "investmentIncomeNet": "None", "netInterestIncome": "None", "interestIncome": "None", "interestExpense": "16900000", "nonInterestIncome": "None", "otherNonOperatingIncome": "13700000", "depreciation": "None", "depreciationAndAmortization": "20000000", "incomeBeforeTax": "148400000", "incomeTaxExpense": "43700000", "interestAndDebtExpense": "None", "netIncomeFromContinuingOperations": "104700000", "comprehensiveIncomeNetOfTax": "None", "ebit": "165300000", "ebitda": "185300000", "netIncome": "105200000"}, {"fiscalDateEnding": "2009-06-30", "reportedCurrency": "USD", "grossProfit": "625100000", "totalRevenue": "625100000", "costOfRevenue": "498000000", "costofGoodsAndServicesSold": "498000000", "operatingIncome": "110400000", "sellingGeneralAndAdministrative": "490800000", "researchAndDevelopment": "0", "operatingExpenses": "514700000", "investmentIncomeNet": "None", "netInterestIncome": "None", "interestIncome": "None", "interestExpense": "16500000", "nonInterestIncome": "None", "otherNonOperatingIncome": "-29700000", "depreciation": "None", "depreciationAndAmortization": "16700000", "incomeBeforeTax": "64200000", "incomeTaxExpense": "36000000", "interestAndDebtExpense": "None", "netIncomeFromContinuingOperations": "28200000", "comprehensiveIncomeNetOfTax": "None", "ebit": "80700000", "ebitda": "97400000", "netIncome": "75700000"}, {"fiscalDateEnding": "2009-03-31", "reportedCurrency": "USD", "grossProfit": "548600000", "totalRevenue": "548600000", "costOfRevenue": "480300000", "costofGoodsAndServicesSold": "480300000", "operatingIncome": "61800000", "sellingGeneralAndAdministrative": "459900000", "researchAndDevelopment": "0", "operatingExpenses": "486800000", "investmentIncomeNet": "None", "netInterestIncome": "None", "interestIncome": "None", "interestExpense": "15900000", "nonInterestIncome": "None", "otherNonOperatingIncome": "None", "depreciation": "None", "depreciationAndAmortization": "16000000", "incomeBeforeTax": "-37500000", "incomeTaxExpense": "20300000", "interestAndDebtExpense": "None", "netIncomeFromContinuingOperations": "0", "comprehensiveIncomeNetOfTax": "None", "ebit": "-21600000", "ebitda": "-5600000", "netIncome": "30700000"}, {"fiscalDateEnding": "2008-12-31", "reportedCurrency": "USD", "grossProfit": "634400000", "totalRevenue": "634400000", "costOfRevenue": "532700000", "costofGoodsAndServicesSold": "532700000", "operatingIncome": "84500000", "sellingGeneralAndAdministrative": "266000000", "researchAndDevelopment": "0", "operatingExpenses": "549900000", "investmentIncomeNet": "None", "netInterestIncome": "None", "interestIncome": "None", "interestExpense": "17800000", "nonInterestIncome": "None", "otherNonOperatingIncome": "None", "depreciation": "None", "depreciationAndAmortization": "12200000", "incomeBeforeTax": "6500000", "incomeTaxExpense": "35800000", "interestAndDebtExpense": "None", "netIncomeFromContinuingOperations": "0", "comprehensiveIncomeNetOfTax": "None", "ebit": "70600000", "ebitda": "82800000", "netIncome": "31900000"}, {"fiscalDateEnding": "2008-09-30", "reportedCurrency": "USD", "grossProfit": "827200000", "totalRevenue": "827200000", "costOfRevenue": "615300000", "costofGoodsAndServicesSold": "615300000", "operatingIncome": "195200000", "sellingGeneralAndAdministrative": "597200000", "researchAndDevelopment": "0", "operatingExpenses": "632000000", "investmentIncomeNet": "None", "netInterestIncome": "None", "interestIncome": "None", "interestExpense": "18300000", "nonInterestIncome": "None", "otherNonOperatingIncome": "None", "depreciation": "None", "depreciationAndAmortization": "16700000", "incomeBeforeTax": "185300000", "incomeTaxExpense": "49200000", "interestAndDebtExpense": "None", "netIncomeFromContinuingOperations": "0", "comprehensiveIncomeNetOfTax": "None", "ebit": "203600000", "ebitda": "220300000", "netIncome": "131800000"}, {"fiscalDateEnding": "2008-06-30", "reportedCurrency": "USD", "grossProfit": "935600000", "totalRevenue": "935600000", "costOfRevenue": "678500000", "costofGoodsAndServicesSold": "678500000", "operatingIncome": "240000000", "sellingGeneralAndAdministrative": "657400000", "researchAndDevelopment": "0", "operatingExpenses": "695600000", "investmentIncomeNet": "None", "netInterestIncome": "None", "interestIncome": "None", "interestExpense": "19300000", "nonInterestIncome": "None", "otherNonOperatingIncome": "None", "depreciation": "None", "depreciationAndAmortization": "17100000", "incomeBeforeTax": "280000000", "incomeTaxExpense": "77200000", "interestAndDebtExpense": "None", "netIncomeFromContinuingOperations": "0", "comprehensiveIncomeNetOfTax": "None", "ebit": "299300000", "ebitda": "316400000", "netIncome": "162800000"}, {"fiscalDateEnding": "2008-03-31", "reportedCurrency": "USD", "grossProfit": "910400000", "totalRevenue": "910400000", "costOfRevenue": "665700000", "costofGoodsAndServicesSold": "665700000", "operatingIncome": "228100000", "sellingGeneralAndAdministrative": "638400000", "researchAndDevelopment": "0", "operatingExpenses": "682300000", "investmentIncomeNet": "None", "netInterestIncome": "None", "interestIncome": "None", "interestExpense": "21500000", "nonInterestIncome": "None", "otherNonOperatingIncome": "None", "depreciation": "None", "depreciationAndAmortization": "16600000", "incomeBeforeTax": "185200000", "incomeTaxExpense": "73800000", "interestAndDebtExpense": "None", "netIncomeFromContinuingOperations": "0", "comprehensiveIncomeNetOfTax": "None", "ebit": "206700000", "ebitda": "223300000", "netIncome": "155200000"}, {"fiscalDateEnding": "2007-12-31", "reportedCurrency": "USD", "grossProfit": "1765400000", "totalRevenue": "1765400000", "costOfRevenue": "733600000", "costofGoodsAndServicesSold": "733600000", "operatingIncome": "216400000", "sellingGeneralAndAdministrative": "295800000", "researchAndDevelopment": "0", "operatingExpenses": "1549000000", "investmentIncomeNet": "None", "netInterestIncome": "None", "interestIncome": "None", "interestExpense": "17700000", "nonInterestIncome": "None", "otherNonOperatingIncome": "None", "depreciation": "None", "depreciationAndAmortization": "-77800000", "incomeBeforeTax": "486300000", "incomeTaxExpense": "-618000000", "interestAndDebtExpense": "None", "netIncomeFromContinuingOperations": "0", "comprehensiveIncomeNetOfTax": "None", "ebit": "294200000", "ebitda": "216400000", "netIncome": "180200000"}, {"fiscalDateEnding": "2007-09-30", "reportedCurrency": "USD", "grossProfit": "976600000", "totalRevenue": "720300000", "costOfRevenue": "704000000", "costofGoodsAndServicesSold": "704000000", "operatingIncome": "256500000", "sellingGeneralAndAdministrative": "343100000", "researchAndDevelopment": "0", "operatingExpenses": "720100000", "investmentIncomeNet": "None", "netInterestIncome": "None", "interestIncome": "None", "interestExpense": "16400000", "nonInterestIncome": "None", "otherNonOperatingIncome": "None", "depreciation": "None", "depreciationAndAmortization": "109700000", "incomeBeforeTax": "263300000", "incomeTaxExpense": "92700000", "interestAndDebtExpense": "None", "netIncomeFromContinuingOperations": "0", "comprehensiveIncomeNetOfTax": "None", "ebit": "256500000", "ebitda": "366200000", "netIncome": "167000000"}, {"fiscalDateEnding": "2007-06-30", "reportedCurrency": "USD", "grossProfit": "979000000", "totalRevenue": "722500000", "costOfRevenue": "701100000", "costofGoodsAndServicesSold": "701100000", "operatingIncome": "262000000", "sellingGeneralAndAdministrative": "0", "researchAndDevelopment": "0", "operatingExpenses": "717000000", "investmentIncomeNet": "None", "netInterestIncome": "None", "interestIncome": "None", "interestExpense": "18600000", "nonInterestIncome": "None", "otherNonOperatingIncome": "None", "depreciation": "None", "depreciationAndAmortization": "15900000", "incomeBeforeTax": "261500000", "incomeTaxExpense": "91400000", "interestAndDebtExpense": "None", "netIncomeFromContinuingOperations": "0", "comprehensiveIncomeNetOfTax": "None", "ebit": "262000000", "ebitda": "277900000", "netIncome": "175500000"}, {"fiscalDateEnding": "2007-03-31", "reportedCurrency": "USD", "grossProfit": "900200000", "totalRevenue": "670700000", "costOfRevenue": "651800000", "costofGoodsAndServicesSold": "651800000", "operatingIncome": "232100000", "sellingGeneralAndAdministrative": "0", "researchAndDevelopment": "0", "operatingExpenses": "668100000", "investmentIncomeNet": "None", "netInterestIncome": "None", "interestIncome": "None", "interestExpense": "18600000", "nonInterestIncome": "None", "otherNonOperatingIncome": "None", "depreciation": "None", "depreciationAndAmortization": "16300000", "incomeBeforeTax": "232700000", "incomeTaxExpense": "81900000", "interestAndDebtExpense": "None", "netIncomeFromContinuingOperations": "0", "comprehensiveIncomeNetOfTax": "None", "ebit": "232100000", "ebitda": "248400000", "netIncome": "155200000"}, {"fiscalDateEnding": "2006-12-31", "reportedCurrency": "USD", "grossProfit": "670700000", "totalRevenue": "670700000", "costOfRevenue": "387300000", "costofGoodsAndServicesSold": "387300000", "operatingIncome": "232100000", "sellingGeneralAndAdministrative": "0", "researchAndDevelopment": "0", "operatingExpenses": "433500000", "investmentIncomeNet": "None", "netInterestIncome": "None", "interestIncome": "None", "interestExpense": "25000000", "nonInterestIncome": "None", "otherNonOperatingIncome": "None", "depreciation": "None", "depreciationAndAmortization": "16300000", "incomeBeforeTax": "232700000", "incomeTaxExpense": "81900000", "interestAndDebtExpense": "None", "netIncomeFromContinuingOperations": "0", "comprehensiveIncomeNetOfTax": "None", "ebit": "232100000", "ebitda": "248400000", "netIncome": "155200000"}, {"fiscalDateEnding": "2006-09-30", "reportedCurrency": "USD", "grossProfit": "587100000", "totalRevenue": "587100000", "costOfRevenue": "413653000", "costofGoodsAndServicesSold": "413653000", "operatingIncome": "156800000", "sellingGeneralAndAdministrative": "0", "researchAndDevelopment": "0", "operatingExpenses": "430300000", "investmentIncomeNet": "None", "netInterestIncome": "None", "interestIncome": "None", "interestExpense": "19726000", "nonInterestIncome": "None", "otherNonOperatingIncome": "None", "depreciation": "None", "depreciationAndAmortization": "80600000", "incomeBeforeTax": "150500000", "incomeTaxExpense": "48300000", "interestAndDebtExpense": "None", "netIncomeFromContinuingOperations": "0", "comprehensiveIncomeNetOfTax": "None", "ebit": "156800000", "ebitda": "237400000", "netIncome": "102000000"}, {"fiscalDateEnding": "2006-06-30", "reportedCurrency": "USD", "grossProfit": "588100000", "totalRevenue": "588052000", "costOfRevenue": "379851000", "costofGoodsAndServicesSold": "379851000", "operatingIncome": "191700000", "sellingGeneralAndAdministrative": "0", "researchAndDevelopment": "0", "operatingExpenses": "396400000", "investmentIncomeNet": "None", "netInterestIncome": "None", "interestIncome": "None", "interestExpense": "19318000", "nonInterestIncome": "None", "otherNonOperatingIncome": "None", "depreciation": "None", "depreciationAndAmortization": "-6226000", "incomeBeforeTax": "184200000", "incomeTaxExpense": "66800000", "interestAndDebtExpense": "None", "netIncomeFromContinuingOperations": "0", "comprehensiveIncomeNetOfTax": "None", "ebit": "191700000", "ebitda": "191700000", "netIncome": "117100000"}, {"fiscalDateEnding": "2006-03-31", "reportedCurrency": "USD", "grossProfit": "330759000", "totalRevenue": "584119000", "costOfRevenue": "253360000", "costofGoodsAndServicesSold": "253360000", "operatingIncome": "186636000", "sellingGeneralAndAdministrative": "107960000", "researchAndDevelopment": "0", "operatingExpenses": "144123000", "investmentIncomeNet": "None", "netInterestIncome": "None", "interestIncome": "None", "interestExpense": "17256000", "nonInterestIncome": "None", "otherNonOperatingIncome": "None", "depreciation": "None", "depreciationAndAmortization": "36685000", "incomeBeforeTax": "171697000", "incomeTaxExpense": "63430000", "interestAndDebtExpense": "None", "netIncomeFromContinuingOperations": "0", "comprehensiveIncomeNetOfTax": "None", "ebit": "138559000", "ebitda": "186636000", "netIncome": "107571000"}, {"fiscalDateEnding": "2005-12-31", "reportedCurrency": "USD", "grossProfit": "330759000", "totalRevenue": "584119000", "costOfRevenue": "253360000", "costofGoodsAndServicesSold": "253360000", "operatingIncome": "186636000", "sellingGeneralAndAdministrative": "107960000", "researchAndDevelopment": "0", "operatingExpenses": "144123000", "investmentIncomeNet": "None", "netInterestIncome": "None", "interestIncome": "None", "interestExpense": "22831000", "nonInterestIncome": "None", "otherNonOperatingIncome": "None", "depreciation": "None", "depreciationAndAmortization": "36685000", "incomeBeforeTax": "171697000", "incomeTaxExpense": "63430000", "interestAndDebtExpense": "None", "netIncomeFromContinuingOperations": "0", "comprehensiveIncomeNetOfTax": "None", "ebit": "30223000", "ebitda": "186636000", "netIncome": "107571000"}]}