{"symbol": "EXE", "annualReports": [{"fiscalDateEnding": "2024-12-31", "reportedCurrency": "USD", "grossProfit": "1141000000", "totalRevenue": "4221000000", "costOfRevenue": "3080000000", "costofGoodsAndServicesSold": "3080000000", "operatingIncome": "-803000000", "sellingGeneralAndAdministrative": "186000000", "researchAndDevelopment": "None", "operatingExpenses": "1944000000", "investmentIncomeNet": "None", "netInterestIncome": "-123000000", "interestIncome": "7000000", "interestExpense": "123000000", "nonInterestIncome": "None", "otherNonOperatingIncome": "None", "depreciation": "None", "depreciationAndAmortization": "1729000000", "incomeBeforeTax": "-841000000", "incomeTaxExpense": "-127000000", "interestAndDebtExpense": "None", "netIncomeFromContinuingOperations": "-714000000", "comprehensiveIncomeNetOfTax": "None", "ebit": "-711000000", "ebitda": "1018000000", "netIncome": "-714000000"}, {"fiscalDateEnding": "2023-12-31", "reportedCurrency": "USD", "grossProfit": "5039000000", "totalRevenue": "7775000000", "costOfRevenue": "2736000000", "costofGoodsAndServicesSold": "2736000000", "operatingIncome": "3142000000", "sellingGeneralAndAdministrative": "127000000", "researchAndDevelopment": "None", "operatingExpenses": "1897000000", "investmentIncomeNet": "None", "netInterestIncome": "-103000000", "interestIncome": "9000000", "interestExpense": "104000000", "nonInterestIncome": "None", "otherNonOperatingIncome": "None", "depreciation": "None", "depreciationAndAmortization": "1527000000", "incomeBeforeTax": "3117000000", "incomeTaxExpense": "698000000", "interestAndDebtExpense": "None", "netIncomeFromContinuingOperations": "2419000000", "comprehensiveIncomeNetOfTax": "None", "ebit": "3230000000", "ebitda": "4757000000", "netIncome": "2419000000"}, {"fiscalDateEnding": "2022-12-31", "reportedCurrency": "USD", "grossProfit": "8156000000", "totalRevenue": "11443000000", "costOfRevenue": "3287000000", "costofGoodsAndServicesSold": "3287000000", "operatingIncome": "3780000000", "sellingGeneralAndAdministrative": "142000000", "researchAndDevelopment": "None", "operatingExpenses": "4376000000", "investmentIncomeNet": "None", "netInterestIncome": "-160000000", "interestIncome": "3000000", "interestExpense": "160000000", "nonInterestIncome": "None", "otherNonOperatingIncome": "None", "depreciation": "None", "depreciationAndAmortization": "1753000000", "incomeBeforeTax": "3651000000", "incomeTaxExpense": "-1285000000", "interestAndDebtExpense": "None", "netIncomeFromContinuingOperations": "4936000000", "comprehensiveIncomeNetOfTax": "None", "ebit": "3811000000", "ebitda": "5564000000", "netIncome": "4936000000"}, {"fiscalDateEnding": "2021-12-31", "reportedCurrency": "None", "grossProfit": "2420000000", "totalRevenue": "7301000000", "costOfRevenue": "4881000000", "costofGoodsAndServicesSold": "4881000000", "operatingIncome": "2325000000", "sellingGeneralAndAdministrative": "118000000", "researchAndDevelopment": "None", "operatingExpenses": "95000000", "investmentIncomeNet": "None", "netInterestIncome": "None", "interestIncome": "None", "interestExpense": "84000000", "nonInterestIncome": "None", "otherNonOperatingIncome": "None", "depreciation": "None", "depreciationAndAmortization": "995000000", "incomeBeforeTax": "6222000000", "incomeTaxExpense": "-106000000", "interestAndDebtExpense": "None", "netIncomeFromContinuingOperations": "None", "comprehensiveIncomeNetOfTax": "None", "ebit": "6306000000", "ebitda": "7301000000", "netIncome": "6328000000"}, {"fiscalDateEnding": "2020-12-31", "reportedCurrency": "USD", "grossProfit": "620000000", "totalRevenue": "5210000000", "costOfRevenue": "4590000000", "costofGoodsAndServicesSold": "4590000000", "operatingIncome": "-8703000000", "sellingGeneralAndAdministrative": "380000000", "researchAndDevelopment": "None", "operatingExpenses": "9323000000", "investmentIncomeNet": "None", "netInterestIncome": "-476000000", "interestIncome": "87000000", "interestExpense": "331000000", "nonInterestIncome": "None", "otherNonOperatingIncome": "None", "depreciation": "None", "depreciationAndAmortization": "1097000000", "incomeBeforeTax": "-9769000000", "incomeTaxExpense": "-19000000", "interestAndDebtExpense": "None", "netIncomeFromContinuingOperations": "-9750000000", "comprehensiveIncomeNetOfTax": "None", "ebit": "-9293000000", "ebitda": "-8196000000", "netIncome": "-9734000000"}, {"fiscalDateEnding": "2019-12-31", "reportedCurrency": "None", "grossProfit": "396000000", "totalRevenue": "8489000000", "costOfRevenue": "8093000000", "costofGoodsAndServicesSold": "8093000000", "operatingIncome": "-31000000", "sellingGeneralAndAdministrative": "315000000", "researchAndDevelopment": "None", "operatingExpenses": "427000000", "investmentIncomeNet": "None", "netInterestIncome": "None", "interestIncome": "None", "interestExpense": "652000000", "nonInterestIncome": "None", "otherNonOperatingIncome": "None", "depreciation": "None", "depreciationAndAmortization": "2264000000", "incomeBeforeTax": "-639000000", "incomeTaxExpense": "-331000000", "interestAndDebtExpense": "None", "netIncomeFromContinuingOperations": "None", "comprehensiveIncomeNetOfTax": "None", "ebit": "12000000", "ebitda": "2276000000", "netIncome": "-308000000"}, {"fiscalDateEnding": "2018-12-31", "reportedCurrency": "None", "grossProfit": "1275000000", "totalRevenue": "10231000000", "costOfRevenue": "8956000000", "costofGoodsAndServicesSold": "8956000000", "operatingIncome": "382000000", "sellingGeneralAndAdministrative": "335000000", "researchAndDevelopment": "None", "operatingExpenses": "893000000", "investmentIncomeNet": "None", "netInterestIncome": "None", "interestIncome": "None", "interestExpense": "634000000", "nonInterestIncome": "None", "otherNonOperatingIncome": "None", "depreciation": "None", "depreciationAndAmortization": "1737000000", "incomeBeforeTax": "218000000", "incomeTaxExpense": "-10000000", "interestAndDebtExpense": "None", "netIncomeFromContinuingOperations": "None", "comprehensiveIncomeNetOfTax": "None", "ebit": "851000000", "ebitda": "2588000000", "netIncome": "226000000"}, {"fiscalDateEnding": "2017-12-31", "reportedCurrency": "None", "grossProfit": "1079000000", "totalRevenue": "9496000000", "costOfRevenue": "8417000000", "costofGoodsAndServicesSold": "8417000000", "operatingIncome": "-138000000", "sellingGeneralAndAdministrative": "333000000", "researchAndDevelopment": "None", "operatingExpenses": "1217000000", "investmentIncomeNet": "None", "netInterestIncome": "None", "interestIncome": "None", "interestExpense": "425000000", "nonInterestIncome": "None", "otherNonOperatingIncome": "None", "depreciation": "None", "depreciationAndAmortization": "1697000000", "incomeBeforeTax": "-500000000", "incomeTaxExpense": "2000000", "interestAndDebtExpense": "None", "netIncomeFromContinuingOperations": "None", "comprehensiveIncomeNetOfTax": "None", "ebit": "238000000", "ebitda": "1935000000", "netIncome": "-505000000"}, {"fiscalDateEnding": "2016-12-31", "reportedCurrency": "None", "grossProfit": "-652000000", "totalRevenue": "7872000000", "costOfRevenue": "8524000000", "costofGoodsAndServicesSold": "8524000000", "operatingIncome": "-4411000000", "sellingGeneralAndAdministrative": "240000000", "researchAndDevelopment": "None", "operatingExpenses": "3759000000", "investmentIncomeNet": "None", "netInterestIncome": "None", "interestIncome": "None", "interestExpense": "286000000", "nonInterestIncome": "None", "otherNonOperatingIncome": "None", "depreciation": "None", "depreciationAndAmortization": "1107000000", "incomeBeforeTax": "-4589000000", "incomeTaxExpense": "-190000000", "interestAndDebtExpense": "None", "netIncomeFromContinuingOperations": "None", "comprehensiveIncomeNetOfTax": "None", "ebit": "-4293000000", "ebitda": "-3186000000", "netIncome": "-4390000000"}, {"fiscalDateEnding": "2015-12-31", "reportedCurrency": "None", "grossProfit": "141000000", "totalRevenue": "12764000000", "costOfRevenue": "12623000000", "costofGoodsAndServicesSold": "12623000000", "operatingIncome": "-18919000000", "sellingGeneralAndAdministrative": "235000000", "researchAndDevelopment": "None", "operatingExpenses": "19060000000", "investmentIncomeNet": "None", "netInterestIncome": "None", "interestIncome": "None", "interestExpense": "329000000", "nonInterestIncome": "None", "otherNonOperatingIncome": "None", "depreciation": "None", "depreciationAndAmortization": "2229000000", "incomeBeforeTax": "-19098000000", "incomeTaxExpense": "-4463000000", "interestAndDebtExpense": "None", "netIncomeFromContinuingOperations": "None", "comprehensiveIncomeNetOfTax": "None", "ebit": "-18766000000", "ebitda": "-16537000000", "netIncome": "-14567000000"}, {"fiscalDateEnding": "2014-12-31", "reportedCurrency": "None", "grossProfit": "3929000000", "totalRevenue": "23125000000", "costOfRevenue": "19196000000", "costofGoodsAndServicesSold": "19196000000", "operatingIncome": "3477000000", "sellingGeneralAndAdministrative": "322000000", "researchAndDevelopment": "None", "operatingExpenses": "452000000", "investmentIncomeNet": "None", "netInterestIncome": "None", "interestIncome": "None", "interestExpense": "173000000", "nonInterestIncome": "None", "otherNonOperatingIncome": "None", "depreciation": "None", "depreciationAndAmortization": "2915000000", "incomeBeforeTax": "3200000000", "incomeTaxExpense": "1144000000", "interestAndDebtExpense": "None", "netIncomeFromContinuingOperations": "None", "comprehensiveIncomeNetOfTax": "None", "ebit": "3373000000", "ebitda": "6288000000", "netIncome": "1917000000"}, {"fiscalDateEnding": "2013-12-31", "reportedCurrency": "None", "grossProfit": "3018000000", "totalRevenue": "19080000000", "costOfRevenue": "16062000000", "costofGoodsAndServicesSold": "16062000000", "operatingIncome": "2069000000", "sellingGeneralAndAdministrative": "457000000", "researchAndDevelopment": "None", "operatingExpenses": "949000000", "investmentIncomeNet": "None", "netInterestIncome": "None", "interestIncome": "None", "interestExpense": "111000000", "nonInterestIncome": "None", "otherNonOperatingIncome": "None", "depreciation": "None", "depreciationAndAmortization": "2903000000", "incomeBeforeTax": "1442000000", "incomeTaxExpense": "548000000", "interestAndDebtExpense": "None", "netIncomeFromContinuingOperations": "None", "comprehensiveIncomeNetOfTax": "None", "ebit": "1611000000", "ebitda": "4514000000", "netIncome": "724000000"}, {"fiscalDateEnding": "2012-12-31", "reportedCurrency": "None", "grossProfit": "2236000000", "totalRevenue": "12316000000", "costOfRevenue": "10080000000", "costofGoodsAndServicesSold": "10080000000", "operatingIncome": "-1694000000", "sellingGeneralAndAdministrative": "535000000", "researchAndDevelopment": "None", "operatingExpenses": "3930000000", "investmentIncomeNet": "None", "netInterestIncome": "None", "interestIncome": "None", "interestExpense": "91000000", "nonInterestIncome": "None", "otherNonOperatingIncome": "None", "depreciation": "None", "depreciationAndAmortization": "2811000000", "incomeBeforeTax": "-974000000", "incomeTaxExpense": "-380000000", "interestAndDebtExpense": "None", "netIncomeFromContinuingOperations": "None", "comprehensiveIncomeNetOfTax": "None", "ebit": "-890000000", "ebitda": "1921000000", "netIncome": "-769000000"}, {"fiscalDateEnding": "2011-12-31", "reportedCurrency": "None", "grossProfit": "3078000000", "totalRevenue": "11635000000", "costOfRevenue": "8557000000", "costofGoodsAndServicesSold": "8557000000", "operatingIncome": "2921000000", "sellingGeneralAndAdministrative": "548000000", "researchAndDevelopment": "None", "operatingExpenses": "157000000", "investmentIncomeNet": "None", "netInterestIncome": "None", "interestIncome": "None", "interestExpense": "30000000", "nonInterestIncome": "None", "otherNonOperatingIncome": "None", "depreciation": "None", "depreciationAndAmortization": "1923000000", "incomeBeforeTax": "2880000000", "incomeTaxExpense": "1123000000", "interestAndDebtExpense": "None", "netIncomeFromContinuingOperations": "None", "comprehensiveIncomeNetOfTax": "None", "ebit": "2910000000", "ebitda": "4833000000", "netIncome": "1742000000"}, {"fiscalDateEnding": "2010-12-31", "reportedCurrency": "None", "grossProfit": "3142000000", "totalRevenue": "9366000000", "costOfRevenue": "6224000000", "costofGoodsAndServicesSold": "6224000000", "operatingIncome": "2805000000", "sellingGeneralAndAdministrative": "453000000", "researchAndDevelopment": "None", "operatingExpenses": "337000000", "investmentIncomeNet": "None", "netInterestIncome": "None", "interestIncome": "None", "interestExpense": "179000000", "nonInterestIncome": "None", "otherNonOperatingIncome": "None", "depreciation": "None", "depreciationAndAmortization": "1614000000", "incomeBeforeTax": "2884000000", "incomeTaxExpense": "1110000000", "interestAndDebtExpense": "None", "netIncomeFromContinuingOperations": "None", "comprehensiveIncomeNetOfTax": "None", "ebit": "2903000000", "ebitda": "4517000000", "netIncome": "1774000000"}, {"fiscalDateEnding": "2009-12-31", "reportedCurrency": "None", "grossProfit": "4221000000", "totalRevenue": "7702000000", "costOfRevenue": "3481000000", "costofGoodsAndServicesSold": "3481000000", "operatingIncome": "-8945000000", "sellingGeneralAndAdministrative": "None", "researchAndDevelopment": "None", "operatingExpenses": "13166000000", "investmentIncomeNet": "None", "netInterestIncome": "None", "interestIncome": "None", "interestExpense": "341000000", "nonInterestIncome": "None", "otherNonOperatingIncome": "None", "depreciation": "None", "depreciationAndAmortization": "1615000000", "incomeBeforeTax": "-9288000000", "incomeTaxExpense": "-3483000000", "interestAndDebtExpense": "None", "netIncomeFromContinuingOperations": "None", "comprehensiveIncomeNetOfTax": "None", "ebit": "-9175000000", "ebitda": "-7560000000", "netIncome": "-5830000000"}, {"fiscalDateEnding": "2008-12-31", "reportedCurrency": "None", "grossProfit": "10313000000", "totalRevenue": "11629000000", "costOfRevenue": "1316000000", "costofGoodsAndServicesSold": "1316000000", "operatingIncome": "1457000000", "sellingGeneralAndAdministrative": "None", "researchAndDevelopment": "None", "operatingExpenses": "8856000000", "investmentIncomeNet": "None", "netInterestIncome": "None", "interestIncome": "None", "interestExpense": "265000000", "nonInterestIncome": "None", "otherNonOperatingIncome": "None", "depreciation": "None", "depreciationAndAmortization": "2144000000", "incomeBeforeTax": "991000000", "incomeTaxExpense": "387000000", "interestAndDebtExpense": "None", "netIncomeFromContinuingOperations": "None", "comprehensiveIncomeNetOfTax": "None", "ebit": "1262000000", "ebitda": "3406000000", "netIncome": "604000000"}, {"fiscalDateEnding": "2007-12-31", "reportedCurrency": "None", "grossProfit": "4881000000", "totalRevenue": "7800000000", "costOfRevenue": "2919000000", "costofGoodsAndServicesSold": "2919000000", "operatingIncome": "2649000000", "sellingGeneralAndAdministrative": "243000000", "researchAndDevelopment": "None", "operatingExpenses": "2232000000", "investmentIncomeNet": "None", "netInterestIncome": "None", "interestIncome": "None", "interestExpense": "364000000", "nonInterestIncome": "None", "otherNonOperatingIncome": "None", "depreciation": "None", "depreciationAndAmortization": "1971000000", "incomeBeforeTax": "2341000000", "incomeTaxExpense": "890000000", "interestAndDebtExpense": "None", "netIncomeFromContinuingOperations": "None", "comprehensiveIncomeNetOfTax": "None", "ebit": "2765000000", "ebitda": "4736000000", "netIncome": "1451000000"}, {"fiscalDateEnding": "2006-12-31", "reportedCurrency": "None", "grossProfit": "5070000000", "totalRevenue": "7326000000", "costOfRevenue": "2256000000", "costofGoodsAndServicesSold": "2256000000", "operatingIncome": "3413000000", "sellingGeneralAndAdministrative": "194000000", "researchAndDevelopment": "None", "operatingExpenses": "1657000000", "investmentIncomeNet": "None", "netInterestIncome": "None", "interestIncome": "None", "interestExpense": "300422000", "nonInterestIncome": "None", "otherNonOperatingIncome": "None", "depreciation": "None", "depreciationAndAmortization": "1449000000", "incomeBeforeTax": "3255000000", "incomeTaxExpense": "1252000000", "interestAndDebtExpense": "None", "netIncomeFromContinuingOperations": "None", "comprehensiveIncomeNetOfTax": "None", "ebit": "3570000000", "ebitda": "5019000000", "netIncome": "2003000000"}, {"fiscalDateEnding": "2005-12-31", "reportedCurrency": "None", "grossProfit": "2782000000", "totalRevenue": "4665000000", "costOfRevenue": "1883000000", "costofGoodsAndServicesSold": "1883000000", "operatingIncome": "1773000000", "sellingGeneralAndAdministrative": "64000000", "researchAndDevelopment": "None", "operatingExpenses": "1009000000", "investmentIncomeNet": "None", "netInterestIncome": "None", "interestIncome": "None", "interestExpense": "226300000", "nonInterestIncome": "None", "otherNonOperatingIncome": "None", "depreciation": "None", "depreciationAndAmortization": "936000000", "incomeBeforeTax": "1493000000", "incomeTaxExpense": "545000000", "interestAndDebtExpense": "None", "netIncomeFromContinuingOperations": "None", "comprehensiveIncomeNetOfTax": "None", "ebit": "1722000000", "ebitda": "2658000000", "netIncome": "948000000"}], "quarterlyReports": [{"fiscalDateEnding": "2025-09-30", "reportedCurrency": "USD", "grossProfit": "2358000000", "totalRevenue": "2966000000", "costOfRevenue": "608000000", "costofGoodsAndServicesSold": "608000000", "operatingIncome": "725000000", "sellingGeneralAndAdministrative": "45000000", "researchAndDevelopment": "None", "operatingExpenses": "1633000000", "investmentIncomeNet": "None", "netInterestIncome": "-57000000", "interestIncome": "None", "interestExpense": "57000000", "nonInterestIncome": "None", "otherNonOperatingIncome": "None", "depreciation": "None", "depreciationAndAmortization": "741000000", "incomeBeforeTax": "686000000", "incomeTaxExpense": "139000000", "interestAndDebtExpense": "None", "netIncomeFromContinuingOperations": "547000000", "comprehensiveIncomeNetOfTax": "None", "ebit": "743000000", "ebitda": "1484000000", "netIncome": "547000000"}, {"fiscalDateEnding": "2025-06-30", "reportedCurrency": "USD", "grossProfit": "1412000000", "totalRevenue": "3686000000", "costOfRevenue": "2274000000", "costofGoodsAndServicesSold": "2274000000", "operatingIncome": "1269000000", "sellingGeneralAndAdministrative": "40000000", "researchAndDevelopment": "None", "operatingExpenses": "143000000", "investmentIncomeNet": "None", "netInterestIncome": "-60000000", "interestIncome": "None", "interestExpense": "60000000", "nonInterestIncome": "None", "otherNonOperatingIncome": "None", "depreciation": "None", "depreciationAndAmortization": "769000000", "incomeBeforeTax": "1228000000", "incomeTaxExpense": "260000000", "interestAndDebtExpense": "None", "netIncomeFromContinuingOperations": "968000000", "comprehensiveIncomeNetOfTax": "None", "ebit": "1288000000", "ebitda": "2057000000", "netIncome": "968000000"}, {"fiscalDateEnding": "2025-03-31", "reportedCurrency": "USD", "grossProfit": "775000000", "totalRevenue": "2196000000", "costOfRevenue": "1421000000", "costofGoodsAndServicesSold": "1421000000", "operatingIncome": "-268000000", "sellingGeneralAndAdministrative": "47000000", "researchAndDevelopment": "None", "operatingExpenses": "1043000000", "investmentIncomeNet": "None", "netInterestIncome": "-59000000", "interestIncome": "0", "interestExpense": "59000000", "nonInterestIncome": "None", "otherNonOperatingIncome": "None", "depreciation": "None", "depreciationAndAmortization": "711000000", "incomeBeforeTax": "-319000000", "incomeTaxExpense": "-70000000", "interestAndDebtExpense": "None", "netIncomeFromContinuingOperations": "-249000000", "comprehensiveIncomeNetOfTax": "None", "ebit": "-260000000", "ebitda": "451000000", "netIncome": "-249000000"}, {"fiscalDateEnding": "2024-12-31", "reportedCurrency": "USD", "grossProfit": "638000000", "totalRevenue": "1999000000", "costOfRevenue": "1361000000", "costofGoodsAndServicesSold": "1361000000", "operatingIncome": "-386000000", "sellingGeneralAndAdministrative": "53000000", "researchAndDevelopment": "None", "operatingExpenses": "1024000000", "investmentIncomeNet": "None", "netInterestIncome": "-64000000", "interestIncome": "1000000", "interestExpense": "64000000", "nonInterestIncome": "None", "otherNonOperatingIncome": "None", "depreciation": "None", "depreciationAndAmortization": "647000000", "incomeBeforeTax": "-421000000", "incomeTaxExpense": "-22000000", "interestAndDebtExpense": "None", "netIncomeFromContinuingOperations": "-399000000", "comprehensiveIncomeNetOfTax": "None", "ebit": "-358000000", "ebitda": "289000000", "netIncome": "-399000000"}, {"fiscalDateEnding": "2024-09-30", "reportedCurrency": "USD", "grossProfit": "109000000", "totalRevenue": "646000000", "costOfRevenue": "537000000", "costofGoodsAndServicesSold": "537000000", "operatingIncome": "-155000000", "sellingGeneralAndAdministrative": "39000000", "researchAndDevelopment": "None", "operatingExpenses": "264000000", "investmentIncomeNet": "None", "netInterestIncome": "-20000000", "interestIncome": "3000000", "interestExpense": "20000000", "nonInterestIncome": "None", "otherNonOperatingIncome": "None", "depreciation": "None", "depreciationAndAmortization": "335000000", "incomeBeforeTax": "-158000000", "incomeTaxExpense": "-44000000", "interestAndDebtExpense": "None", "netIncomeFromContinuingOperations": "-114000000", "comprehensiveIncomeNetOfTax": "None", "ebit": "-135000000", "ebitda": "200000000", "netIncome": "-114000000"}, {"fiscalDateEnding": "2024-06-30", "reportedCurrency": "USD", "grossProfit": "-189000000", "totalRevenue": "503000000", "costOfRevenue": "692000000", "costofGoodsAndServicesSold": "692000000", "operatingIncome": "-294000000", "sellingGeneralAndAdministrative": "47000000", "researchAndDevelopment": "None", "operatingExpenses": "105000000", "investmentIncomeNet": "None", "netInterestIncome": "-20000000", "interestIncome": "3000000", "interestExpense": "20000000", "nonInterestIncome": "None", "otherNonOperatingIncome": "None", "depreciation": "None", "depreciationAndAmortization": "348000000", "incomeBeforeTax": "-295000000", "incomeTaxExpense": "-68000000", "interestAndDebtExpense": "None", "netIncomeFromContinuingOperations": "-227000000", "comprehensiveIncomeNetOfTax": "None", "ebit": "-272000000", "ebitda": "76000000", "netIncome": "-227000000"}, {"fiscalDateEnding": "2024-03-31", "reportedCurrency": "USD", "grossProfit": "442000000", "totalRevenue": "1073000000", "costOfRevenue": "631000000", "costofGoodsAndServicesSold": "631000000", "operatingIncome": "32000000", "sellingGeneralAndAdministrative": "47000000", "researchAndDevelopment": "None", "operatingExpenses": "410000000", "investmentIncomeNet": "None", "netInterestIncome": "-19000000", "interestIncome": "2000000", "interestExpense": "19000000", "nonInterestIncome": "None", "otherNonOperatingIncome": "None", "depreciation": "None", "depreciationAndAmortization": "399000000", "incomeBeforeTax": "33000000", "incomeTaxExpense": "7000000", "interestAndDebtExpense": "None", "netIncomeFromContinuingOperations": "26000000", "comprehensiveIncomeNetOfTax": "None", "ebit": "54000000", "ebitda": "453000000", "netIncome": "26000000"}, {"fiscalDateEnding": "2023-12-31", "reportedCurrency": "USD", "grossProfit": "1177000000", "totalRevenue": "1809000000", "costOfRevenue": "632000000", "costofGoodsAndServicesSold": "632000000", "operatingIncome": "726000000", "sellingGeneralAndAdministrative": "32000000", "researchAndDevelopment": "None", "operatingExpenses": "451000000", "investmentIncomeNet": "None", "netInterestIncome": "-21000000", "interestIncome": "2000000", "interestExpense": "22000000", "nonInterestIncome": "None", "otherNonOperatingIncome": "None", "depreciation": "None", "depreciationAndAmortization": "379000000", "incomeBeforeTax": "735000000", "incomeTaxExpense": "166000000", "interestAndDebtExpense": "None", "netIncomeFromContinuingOperations": "569000000", "comprehensiveIncomeNetOfTax": "None", "ebit": "758000000", "ebitda": "1137000000", "netIncome": "569000000"}, {"fiscalDateEnding": "2023-09-30", "reportedCurrency": "USD", "grossProfit": "865000000", "totalRevenue": "1512000000", "costOfRevenue": "647000000", "costofGoodsAndServicesSold": "647000000", "operatingIncome": "79000000", "sellingGeneralAndAdministrative": "29000000", "researchAndDevelopment": "None", "operatingExpenses": "786000000", "investmentIncomeNet": "None", "netInterestIncome": "-23000000", "interestIncome": "2000000", "interestExpense": "23000000", "nonInterestIncome": "None", "otherNonOperatingIncome": "None", "depreciation": "None", "depreciationAndAmortization": "382000000", "incomeBeforeTax": "71000000", "incomeTaxExpense": "1000000", "interestAndDebtExpense": "None", "netIncomeFromContinuingOperations": "70000000", "comprehensiveIncomeNetOfTax": "None", "ebit": "96000000", "ebitda": "478000000", "netIncome": "70000000"}, {"fiscalDateEnding": "2023-06-30", "reportedCurrency": "None", "grossProfit": "96000000", "totalRevenue": "1419000000", "costOfRevenue": "1323000000", "costofGoodsAndServicesSold": "1323000000", "operatingIncome": "517000000", "sellingGeneralAndAdministrative": "31000000", "researchAndDevelopment": "None", "operatingExpenses": "-421000000", "investmentIncomeNet": "None", "netInterestIncome": "None", "interestIncome": "None", "interestExpense": "22000000", "nonInterestIncome": "None", "otherNonOperatingIncome": "None", "depreciation": "None", "depreciationAndAmortization": "376000000", "incomeBeforeTax": "518000000", "incomeTaxExpense": "127000000", "interestAndDebtExpense": "None", "netIncomeFromContinuingOperations": "None", "comprehensiveIncomeNetOfTax": "None", "ebit": "543000000", "ebitda": "919000000", "netIncome": "391000000"}, {"fiscalDateEnding": "2023-03-31", "reportedCurrency": "None", "grossProfit": "2250000000", "totalRevenue": "3035000000", "costOfRevenue": "785000000", "costofGoodsAndServicesSold": "785000000", "operatingIncome": "1820000000", "sellingGeneralAndAdministrative": "35000000", "researchAndDevelopment": "None", "operatingExpenses": "430000000", "investmentIncomeNet": "None", "netInterestIncome": "None", "interestIncome": "None", "interestExpense": "37000000", "nonInterestIncome": "None", "otherNonOperatingIncome": "None", "depreciation": "None", "depreciationAndAmortization": "390000000", "incomeBeforeTax": "1793000000", "incomeTaxExpense": "404000000", "interestAndDebtExpense": "None", "netIncomeFromContinuingOperations": "None", "comprehensiveIncomeNetOfTax": "None", "ebit": "1832000000", "ebitda": "2222000000", "netIncome": "1389000000"}, {"fiscalDateEnding": "2022-12-31", "reportedCurrency": "None", "grossProfit": "2297000000", "totalRevenue": "4124000000", "costOfRevenue": "1827000000", "costofGoodsAndServicesSold": "1827000000", "operatingIncome": "2228000000", "sellingGeneralAndAdministrative": "40000000", "researchAndDevelopment": "None", "operatingExpenses": "69000000", "investmentIncomeNet": "None", "netInterestIncome": "None", "interestIncome": "None", "interestExpense": "40000000", "nonInterestIncome": "None", "otherNonOperatingIncome": "None", "depreciation": "None", "depreciationAndAmortization": "453000000", "incomeBeforeTax": "2190000000", "incomeTaxExpense": "-1390000000", "interestAndDebtExpense": "None", "netIncomeFromContinuingOperations": "None", "comprehensiveIncomeNetOfTax": "None", "ebit": "2231000000", "ebitda": "2684000000", "netIncome": "3580000000"}, {"fiscalDateEnding": "2022-09-30", "reportedCurrency": "None", "grossProfit": "2317000000", "totalRevenue": "3164000000", "costOfRevenue": "847000000", "costofGoodsAndServicesSold": "847000000", "operatingIncome": "1005000000", "sellingGeneralAndAdministrative": "40000000", "researchAndDevelopment": "None", "operatingExpenses": "1312000000", "investmentIncomeNet": "None", "netInterestIncome": "None", "interestIncome": "None", "interestExpense": "52000000", "nonInterestIncome": "None", "otherNonOperatingIncome": "None", "depreciation": "None", "depreciationAndAmortization": "440000000", "incomeBeforeTax": "957000000", "incomeTaxExpense": "74000000", "interestAndDebtExpense": "None", "netIncomeFromContinuingOperations": "None", "comprehensiveIncomeNetOfTax": "None", "ebit": "1010000000", "ebitda": "1450000000", "netIncome": "883000000"}, {"fiscalDateEnding": "2022-06-30", "reportedCurrency": "None", "grossProfit": "1371000000", "totalRevenue": "3499000000", "costOfRevenue": "2128000000", "costofGoodsAndServicesSold": "2128000000", "operatingIncome": "1341000000", "sellingGeneralAndAdministrative": "36000000", "researchAndDevelopment": "None", "operatingExpenses": "30000000", "investmentIncomeNet": "None", "netInterestIncome": "None", "interestIncome": "None", "interestExpense": "36000000", "nonInterestIncome": "None", "otherNonOperatingIncome": "None", "depreciation": "None", "depreciationAndAmortization": "451000000", "incomeBeforeTax": "1314000000", "incomeTaxExpense": "77000000", "interestAndDebtExpense": "None", "netIncomeFromContinuingOperations": "None", "comprehensiveIncomeNetOfTax": "None", "ebit": "1350000000", "ebitda": "1801000000", "netIncome": "1237000000"}, {"fiscalDateEnding": "2022-03-31", "reportedCurrency": "None", "grossProfit": "-1019000000", "totalRevenue": "656000000", "costOfRevenue": "1675000000", "costofGoodsAndServicesSold": "1675000000", "operatingIncome": "-794000000", "sellingGeneralAndAdministrative": "26000000", "researchAndDevelopment": "None", "operatingExpenses": "-225000000", "investmentIncomeNet": "None", "netInterestIncome": "None", "interestIncome": "None", "interestExpense": "32000000", "nonInterestIncome": "None", "otherNonOperatingIncome": "None", "depreciation": "None", "depreciationAndAmortization": "409000000", "incomeBeforeTax": "-810000000", "incomeTaxExpense": "-46000000", "interestAndDebtExpense": "None", "netIncomeFromContinuingOperations": "None", "comprehensiveIncomeNetOfTax": "None", "ebit": "-777000000", "ebitda": "-368000000", "netIncome": "-764000000"}, {"fiscalDateEnding": "2021-12-31", "reportedCurrency": "None", "grossProfit": "2699000000", "totalRevenue": "4256000000", "costOfRevenue": "1557000000", "costofGoodsAndServicesSold": "1557000000", "operatingIncome": "2693000000", "sellingGeneralAndAdministrative": "28000000", "researchAndDevelopment": "None", "operatingExpenses": "6000000", "investmentIncomeNet": "None", "netInterestIncome": "None", "interestIncome": "None", "interestExpense": "26000000", "nonInterestIncome": "None", "otherNonOperatingIncome": "None", "depreciation": "None", "depreciationAndAmortization": "801000000", "incomeBeforeTax": "1395000000", "incomeTaxExpense": "-39000000", "interestAndDebtExpense": "None", "netIncomeFromContinuingOperations": "None", "comprehensiveIncomeNetOfTax": "None", "ebit": "1421000000", "ebitda": "2222000000", "netIncome": "1434000000"}, {"fiscalDateEnding": "2021-09-30", "reportedCurrency": "None", "grossProfit": "-306000000", "totalRevenue": "887000000", "costOfRevenue": "1193000000", "costofGoodsAndServicesSold": "1193000000", "operatingIncome": "-338000000", "sellingGeneralAndAdministrative": "30000000", "researchAndDevelopment": "None", "operatingExpenses": "32000000", "investmentIncomeNet": "None", "netInterestIncome": "None", "interestIncome": "None", "interestExpense": "17000000", "nonInterestIncome": "None", "otherNonOperatingIncome": "None", "depreciation": "None", "depreciationAndAmortization": "228000000", "incomeBeforeTax": "-355000000", "incomeTaxExpense": "-10000000", "interestAndDebtExpense": "None", "netIncomeFromContinuingOperations": "None", "comprehensiveIncomeNetOfTax": "None", "ebit": "-338000000", "ebitda": "-338000000", "netIncome": "-345000000"}, {"fiscalDateEnding": "2021-06-30", "reportedCurrency": "None", "grossProfit": "-399000000", "totalRevenue": "691000000", "costOfRevenue": "1090000000", "costofGoodsAndServicesSold": "1090000000", "operatingIncome": "-430000000", "sellingGeneralAndAdministrative": "24000000", "researchAndDevelopment": "None", "operatingExpenses": "31000000", "investmentIncomeNet": "None", "netInterestIncome": "None", "interestIncome": "None", "interestExpense": "18000000", "nonInterestIncome": "None", "otherNonOperatingIncome": "None", "depreciation": "None", "depreciationAndAmortization": "229000000", "incomeBeforeTax": "-439000000", "incomeTaxExpense": "-741000000", "interestAndDebtExpense": "None", "netIncomeFromContinuingOperations": "None", "comprehensiveIncomeNetOfTax": "None", "ebit": "-421000000", "ebitda": "-421000000", "netIncome": "-439000000"}, {"fiscalDateEnding": "2021-03-31", "reportedCurrency": "None", "grossProfit": "426000000", "totalRevenue": "1467000000", "costOfRevenue": "1041000000", "costofGoodsAndServicesSold": "1041000000", "operatingIncome": "400000000", "sellingGeneralAndAdministrative": "36000000", "researchAndDevelopment": "None", "operatingExpenses": "26000000", "investmentIncomeNet": "None", "netInterestIncome": "None", "interestIncome": "None", "interestExpense": "23000000", "nonInterestIncome": "None", "otherNonOperatingIncome": "None", "depreciation": "None", "depreciationAndAmortization": "194000000", "incomeBeforeTax": "5621000000", "incomeTaxExpense": "-57000000", "interestAndDebtExpense": "None", "netIncomeFromContinuingOperations": "None", "comprehensiveIncomeNetOfTax": "None", "ebit": "5644000000", "ebitda": "5838000000", "netIncome": "5678000000"}, {"fiscalDateEnding": "2020-12-31", "reportedCurrency": "None", "grossProfit": "222000000", "totalRevenue": "1219000000", "costOfRevenue": "997000000", "costofGoodsAndServicesSold": "997000000", "operatingIncome": "176000000", "sellingGeneralAndAdministrative": "5000000", "researchAndDevelopment": "None", "operatingExpenses": "46000000", "investmentIncomeNet": "None", "netInterestIncome": "None", "interestIncome": "None", "interestExpense": "24000000", "nonInterestIncome": "None", "otherNonOperatingIncome": "None", "depreciation": "None", "depreciationAndAmortization": "166000000", "incomeBeforeTax": "-422000000", "incomeTaxExpense": "-6000000", "interestAndDebtExpense": "None", "netIncomeFromContinuingOperations": "None", "comprehensiveIncomeNetOfTax": "None", "ebit": "-398000000", "ebitda": "-232000000", "netIncome": "-416000000"}, {"fiscalDateEnding": "2020-09-30", "reportedCurrency": "None", "grossProfit": "-38000000", "totalRevenue": "959000000", "costOfRevenue": "997000000", "costofGoodsAndServicesSold": "997000000", "operatingIncome": "-111000000", "sellingGeneralAndAdministrative": "52000000", "researchAndDevelopment": "None", "operatingExpenses": "73000000", "investmentIncomeNet": "None", "netInterestIncome": "None", "interestIncome": "None", "interestExpense": "25000000", "nonInterestIncome": "None", "otherNonOperatingIncome": "None", "depreciation": "None", "depreciationAndAmortization": "170000000", "incomeBeforeTax": "-745000000", "incomeTaxExpense": "-797000000", "interestAndDebtExpense": "None", "netIncomeFromContinuingOperations": "None", "comprehensiveIncomeNetOfTax": "None", "ebit": "-720000000", "ebitda": "-550000000", "netIncome": "-745000000"}, {"fiscalDateEnding": "2020-06-30", "reportedCurrency": "None", "grossProfit": "-279000000", "totalRevenue": "507000000", "costOfRevenue": "786000000", "costofGoodsAndServicesSold": "786000000", "operatingIncome": "-541000000", "sellingGeneralAndAdministrative": "112000000", "researchAndDevelopment": "None", "operatingExpenses": "262000000", "investmentIncomeNet": "None", "netInterestIncome": "None", "interestIncome": "None", "interestExpense": "137000000", "nonInterestIncome": "None", "otherNonOperatingIncome": "None", "depreciation": "None", "depreciationAndAmortization": "158000000", "incomeBeforeTax": "-276000000", "incomeTaxExpense": "200000000", "interestAndDebtExpense": "None", "netIncomeFromContinuingOperations": "None", "comprehensiveIncomeNetOfTax": "None", "ebit": "-110000000", "ebitda": "48000000", "netIncome": "-276000000"}, {"fiscalDateEnding": "2020-03-31", "reportedCurrency": "None", "grossProfit": "715000000", "totalRevenue": "2525000000", "costOfRevenue": "1810000000", "costofGoodsAndServicesSold": "1810000000", "operatingIncome": "-8227000000", "sellingGeneralAndAdministrative": "65000000", "researchAndDevelopment": "None", "operatingExpenses": "8942000000", "investmentIncomeNet": "None", "netInterestIncome": "None", "interestIncome": "None", "interestExpense": "145000000", "nonInterestIncome": "None", "otherNonOperatingIncome": "None", "depreciation": "None", "depreciationAndAmortization": "603000000", "incomeBeforeTax": "-8326000000", "incomeTaxExpense": "-13000000", "interestAndDebtExpense": "None", "netIncomeFromContinuingOperations": "None", "comprehensiveIncomeNetOfTax": "None", "ebit": "-8144000000", "ebitda": "-7541000000", "netIncome": "-8297000000"}, {"fiscalDateEnding": "2019-12-31", "reportedCurrency": "None", "grossProfit": "-75000000", "totalRevenue": "1898000000", "costOfRevenue": "1973000000", "costofGoodsAndServicesSold": "1973000000", "operatingIncome": "-173000000", "sellingGeneralAndAdministrative": "57000000", "researchAndDevelopment": "None", "operatingExpenses": "98000000", "investmentIncomeNet": "None", "netInterestIncome": "None", "interestIncome": "None", "interestExpense": "139000000", "nonInterestIncome": "None", "otherNonOperatingIncome": "None", "depreciation": "None", "depreciationAndAmortization": "592000000", "incomeBeforeTax": "-340000000", "incomeTaxExpense": "-16000000", "interestAndDebtExpense": "None", "netIncomeFromContinuingOperations": "None", "comprehensiveIncomeNetOfTax": "None", "ebit": "-196000000", "ebitda": "396000000", "netIncome": "-324000000"}, {"fiscalDateEnding": "2019-09-30", "reportedCurrency": "None", "grossProfit": "125000000", "totalRevenue": "2059000000", "costOfRevenue": "1934000000", "costofGoodsAndServicesSold": "1934000000", "operatingIncome": "46000000", "sellingGeneralAndAdministrative": "66000000", "researchAndDevelopment": "None", "operatingExpenses": "79000000", "investmentIncomeNet": "None", "netInterestIncome": "None", "interestIncome": "None", "interestExpense": "177000000", "nonInterestIncome": "None", "otherNonOperatingIncome": "None", "depreciation": "None", "depreciationAndAmortization": "573000000", "incomeBeforeTax": "-62000000", "incomeTaxExpense": "-1000000", "interestAndDebtExpense": "None", "netIncomeFromContinuingOperations": "None", "comprehensiveIncomeNetOfTax": "None", "ebit": "115000000", "ebitda": "688000000", "netIncome": "-61000000"}, {"fiscalDateEnding": "2019-06-30", "reportedCurrency": "None", "grossProfit": "373000000", "totalRevenue": "2370000000", "costOfRevenue": "1997000000", "costofGoodsAndServicesSold": "1997000000", "operatingIncome": "278000000", "sellingGeneralAndAdministrative": "89000000", "researchAndDevelopment": "None", "operatingExpenses": "95000000", "investmentIncomeNet": "None", "netInterestIncome": "None", "interestIncome": "None", "interestExpense": "175000000", "nonInterestIncome": "None", "otherNonOperatingIncome": "None", "depreciation": "None", "depreciationAndAmortization": "580000000", "incomeBeforeTax": "98000000", "incomeTaxExpense": "266000000", "interestAndDebtExpense": "None", "netIncomeFromContinuingOperations": "None", "comprehensiveIncomeNetOfTax": "None", "ebit": "273000000", "ebitda": "853000000", "netIncome": "98000000"}, {"fiscalDateEnding": "2019-03-31", "reportedCurrency": "None", "grossProfit": "-27000000", "totalRevenue": "2162000000", "costOfRevenue": "2189000000", "costofGoodsAndServicesSold": "2189000000", "operatingIncome": "-182000000", "sellingGeneralAndAdministrative": "103000000", "researchAndDevelopment": "None", "operatingExpenses": "155000000", "investmentIncomeNet": "None", "netInterestIncome": "None", "interestIncome": "None", "interestExpense": "161000000", "nonInterestIncome": "None", "otherNonOperatingIncome": "None", "depreciation": "None", "depreciationAndAmortization": "519000000", "incomeBeforeTax": "-335000000", "incomeTaxExpense": "-314000000", "interestAndDebtExpense": "None", "netIncomeFromContinuingOperations": "None", "comprehensiveIncomeNetOfTax": "None", "ebit": "-174000000", "ebitda": "345000000", "netIncome": "-21000000"}, {"fiscalDateEnding": "2018-12-31", "reportedCurrency": "None", "grossProfit": "938000000", "totalRevenue": "3069000000", "costOfRevenue": "2131000000", "costofGoodsAndServicesSold": "2131000000", "operatingIncome": "294000000", "sellingGeneralAndAdministrative": "51000000", "researchAndDevelopment": "None", "operatingExpenses": "644000000", "investmentIncomeNet": "None", "netInterestIncome": "None", "interestIncome": "None", "interestExpense": "152000000", "nonInterestIncome": "None", "otherNonOperatingIncome": "None", "depreciation": "None", "depreciationAndAmortization": "278000000", "incomeBeforeTax": "512000000", "incomeTaxExpense": "-2000000", "interestAndDebtExpense": "None", "netIncomeFromContinuingOperations": "None", "comprehensiveIncomeNetOfTax": "None", "ebit": "560000000", "ebitda": "838000000", "netIncome": "513000000"}, {"fiscalDateEnding": "2018-09-30", "reportedCurrency": "None", "grossProfit": "245000000", "totalRevenue": "2418000000", "costOfRevenue": "2173000000", "costofGoodsAndServicesSold": "2173000000", "operatingIncome": "82000000", "sellingGeneralAndAdministrative": "81000000", "researchAndDevelopment": "None", "operatingExpenses": "163000000", "investmentIncomeNet": "None", "netInterestIncome": "None", "interestIncome": "None", "interestExpense": "165000000", "nonInterestIncome": "None", "otherNonOperatingIncome": "None", "depreciation": "None", "depreciationAndAmortization": "405000000", "incomeBeforeTax": "-145000000", "incomeTaxExpense": "1000000", "interestAndDebtExpense": "None", "netIncomeFromContinuingOperations": "None", "comprehensiveIncomeNetOfTax": "None", "ebit": "44000000", "ebitda": "449000000", "netIncome": "-146000000"}, {"fiscalDateEnding": "2018-06-30", "reportedCurrency": "None", "grossProfit": "-12000000", "totalRevenue": "2255000000", "costOfRevenue": "2267000000", "costofGoodsAndServicesSold": "2267000000", "operatingIncome": "-160000000", "sellingGeneralAndAdministrative": "105000000", "researchAndDevelopment": "None", "operatingExpenses": "148000000", "investmentIncomeNet": "None", "netInterestIncome": "None", "interestIncome": "None", "interestExpense": "155000000", "nonInterestIncome": "None", "otherNonOperatingIncome": "None", "depreciation": "None", "depreciationAndAmortization": "471000000", "incomeBeforeTax": "-258000000", "incomeTaxExpense": "-9000000", "interestAndDebtExpense": "None", "netIncomeFromContinuingOperations": "None", "comprehensiveIncomeNetOfTax": "None", "ebit": "-79000000", "ebitda": "392000000", "netIncome": "-249000000"}, {"fiscalDateEnding": "2018-03-31", "reportedCurrency": "None", "grossProfit": "228000000", "totalRevenue": "2489000000", "costOfRevenue": "2261000000", "costofGoodsAndServicesSold": "2261000000", "operatingIncome": "42000000", "sellingGeneralAndAdministrative": "87000000", "researchAndDevelopment": "None", "operatingExpenses": "186000000", "investmentIncomeNet": "None", "netInterestIncome": "None", "interestIncome": "None", "interestExpense": "162000000", "nonInterestIncome": "None", "otherNonOperatingIncome": "None", "depreciation": "None", "depreciationAndAmortization": "459000000", "incomeBeforeTax": "18000000", "incomeTaxExpense": "-26000000", "interestAndDebtExpense": "None", "netIncomeFromContinuingOperations": "None", "comprehensiveIncomeNetOfTax": "None", "ebit": "204000000", "ebitda": "663000000", "netIncome": "17000000"}, {"fiscalDateEnding": "2017-12-31", "reportedCurrency": "None", "grossProfit": "397000000", "totalRevenue": "2519000000", "costOfRevenue": "2122000000", "costofGoodsAndServicesSold": "2122000000", "operatingIncome": "405000000", "sellingGeneralAndAdministrative": "73000000", "researchAndDevelopment": "None", "operatingExpenses": "-8000000", "investmentIncomeNet": "None", "netInterestIncome": "None", "interestIncome": "None", "interestExpense": "123000000", "nonInterestIncome": "None", "otherNonOperatingIncome": "None", "depreciation": "None", "depreciationAndAmortization": "306000000", "incomeBeforeTax": "334000000", "incomeTaxExpense": "12000000", "interestAndDebtExpense": "None", "netIncomeFromContinuingOperations": "None", "comprehensiveIncomeNetOfTax": "None", "ebit": "483000000", "ebitda": "789000000", "netIncome": "333000000"}, {"fiscalDateEnding": "2017-09-30", "reportedCurrency": "None", "grossProfit": "176000000", "totalRevenue": "1943000000", "costOfRevenue": "1767000000", "costofGoodsAndServicesSold": "1767000000", "operatingIncome": "94000000", "sellingGeneralAndAdministrative": "54000000", "researchAndDevelopment": "None", "operatingExpenses": "82000000", "investmentIncomeNet": "None", "netInterestIncome": "None", "interestIncome": "None", "interestExpense": "115000000", "nonInterestIncome": "None", "otherNonOperatingIncome": "None", "depreciation": "None", "depreciationAndAmortization": "248000000", "incomeBeforeTax": "-17000000", "incomeTaxExpense": "-85000000", "interestAndDebtExpense": "None", "netIncomeFromContinuingOperations": "None", "comprehensiveIncomeNetOfTax": "None", "ebit": "127000000", "ebitda": "375000000", "netIncome": "-18000000"}, {"fiscalDateEnding": "2017-06-30", "reportedCurrency": "None", "grossProfit": "513000000", "totalRevenue": "2281000000", "costOfRevenue": "1768000000", "costofGoodsAndServicesSold": "1768000000", "operatingIncome": "399000000", "sellingGeneralAndAdministrative": "70000000", "researchAndDevelopment": "None", "operatingExpenses": "114000000", "investmentIncomeNet": "None", "netInterestIncome": "None", "interestIncome": "None", "interestExpense": "93000000", "nonInterestIncome": "None", "otherNonOperatingIncome": "None", "depreciation": "None", "depreciationAndAmortization": "223000000", "incomeBeforeTax": "496000000", "incomeTaxExpense": "1000000", "interestAndDebtExpense": "None", "netIncomeFromContinuingOperations": "None", "comprehensiveIncomeNetOfTax": "None", "ebit": "631000000", "ebitda": "854000000", "netIncome": "494000000"}, {"fiscalDateEnding": "2017-03-31", "reportedCurrency": "None", "grossProfit": "695000000", "totalRevenue": "2753000000", "costOfRevenue": "2058000000", "costofGoodsAndServicesSold": "2058000000", "operatingIncome": "241000000", "sellingGeneralAndAdministrative": "65000000", "researchAndDevelopment": "None", "operatingExpenses": "454000000", "investmentIncomeNet": "None", "netInterestIncome": "None", "interestIncome": "None", "interestExpense": "94000000", "nonInterestIncome": "None", "otherNonOperatingIncome": "None", "depreciation": "None", "depreciationAndAmortization": "218000000", "incomeBeforeTax": "142000000", "incomeTaxExpense": "1000000", "interestAndDebtExpense": "None", "netIncomeFromContinuingOperations": "None", "comprehensiveIncomeNetOfTax": "None", "ebit": "277000000", "ebitda": "495000000", "netIncome": "140000000"}, {"fiscalDateEnding": "2016-12-31", "reportedCurrency": "None", "grossProfit": "-177000000", "totalRevenue": "2021000000", "costOfRevenue": "2198000000", "costofGoodsAndServicesSold": "2198000000", "operatingIncome": "-295000000", "sellingGeneralAndAdministrative": "68000000", "researchAndDevelopment": "None", "operatingExpenses": "118000000", "investmentIncomeNet": "None", "netInterestIncome": "None", "interestIncome": "None", "interestExpense": "87000000", "nonInterestIncome": "None", "otherNonOperatingIncome": "None", "depreciation": "None", "depreciationAndAmortization": "233000000", "incomeBeforeTax": "-531000000", "incomeTaxExpense": "-190000000", "interestAndDebtExpense": "None", "netIncomeFromContinuingOperations": "None", "comprehensiveIncomeNetOfTax": "None", "ebit": "-558000000", "ebitda": "-325000000", "netIncome": "-331000000"}, {"fiscalDateEnding": "2016-09-30", "reportedCurrency": "None", "grossProfit": "85000000", "totalRevenue": "2276000000", "costOfRevenue": "2191000000", "costofGoodsAndServicesSold": "2191000000", "operatingIncome": "-1234000000", "sellingGeneralAndAdministrative": "63000000", "researchAndDevelopment": "None", "operatingExpenses": "1319000000", "investmentIncomeNet": "None", "netInterestIncome": "None", "interestIncome": "None", "interestExpense": "74000000", "nonInterestIncome": "None", "otherNonOperatingIncome": "None", "depreciation": "None", "depreciationAndAmortization": "276000000", "incomeBeforeTax": "-1214000000", "incomeTaxExpense": "-60000000", "interestAndDebtExpense": "None", "netIncomeFromContinuingOperations": "None", "comprehensiveIncomeNetOfTax": "None", "ebit": "-1099000000", "ebitda": "-823000000", "netIncome": "-1215000000"}, {"fiscalDateEnding": "2016-06-30", "reportedCurrency": "None", "grossProfit": "-573000000", "totalRevenue": "1622000000", "costOfRevenue": "2195000000", "costofGoodsAndServicesSold": "2195000000", "operatingIncome": "-1783000000", "sellingGeneralAndAdministrative": "61000000", "researchAndDevelopment": "None", "operatingExpenses": "1210000000", "investmentIncomeNet": "None", "netInterestIncome": "None", "interestIncome": "None", "interestExpense": "104000000", "nonInterestIncome": "None", "otherNonOperatingIncome": "None", "depreciation": "None", "depreciationAndAmortization": "306000000", "incomeBeforeTax": "-1776000000", "incomeTaxExpense": "None", "interestAndDebtExpense": "None", "netIncomeFromContinuingOperations": "None", "comprehensiveIncomeNetOfTax": "None", "ebit": "-1672000000", "ebitda": "-1366000000", "netIncome": "-1776000000"}, {"fiscalDateEnding": "2016-03-31", "reportedCurrency": "None", "grossProfit": "13000000", "totalRevenue": "1953000000", "costOfRevenue": "1940000000", "costofGoodsAndServicesSold": "1940000000", "operatingIncome": "-1099000000", "sellingGeneralAndAdministrative": "48000000", "researchAndDevelopment": "None", "operatingExpenses": "1112000000", "investmentIncomeNet": "None", "netInterestIncome": "None", "interestIncome": "None", "interestExpense": "104000000", "nonInterestIncome": "None", "otherNonOperatingIncome": "None", "depreciation": "None", "depreciationAndAmortization": "292000000", "incomeBeforeTax": "-1068000000", "incomeTaxExpense": "None", "interestAndDebtExpense": "None", "netIncomeFromContinuingOperations": "None", "comprehensiveIncomeNetOfTax": "None", "ebit": "-964000000", "ebitda": "-672000000", "netIncome": "-1068000000"}, {"fiscalDateEnding": "2015-12-31", "reportedCurrency": "None", "grossProfit": "-8000000", "totalRevenue": "4078000000", "costOfRevenue": "4086000000", "costofGoodsAndServicesSold": "4086000000", "operatingIncome": "-2919000000", "sellingGeneralAndAdministrative": "61000000", "researchAndDevelopment": "None", "operatingExpenses": "2911000000", "investmentIncomeNet": "None", "netInterestIncome": "None", "interestIncome": "None", "interestExpense": "107000000", "nonInterestIncome": "None", "otherNonOperatingIncome": "None", "depreciation": "None", "depreciationAndAmortization": "356000000", "incomeBeforeTax": "-2834000000", "incomeTaxExpense": "-649000000", "interestAndDebtExpense": "None", "netIncomeFromContinuingOperations": "None", "comprehensiveIncomeNetOfTax": "None", "ebit": "-2727000000", "ebitda": "-2371000000", "netIncome": "-2185000000"}, {"fiscalDateEnding": "2015-09-30", "reportedCurrency": "None", "grossProfit": "143000000", "totalRevenue": "3376000000", "costOfRevenue": "3233000000", "costofGoodsAndServicesSold": "3233000000", "operatingIncome": "-5453000000", "sellingGeneralAndAdministrative": "49000000", "researchAndDevelopment": "None", "operatingExpenses": "5596000000", "investmentIncomeNet": "None", "netInterestIncome": "None", "interestIncome": "None", "interestExpense": "88000000", "nonInterestIncome": "None", "otherNonOperatingIncome": "None", "depreciation": "None", "depreciationAndAmortization": "519000000", "incomeBeforeTax": "-5576000000", "incomeTaxExpense": "-937000000", "interestAndDebtExpense": "None", "netIncomeFromContinuingOperations": "None", "comprehensiveIncomeNetOfTax": "None", "ebit": "-5488000000", "ebitda": "-4969000000", "netIncome": "-4652000000"}, {"fiscalDateEnding": "2015-06-30", "reportedCurrency": "None", "grossProfit": "-8000000", "totalRevenue": "3521000000", "costOfRevenue": "3529000000", "costofGoodsAndServicesSold": "3529000000", "operatingIncome": "-5507000000", "sellingGeneralAndAdministrative": "69000000", "researchAndDevelopment": "None", "operatingExpenses": "5499000000", "investmentIncomeNet": "None", "netInterestIncome": "None", "interestIncome": "None", "interestExpense": "72000000", "nonInterestIncome": "None", "otherNonOperatingIncome": "None", "depreciation": "None", "depreciationAndAmortization": "635000000", "incomeBeforeTax": "-5596000000", "incomeTaxExpense": "-1506000000", "interestAndDebtExpense": "None", "netIncomeFromContinuingOperations": "None", "comprehensiveIncomeNetOfTax": "None", "ebit": "-5524000000", "ebitda": "-4889000000", "netIncome": "-4108000000"}, {"fiscalDateEnding": "2015-03-31", "reportedCurrency": "None", "grossProfit": "14000000", "totalRevenue": "3218000000", "costOfRevenue": "3204000000", "costofGoodsAndServicesSold": "3204000000", "operatingIncome": "-5040000000", "sellingGeneralAndAdministrative": "56000000", "researchAndDevelopment": "None", "operatingExpenses": "5054000000", "investmentIncomeNet": "None", "netInterestIncome": "None", "interestIncome": "None", "interestExpense": "62000000", "nonInterestIncome": "None", "otherNonOperatingIncome": "None", "depreciation": "None", "depreciationAndAmortization": "719000000", "incomeBeforeTax": "-5092000000", "incomeTaxExpense": "-1372000000", "interestAndDebtExpense": "None", "netIncomeFromContinuingOperations": "None", "comprehensiveIncomeNetOfTax": "None", "ebit": "-5030000000", "ebitda": "-4311000000", "netIncome": "-3739000000"}, {"fiscalDateEnding": "2014-12-31", "reportedCurrency": "None", "grossProfit": "1198000000", "totalRevenue": "5050000000", "costOfRevenue": "3852000000", "costofGoodsAndServicesSold": "3852000000", "operatingIncome": "961000000", "sellingGeneralAndAdministrative": "93000000", "researchAndDevelopment": "None", "operatingExpenses": "237000000", "investmentIncomeNet": "None", "netInterestIncome": "None", "interestIncome": "None", "interestExpense": "41000000", "nonInterestIncome": "None", "otherNonOperatingIncome": "None", "depreciation": "None", "depreciationAndAmortization": "744000000", "incomeBeforeTax": "954000000", "incomeTaxExpense": "285000000", "interestAndDebtExpense": "None", "netIncomeFromContinuingOperations": "None", "comprehensiveIncomeNetOfTax": "None", "ebit": "995000000", "ebitda": "1739000000", "netIncome": "640000000"}, {"fiscalDateEnding": "2014-09-30", "reportedCurrency": "None", "grossProfit": "1249000000", "totalRevenue": "5703000000", "costOfRevenue": "4454000000", "costofGoodsAndServicesSold": "4454000000", "operatingIncome": "1174000000", "sellingGeneralAndAdministrative": "60000000", "researchAndDevelopment": "None", "operatingExpenses": "75000000", "investmentIncomeNet": "None", "netInterestIncome": "None", "interestIncome": "None", "interestExpense": "15000000", "nonInterestIncome": "None", "otherNonOperatingIncome": "None", "depreciation": "None", "depreciationAndAmortization": "726000000", "incomeBeforeTax": "1129000000", "incomeTaxExpense": "437000000", "interestAndDebtExpense": "None", "netIncomeFromContinuingOperations": "None", "comprehensiveIncomeNetOfTax": "None", "ebit": "1144000000", "ebitda": "1870000000", "netIncome": "662000000"}, {"fiscalDateEnding": "2014-06-30", "reportedCurrency": "None", "grossProfit": "680000000", "totalRevenue": "5152000000", "costOfRevenue": "4472000000", "costofGoodsAndServicesSold": "4472000000", "operatingIncome": "610000000", "sellingGeneralAndAdministrative": "90000000", "researchAndDevelopment": "None", "operatingExpenses": "70000000", "investmentIncomeNet": "None", "netInterestIncome": "None", "interestIncome": "None", "interestExpense": "61000000", "nonInterestIncome": "None", "otherNonOperatingIncome": "None", "depreciation": "None", "depreciationAndAmortization": "739000000", "incomeBeforeTax": "371000000", "incomeTaxExpense": "141000000", "interestAndDebtExpense": "None", "netIncomeFromContinuingOperations": "None", "comprehensiveIncomeNetOfTax": "None", "ebit": "432000000", "ebitda": "1171000000", "netIncome": "191000000"}, {"fiscalDateEnding": "2014-03-31", "reportedCurrency": "None", "grossProfit": "802000000", "totalRevenue": "5046000000", "costOfRevenue": "4244000000", "costofGoodsAndServicesSold": "4244000000", "operatingIncome": "733000000", "sellingGeneralAndAdministrative": "79000000", "researchAndDevelopment": "None", "operatingExpenses": "69000000", "investmentIncomeNet": "None", "netInterestIncome": "None", "interestIncome": "None", "interestExpense": "58000000", "nonInterestIncome": "None", "otherNonOperatingIncome": "None", "depreciation": "None", "depreciationAndAmortization": "706000000", "incomeBeforeTax": "746000000", "incomeTaxExpense": "280000000", "interestAndDebtExpense": "None", "netIncomeFromContinuingOperations": "None", "comprehensiveIncomeNetOfTax": "None", "ebit": "804000000", "ebitda": "1510000000", "netIncome": "425000000"}, {"fiscalDateEnding": "2013-12-31", "reportedCurrency": "None", "grossProfit": "606000000", "totalRevenue": "4541000000", "costOfRevenue": "3935000000", "costofGoodsAndServicesSold": "3935000000", "operatingIncome": "249000000", "sellingGeneralAndAdministrative": "121000000", "researchAndDevelopment": "None", "operatingExpenses": "357000000", "investmentIncomeNet": "None", "netInterestIncome": "None", "interestIncome": "None", "interestExpense": "56000000", "nonInterestIncome": "None", "otherNonOperatingIncome": "None", "depreciation": "None", "depreciationAndAmortization": "724000000", "incomeBeforeTax": "-119000000", "incomeTaxExpense": "-46000000", "interestAndDebtExpense": "None", "netIncomeFromContinuingOperations": "None", "comprehensiveIncomeNetOfTax": "None", "ebit": "-63000000", "ebitda": "661000000", "netIncome": "-116000000"}, {"fiscalDateEnding": "2013-09-30", "reportedCurrency": "None", "grossProfit": "572000000", "totalRevenue": "4867000000", "costOfRevenue": "4295000000", "costofGoodsAndServicesSold": "4295000000", "operatingIncome": "436000000", "sellingGeneralAndAdministrative": "120000000", "researchAndDevelopment": "None", "operatingExpenses": "136000000", "investmentIncomeNet": "None", "netInterestIncome": "None", "interestIncome": "None", "interestExpense": "43000000", "nonInterestIncome": "None", "otherNonOperatingIncome": "None", "depreciation": "None", "depreciationAndAmortization": "732000000", "incomeBeforeTax": "387000000", "incomeTaxExpense": "147000000", "interestAndDebtExpense": "None", "netIncomeFromContinuingOperations": "None", "comprehensiveIncomeNetOfTax": "None", "ebit": "430000000", "ebitda": "1162000000", "netIncome": "202000000"}, {"fiscalDateEnding": "2013-06-30", "reportedCurrency": "None", "grossProfit": "1402000000", "totalRevenue": "4675000000", "costOfRevenue": "3273000000", "costofGoodsAndServicesSold": "3273000000", "operatingIncome": "1167000000", "sellingGeneralAndAdministrative": "106000000", "researchAndDevelopment": "None", "operatingExpenses": "235000000", "investmentIncomeNet": "None", "netInterestIncome": "None", "interestIncome": "None", "interestExpense": "54000000", "nonInterestIncome": "None", "otherNonOperatingIncome": "None", "depreciation": "None", "depreciationAndAmortization": "721000000", "incomeBeforeTax": "1009000000", "incomeTaxExpense": "384000000", "interestAndDebtExpense": "None", "netIncomeFromContinuingOperations": "None", "comprehensiveIncomeNetOfTax": "None", "ebit": "1063000000", "ebitda": "1784000000", "netIncome": "580000000"}, {"fiscalDateEnding": "2013-03-31", "reportedCurrency": "None", "grossProfit": "438000000", "totalRevenue": "3424000000", "costOfRevenue": "2986000000", "costofGoodsAndServicesSold": "2986000000", "operatingIncome": "217000000", "sellingGeneralAndAdministrative": "110000000", "researchAndDevelopment": "None", "operatingExpenses": "221000000", "investmentIncomeNet": "None", "netInterestIncome": "None", "interestIncome": "None", "interestExpense": "17000000", "nonInterestIncome": "None", "otherNonOperatingIncome": "None", "depreciation": "None", "depreciationAndAmortization": "726000000", "incomeBeforeTax": "165000000", "incomeTaxExpense": "63000000", "interestAndDebtExpense": "None", "netIncomeFromContinuingOperations": "None", "comprehensiveIncomeNetOfTax": "None", "ebit": "182000000", "ebitda": "908000000", "netIncome": "58000000"}, {"fiscalDateEnding": "2012-12-31", "reportedCurrency": "None", "grossProfit": "-1444000000", "totalRevenue": "3538000000", "costOfRevenue": "4982000000", "costofGoodsAndServicesSold": "4982000000", "operatingIncome": "756000000", "sellingGeneralAndAdministrative": "None", "researchAndDevelopment": "None", "operatingExpenses": "-2200000000", "investmentIncomeNet": "None", "netInterestIncome": "None", "interestIncome": "None", "interestExpense": "14000000", "nonInterestIncome": "None", "otherNonOperatingIncome": "None", "depreciation": "None", "depreciationAndAmortization": "722000000", "incomeBeforeTax": "563000000", "incomeTaxExpense": "219000000", "interestAndDebtExpense": "None", "netIncomeFromContinuingOperations": "None", "comprehensiveIncomeNetOfTax": "None", "ebit": "577000000", "ebitda": "1299000000", "netIncome": "300000000"}, {"fiscalDateEnding": "2012-09-30", "reportedCurrency": "None", "grossProfit": "314000000", "totalRevenue": "2970000000", "costOfRevenue": "2656000000", "costofGoodsAndServicesSold": "2656000000", "operatingIncome": "-3194000000", "sellingGeneralAndAdministrative": "145000000", "researchAndDevelopment": "None", "operatingExpenses": "3508000000", "investmentIncomeNet": "None", "netInterestIncome": "None", "interestIncome": "None", "interestExpense": "38000000", "nonInterestIncome": "None", "otherNonOperatingIncome": "None", "depreciation": "None", "depreciationAndAmortization": "829000000", "incomeBeforeTax": "-3231000000", "incomeTaxExpense": "-1260000000", "interestAndDebtExpense": "None", "netIncomeFromContinuingOperations": "None", "comprehensiveIncomeNetOfTax": "None", "ebit": "-3193000000", "ebitda": "-2364000000", "netIncome": "-2012000000"}, {"fiscalDateEnding": "2012-06-30", "reportedCurrency": "None", "grossProfit": "1137000000", "totalRevenue": "3389000000", "costOfRevenue": "2252000000", "costofGoodsAndServicesSold": "2252000000", "operatingIncome": "738000000", "sellingGeneralAndAdministrative": "156000000", "researchAndDevelopment": "None", "operatingExpenses": "399000000", "investmentIncomeNet": "None", "netInterestIncome": "None", "interestIncome": "None", "interestExpense": "14000000", "nonInterestIncome": "None", "otherNonOperatingIncome": "None", "depreciation": "None", "depreciationAndAmortization": "670000000", "incomeBeforeTax": "1700000000", "incomeTaxExpense": "663000000", "interestAndDebtExpense": "None", "netIncomeFromContinuingOperations": "None", "comprehensiveIncomeNetOfTax": "None", "ebit": "1714000000", "ebitda": "2384000000", "netIncome": "972000000"}, {"fiscalDateEnding": "2012-03-31", "reportedCurrency": "None", "grossProfit": "140000000", "totalRevenue": "2419000000", "costOfRevenue": "2279000000", "costofGoodsAndServicesSold": "2279000000", "operatingIncome": "6000000", "sellingGeneralAndAdministrative": "136000000", "researchAndDevelopment": "None", "operatingExpenses": "134000000", "investmentIncomeNet": "None", "netInterestIncome": "None", "interestIncome": "None", "interestExpense": "12000000", "nonInterestIncome": "None", "otherNonOperatingIncome": "None", "depreciation": "None", "depreciationAndAmortization": "590000000", "incomeBeforeTax": "-5000000", "incomeTaxExpense": "-2000000", "interestAndDebtExpense": "None", "netIncomeFromContinuingOperations": "None", "comprehensiveIncomeNetOfTax": "None", "ebit": "7000000", "ebitda": "597000000", "netIncome": "-28000000"}, {"fiscalDateEnding": "2011-12-31", "reportedCurrency": "None", "grossProfit": "1046000000", "totalRevenue": "2727000000", "costOfRevenue": "1681000000", "costofGoodsAndServicesSold": "1681000000", "operatingIncome": "736000000", "sellingGeneralAndAdministrative": "None", "researchAndDevelopment": "None", "operatingExpenses": "310000000", "investmentIncomeNet": "None", "netInterestIncome": "None", "interestIncome": "None", "interestExpense": "7000000", "nonInterestIncome": "None", "otherNonOperatingIncome": "None", "depreciation": "None", "depreciationAndAmortization": "570000000", "incomeBeforeTax": "799000000", "incomeTaxExpense": "311000000", "interestAndDebtExpense": "None", "netIncomeFromContinuingOperations": "None", "comprehensiveIncomeNetOfTax": "None", "ebit": "806000000", "ebitda": "1376000000", "netIncome": "473000000"}, {"fiscalDateEnding": "2011-09-30", "reportedCurrency": "None", "grossProfit": "2135000000", "totalRevenue": "3977000000", "costOfRevenue": "1842000000", "costofGoodsAndServicesSold": "1842000000", "operatingIncome": "1483000000", "sellingGeneralAndAdministrative": "None", "researchAndDevelopment": "None", "operatingExpenses": "652000000", "investmentIncomeNet": "None", "netInterestIncome": "None", "interestIncome": "None", "interestExpense": "4000000", "nonInterestIncome": "None", "otherNonOperatingIncome": "None", "depreciation": "None", "depreciationAndAmortization": "498000000", "incomeBeforeTax": "1511000000", "incomeTaxExpense": "589000000", "interestAndDebtExpense": "None", "netIncomeFromContinuingOperations": "None", "comprehensiveIncomeNetOfTax": "None", "ebit": "1515000000", "ebitda": "2013000000", "netIncome": "922000000"}, {"fiscalDateEnding": "2011-06-30", "reportedCurrency": "None", "grossProfit": "1552000000", "totalRevenue": "3318000000", "costOfRevenue": "1766000000", "costofGoodsAndServicesSold": "1766000000", "operatingIncome": "985000000", "sellingGeneralAndAdministrative": "None", "researchAndDevelopment": "None", "operatingExpenses": "567000000", "investmentIncomeNet": "None", "netInterestIncome": "None", "interestIncome": "None", "interestExpense": "25000000", "nonInterestIncome": "None", "otherNonOperatingIncome": "None", "depreciation": "None", "depreciationAndAmortization": "429000000", "incomeBeforeTax": "835000000", "incomeTaxExpense": "325000000", "interestAndDebtExpense": "None", "netIncomeFromContinuingOperations": "None", "comprehensiveIncomeNetOfTax": "None", "ebit": "860000000", "ebitda": "1289000000", "netIncome": "510000000"}, {"fiscalDateEnding": "2011-03-31", "reportedCurrency": "None", "grossProfit": "267000000", "totalRevenue": "1612000000", "costOfRevenue": "1345000000", "costofGoodsAndServicesSold": "1345000000", "operatingIncome": "-284000000", "sellingGeneralAndAdministrative": "None", "researchAndDevelopment": "None", "operatingExpenses": "551000000", "investmentIncomeNet": "None", "netInterestIncome": "None", "interestIncome": "None", "interestExpense": "7000000", "nonInterestIncome": "None", "otherNonOperatingIncome": "None", "depreciation": "None", "depreciationAndAmortization": "426000000", "incomeBeforeTax": "-266000000", "incomeTaxExpense": "-104000000", "interestAndDebtExpense": "None", "netIncomeFromContinuingOperations": "None", "comprehensiveIncomeNetOfTax": "None", "ebit": "-259000000", "ebitda": "167000000", "netIncome": "-162000000"}, {"fiscalDateEnding": "2010-12-31", "reportedCurrency": "None", "grossProfit": "-1710000000", "totalRevenue": "1975000000", "costOfRevenue": "3685000000", "costofGoodsAndServicesSold": "3685000000", "operatingIncome": "329000000", "sellingGeneralAndAdministrative": "None", "researchAndDevelopment": "None", "operatingExpenses": "-2039000000", "investmentIncomeNet": "None", "netInterestIncome": "None", "interestIncome": "None", "interestExpense": "7000000", "nonInterestIncome": "None", "otherNonOperatingIncome": "None", "depreciation": "None", "depreciationAndAmortization": "430000000", "incomeBeforeTax": "364000000", "incomeTaxExpense": "140000000", "interestAndDebtExpense": "None", "netIncomeFromContinuingOperations": "None", "comprehensiveIncomeNetOfTax": "None", "ebit": "371000000", "ebitda": "801000000", "netIncome": "224000000"}, {"fiscalDateEnding": "2010-09-30", "reportedCurrency": "None", "grossProfit": "1413000000", "totalRevenue": "2581000000", "costOfRevenue": "1168000000", "costofGoodsAndServicesSold": "1168000000", "operatingIncome": "817000000", "sellingGeneralAndAdministrative": "None", "researchAndDevelopment": "None", "operatingExpenses": "596000000", "investmentIncomeNet": "None", "netInterestIncome": "None", "interestIncome": "None", "interestExpense": "3000000", "nonInterestIncome": "None", "otherNonOperatingIncome": "None", "depreciation": "None", "depreciationAndAmortization": "434000000", "incomeBeforeTax": "907000000", "incomeTaxExpense": "349000000", "interestAndDebtExpense": "None", "netIncomeFromContinuingOperations": "None", "comprehensiveIncomeNetOfTax": "None", "ebit": "910000000", "ebitda": "1344000000", "netIncome": "558000000"}, {"fiscalDateEnding": "2010-06-30", "reportedCurrency": "None", "grossProfit": "946000000", "totalRevenue": "2012000000", "costOfRevenue": "1066000000", "costofGoodsAndServicesSold": "1066000000", "operatingIncome": "447000000", "sellingGeneralAndAdministrative": "None", "researchAndDevelopment": "None", "operatingExpenses": "499000000", "investmentIncomeNet": "None", "netInterestIncome": "None", "interestIncome": "None", "interestExpense": "202000000", "nonInterestIncome": "None", "otherNonOperatingIncome": "None", "depreciation": "None", "depreciationAndAmortization": "392000000", "incomeBeforeTax": "414000000", "incomeTaxExpense": "159000000", "interestAndDebtExpense": "None", "netIncomeFromContinuingOperations": "None", "comprehensiveIncomeNetOfTax": "None", "ebit": "617000000", "ebitda": "1009000000", "netIncome": "255000000"}, {"fiscalDateEnding": "2010-03-31", "reportedCurrency": "None", "grossProfit": "1679000000", "totalRevenue": "2798000000", "costOfRevenue": "1119000000", "costofGoodsAndServicesSold": "1119000000", "operatingIncome": "1212000000", "sellingGeneralAndAdministrative": "None", "researchAndDevelopment": "None", "operatingExpenses": "467000000", "investmentIncomeNet": "None", "netInterestIncome": "None", "interestIncome": "None", "interestExpense": "25000000", "nonInterestIncome": "None", "otherNonOperatingIncome": "None", "depreciation": "None", "depreciationAndAmortization": "358000000", "incomeBeforeTax": "1200000000", "incomeTaxExpense": "462000000", "interestAndDebtExpense": "None", "netIncomeFromContinuingOperations": "None", "comprehensiveIncomeNetOfTax": "None", "ebit": "1225000000", "ebitda": "1583000000", "netIncome": "738000000"}, {"fiscalDateEnding": "2009-12-31", "reportedCurrency": "None", "grossProfit": "1934000000", "totalRevenue": "2222000000", "costOfRevenue": "288000000", "costofGoodsAndServicesSold": "288000000", "operatingIncome": "-713000000", "sellingGeneralAndAdministrative": "None", "researchAndDevelopment": "None", "operatingExpenses": "2647000000", "investmentIncomeNet": "None", "netInterestIncome": "None", "interestIncome": "None", "interestExpense": "61000000", "nonInterestIncome": "None", "otherNonOperatingIncome": "None", "depreciation": "None", "depreciationAndAmortization": "401000000", "incomeBeforeTax": "-798000000", "incomeTaxExpense": "-299000000", "interestAndDebtExpense": "None", "netIncomeFromContinuingOperations": "None", "comprehensiveIncomeNetOfTax": "None", "ebit": "-737000000", "ebitda": "-336000000", "netIncome": "-524000000"}, {"fiscalDateEnding": "2009-09-30", "reportedCurrency": "None", "grossProfit": "1519000000", "totalRevenue": "1811000000", "costOfRevenue": "292000000", "costofGoodsAndServicesSold": "292000000", "operatingIncome": "397000000", "sellingGeneralAndAdministrative": "None", "researchAndDevelopment": "None", "operatingExpenses": "1122000000", "investmentIncomeNet": "None", "netInterestIncome": "None", "interestIncome": "None", "interestExpense": "43000000", "nonInterestIncome": "None", "otherNonOperatingIncome": "None", "depreciation": "None", "depreciationAndAmortization": "357000000", "incomeBeforeTax": "307000000", "incomeTaxExpense": "115000000", "interestAndDebtExpense": "None", "netIncomeFromContinuingOperations": "None", "comprehensiveIncomeNetOfTax": "None", "ebit": "350000000", "ebitda": "707000000", "netIncome": "192000000"}, {"fiscalDateEnding": "2009-06-30", "reportedCurrency": "None", "grossProfit": "1390000000", "totalRevenue": "1673000000", "costOfRevenue": "283000000", "costofGoodsAndServicesSold": "283000000", "operatingIncome": "424000000", "sellingGeneralAndAdministrative": "None", "researchAndDevelopment": "None", "operatingExpenses": "966000000", "investmentIncomeNet": "None", "netInterestIncome": "None", "interestIncome": "None", "interestExpense": "69000000", "nonInterestIncome": "None", "otherNonOperatingIncome": "None", "depreciation": "None", "depreciationAndAmortization": "353000000", "incomeBeforeTax": "388000000", "incomeTaxExpense": "145000000", "interestAndDebtExpense": "None", "netIncomeFromContinuingOperations": "None", "comprehensiveIncomeNetOfTax": "None", "ebit": "457000000", "ebitda": "810000000", "netIncome": "243000000"}, {"fiscalDateEnding": "2009-03-31", "reportedCurrency": "None", "grossProfit": "1694000000", "totalRevenue": "1995000000", "costOfRevenue": "301000000", "costofGoodsAndServicesSold": "301000000", "operatingIncome": "-9053000000", "sellingGeneralAndAdministrative": "None", "researchAndDevelopment": "None", "operatingExpenses": "10747000000", "investmentIncomeNet": "None", "netInterestIncome": "None", "interestIncome": "None", "interestExpense": "33000000", "nonInterestIncome": "None", "otherNonOperatingIncome": "None", "depreciation": "None", "depreciationAndAmortization": "504000000", "incomeBeforeTax": "-9184000000", "incomeTaxExpense": "-3444000000", "interestAndDebtExpense": "None", "netIncomeFromContinuingOperations": "None", "comprehensiveIncomeNetOfTax": "None", "ebit": "-9151000000", "ebitda": "-8647000000", "netIncome": "-5740000000"}, {"fiscalDateEnding": "2008-12-31", "reportedCurrency": "None", "grossProfit": "2070000000", "totalRevenue": "2981000000", "costOfRevenue": "911000000", "costofGoodsAndServicesSold": "911000000", "operatingIncome": "-1387000000", "sellingGeneralAndAdministrative": "None", "researchAndDevelopment": "None", "operatingExpenses": "3457000000", "investmentIncomeNet": "None", "netInterestIncome": "None", "interestIncome": "None", "interestExpense": "None", "nonInterestIncome": "None", "otherNonOperatingIncome": "None", "depreciation": "None", "depreciationAndAmortization": "504000000", "incomeBeforeTax": "-1389000000", "incomeTaxExpense": "-528000000", "interestAndDebtExpense": "None", "netIncomeFromContinuingOperations": "None", "comprehensiveIncomeNetOfTax": "None", "ebit": "1623000000", "ebitda": "2127000000", "netIncome": "-861000000"}, {"fiscalDateEnding": "2008-09-30", "reportedCurrency": "None", "grossProfit": "7128000000", "totalRevenue": "7491000000", "costOfRevenue": "363000000", "costofGoodsAndServicesSold": "363000000", "operatingIncome": "5478000000", "sellingGeneralAndAdministrative": "None", "researchAndDevelopment": "None", "operatingExpenses": "1650000000", "investmentIncomeNet": "None", "netInterestIncome": "None", "interestIncome": "None", "interestExpense": "34000000", "nonInterestIncome": "None", "otherNonOperatingIncome": "None", "depreciation": "None", "depreciationAndAmortization": "522000000", "incomeBeforeTax": "5401000000", "incomeTaxExpense": "2079000000", "interestAndDebtExpense": "None", "netIncomeFromContinuingOperations": "None", "comprehensiveIncomeNetOfTax": "None", "ebit": "5441000000", "ebitda": "5963000000", "netIncome": "3322000000"}, {"fiscalDateEnding": "2008-06-30", "reportedCurrency": "None", "grossProfit": "-1630000000", "totalRevenue": "None", "costOfRevenue": "1630000000", "costofGoodsAndServicesSold": "1630000000", "operatingIncome": "-2533000000", "sellingGeneralAndAdministrative": "None", "researchAndDevelopment": "None", "operatingExpenses": "903000000", "investmentIncomeNet": "None", "netInterestIncome": "None", "interestIncome": "None", "interestExpense": "None", "nonInterestIncome": "None", "otherNonOperatingIncome": "None", "depreciation": "None", "depreciationAndAmortization": "569000000", "incomeBeforeTax": "-2597000000", "incomeTaxExpense": "-1000000000", "interestAndDebtExpense": "None", "netIncomeFromContinuingOperations": "None", "comprehensiveIncomeNetOfTax": "None", "ebit": "-2533000000", "ebitda": "-1964000000", "netIncome": "-1597000000"}, {"fiscalDateEnding": "2008-03-31", "reportedCurrency": "None", "grossProfit": "526000000", "totalRevenue": "1611000000", "costOfRevenue": "1085000000", "costofGoodsAndServicesSold": "1085000000", "operatingIncome": "-104000000", "sellingGeneralAndAdministrative": "None", "researchAndDevelopment": "None", "operatingExpenses": "630000000", "investmentIncomeNet": "None", "netInterestIncome": "None", "interestIncome": "None", "interestExpense": "99000000", "nonInterestIncome": "None", "otherNonOperatingIncome": "None", "depreciation": "None", "depreciationAndAmortization": "551000000", "incomeBeforeTax": "-212000000", "incomeTaxExpense": "-82000000", "interestAndDebtExpense": "None", "netIncomeFromContinuingOperations": "None", "comprehensiveIncomeNetOfTax": "None", "ebit": "-113000000", "ebitda": "438000000", "netIncome": "-130000000"}, {"fiscalDateEnding": "2007-12-31", "reportedCurrency": "None", "grossProfit": "1092000000", "totalRevenue": "2089000000", "costOfRevenue": "997000000", "costofGoodsAndServicesSold": "997000000", "operatingIncome": "613000000", "sellingGeneralAndAdministrative": "None", "researchAndDevelopment": "None", "operatingExpenses": "479000000", "investmentIncomeNet": "None", "netInterestIncome": "None", "interestIncome": "None", "interestExpense": "None", "nonInterestIncome": "None", "otherNonOperatingIncome": "None", "depreciation": "None", "depreciationAndAmortization": "530000000", "incomeBeforeTax": "489000000", "incomeTaxExpense": "186000000", "interestAndDebtExpense": "None", "netIncomeFromContinuingOperations": "None", "comprehensiveIncomeNetOfTax": "None", "ebit": "736000000", "ebitda": "1266000000", "netIncome": "303000000"}, {"fiscalDateEnding": "2007-09-30", "reportedCurrency": "None", "grossProfit": "1356000000", "totalRevenue": "2027000000", "costOfRevenue": "671000000", "costofGoodsAndServicesSold": "671000000", "operatingIncome": "715000000", "sellingGeneralAndAdministrative": "None", "researchAndDevelopment": "None", "operatingExpenses": "641000000", "investmentIncomeNet": "None", "netInterestIncome": "None", "interestIncome": "None", "interestExpense": "None", "nonInterestIncome": "None", "otherNonOperatingIncome": "None", "depreciation": "None", "depreciationAndAmortization": "526000000", "incomeBeforeTax": "600000000", "incomeTaxExpense": "228000000", "interestAndDebtExpense": "None", "netIncomeFromContinuingOperations": "None", "comprehensiveIncomeNetOfTax": "None", "ebit": "715000000", "ebitda": "1241000000", "netIncome": "372000000"}, {"fiscalDateEnding": "2007-06-30", "reportedCurrency": "None", "grossProfit": "1425000000", "totalRevenue": "2105000000", "costOfRevenue": "680000000", "costofGoodsAndServicesSold": "680000000", "operatingIncome": "836000000", "sellingGeneralAndAdministrative": "None", "researchAndDevelopment": "None", "operatingExpenses": "589000000", "investmentIncomeNet": "None", "netInterestIncome": "None", "interestIncome": "None", "interestExpense": "None", "nonInterestIncome": "None", "otherNonOperatingIncome": "None", "depreciation": "None", "depreciationAndAmortization": "484000000", "incomeBeforeTax": "836000000", "incomeTaxExpense": "318000000", "interestAndDebtExpense": "None", "netIncomeFromContinuingOperations": "None", "comprehensiveIncomeNetOfTax": "None", "ebit": "836000000", "ebitda": "1320000000", "netIncome": "518000000"}, {"fiscalDateEnding": "2007-03-31", "reportedCurrency": "None", "grossProfit": "1416000000", "totalRevenue": "1580000000", "costOfRevenue": "164000000", "costofGoodsAndServicesSold": "164000000", "operatingIncome": "486000000", "sellingGeneralAndAdministrative": "None", "researchAndDevelopment": "None", "operatingExpenses": "930000000", "investmentIncomeNet": "None", "netInterestIncome": "None", "interestIncome": "None", "interestExpense": "None", "nonInterestIncome": "None", "otherNonOperatingIncome": "None", "depreciation": "None", "depreciationAndAmortization": "431000000", "incomeBeforeTax": "416000000", "incomeTaxExpense": "158000000", "interestAndDebtExpense": "None", "netIncomeFromContinuingOperations": "None", "comprehensiveIncomeNetOfTax": "None", "ebit": "486000000", "ebitda": "917000000", "netIncome": "258000000"}, {"fiscalDateEnding": "2006-12-31", "reportedCurrency": "None", "grossProfit": "1156472000", "totalRevenue": "1867601000", "costOfRevenue": "711129000", "costofGoodsAndServicesSold": "711129000", "operatingIncome": "835037000", "sellingGeneralAndAdministrative": "None", "researchAndDevelopment": "None", "operatingExpenses": "321435000", "investmentIncomeNet": "None", "netInterestIncome": "None", "interestIncome": "None", "interestExpense": "None", "nonInterestIncome": "None", "otherNonOperatingIncome": "None", "depreciation": "None", "depreciationAndAmortization": "393244000", "incomeBeforeTax": "760262000", "incomeTaxExpense": "288900000", "interestAndDebtExpense": "None", "netIncomeFromContinuingOperations": "None", "comprehensiveIncomeNetOfTax": "None", "ebit": "996521000", "ebitda": "1389765000", "netIncome": "471362000"}, {"fiscalDateEnding": "2006-09-30", "reportedCurrency": "None", "grossProfit": "1402000000", "totalRevenue": "1929000000", "costOfRevenue": "527000000", "costofGoodsAndServicesSold": "527000000", "operatingIncome": "953000000", "sellingGeneralAndAdministrative": "None", "researchAndDevelopment": "None", "operatingExpenses": "449000000", "investmentIncomeNet": "None", "netInterestIncome": "None", "interestIncome": "None", "interestExpense": "None", "nonInterestIncome": "None", "otherNonOperatingIncome": "None", "depreciation": "None", "depreciationAndAmortization": "373000000", "incomeBeforeTax": "884000000", "incomeTaxExpense": "335000000", "interestAndDebtExpense": "None", "netIncomeFromContinuingOperations": "None", "comprehensiveIncomeNetOfTax": "None", "ebit": "953000000", "ebitda": "1326000000", "netIncome": "549000000"}, {"fiscalDateEnding": "2006-06-30", "reportedCurrency": "None", "grossProfit": "1092000000", "totalRevenue": "1584000000", "costOfRevenue": "492000000", "costofGoodsAndServicesSold": "492000000", "operatingIncome": "673000000", "sellingGeneralAndAdministrative": "None", "researchAndDevelopment": "None", "operatingExpenses": "419000000", "investmentIncomeNet": "None", "netInterestIncome": "None", "interestIncome": "None", "interestExpense": "None", "nonInterestIncome": "None", "otherNonOperatingIncome": "None", "depreciation": "None", "depreciationAndAmortization": "352000000", "incomeBeforeTax": "605000000", "incomeTaxExpense": "245000000", "interestAndDebtExpense": "None", "netIncomeFromContinuingOperations": "None", "comprehensiveIncomeNetOfTax": "None", "ebit": "673000000", "ebitda": "1025000000", "netIncome": "350000000"}, {"fiscalDateEnding": "2006-03-31", "reportedCurrency": "None", "grossProfit": "1811000000", "totalRevenue": "1944000000", "costOfRevenue": "133000000", "costofGoodsAndServicesSold": "133000000", "operatingIncome": "952000000", "sellingGeneralAndAdministrative": "None", "researchAndDevelopment": "None", "operatingExpenses": "859000000", "investmentIncomeNet": "None", "netInterestIncome": "None", "interestIncome": "None", "interestExpense": "None", "nonInterestIncome": "None", "otherNonOperatingIncome": "None", "depreciation": "None", "depreciationAndAmortization": "331000000", "incomeBeforeTax": "1006000000", "incomeTaxExpense": "382000000", "interestAndDebtExpense": "None", "netIncomeFromContinuingOperations": "None", "comprehensiveIncomeNetOfTax": "None", "ebit": "952000000", "ebitda": "1283000000", "netIncome": "624000000"}, {"fiscalDateEnding": "2005-12-31", "reportedCurrency": "None", "grossProfit": "90782000", "totalRevenue": "1750979000", "costOfRevenue": "1660197000", "costofGoodsAndServicesSold": "1660197000", "operatingIncome": "774526000", "sellingGeneralAndAdministrative": "None", "researchAndDevelopment": "None", "operatingExpenses": "-683744000", "investmentIncomeNet": "None", "netInterestIncome": "None", "interestIncome": "None", "interestExpense": "None", "nonInterestIncome": "None", "otherNonOperatingIncome": "None", "depreciation": "None", "depreciationAndAmortization": "275482000", "incomeBeforeTax": "712639000", "incomeTaxExpense": "260114000", "interestAndDebtExpense": "None", "netIncomeFromContinuingOperations": "None", "comprehensiveIncomeNetOfTax": "None", "ebit": "657756000", "ebitda": "933238000", "netIncome": "452525000"}, {"fiscalDateEnding": "2005-09-30", "reportedCurrency": "None", "grossProfit": "648568000", "totalRevenue": "1082843000", "costOfRevenue": "434275000", "costofGoodsAndServicesSold": "434275000", "operatingIncome": "335634000", "sellingGeneralAndAdministrative": "None", "researchAndDevelopment": "None", "operatingExpenses": "312934000", "investmentIncomeNet": "None", "netInterestIncome": "None", "interestIncome": "None", "interestExpense": "None", "nonInterestIncome": "None", "otherNonOperatingIncome": "None", "depreciation": "None", "depreciationAndAmortization": "245490000", "incomeBeforeTax": "278722000", "incomeTaxExpense": "101734000", "interestAndDebtExpense": "None", "netIncomeFromContinuingOperations": "None", "comprehensiveIncomeNetOfTax": "None", "ebit": "336381000", "ebitda": "581871000", "netIncome": "176988000"}]}