{"symbol": "CBOE", "annualReports": [{"fiscalDateEnding": "2025-12-31", "reportedCurrency": "None", "grossProfit": "2306700000", "totalRevenue": "4714200000", "costOfRevenue": "2407500000", "costofGoodsAndServicesSold": "2407500000", "operatingIncome": "1514100000", "sellingGeneralAndAdministrative": "91500000", "researchAndDevelopment": "None", "operatingExpenses": "792600000", "investmentIncomeNet": "None", "netInterestIncome": "None", "interestIncome": "None", "interestExpense": "52300000", "nonInterestIncome": "None", "otherNonOperatingIncome": "None", "depreciation": "None", "depreciationAndAmortization": "122400000", "incomeBeforeTax": "1566600000", "incomeTaxExpense": "466600000", "interestAndDebtExpense": "None", "netIncomeFromContinuingOperations": "None", "comprehensiveIncomeNetOfTax": "None", "ebit": "1514300000", "ebitda": "1636700000", "netIncome": "1100000000"}, {"fiscalDateEnding": "2024-12-31", "reportedCurrency": "USD", "grossProfit": "2072400000", "totalRevenue": "4094500000", "costOfRevenue": "2022100000", "costofGoodsAndServicesSold": "2022100000", "operatingIncome": "1098400000", "sellingGeneralAndAdministrative": "557200000", "researchAndDevelopment": "None", "operatingExpenses": "974000000", "investmentIncomeNet": "None", "netInterestIncome": "-24200000", "interestIncome": "27300000", "interestExpense": "51500000", "nonInterestIncome": "None", "otherNonOperatingIncome": "None", "depreciation": "None", "depreciationAndAmortization": "133000000", "incomeBeforeTax": "1083800000", "incomeTaxExpense": "318900000", "interestAndDebtExpense": "None", "netIncomeFromContinuingOperations": "764900000", "comprehensiveIncomeNetOfTax": "None", "ebit": "1135300000", "ebitda": "1268300000", "netIncome": "764900000"}, {"fiscalDateEnding": "2023-12-31", "reportedCurrency": "USD", "grossProfit": "1918000000", "totalRevenue": "3773500000", "costOfRevenue": "1855500000", "costofGoodsAndServicesSold": "1855500000", "operatingIncome": "1057900000", "sellingGeneralAndAdministrative": "517800000", "researchAndDevelopment": "0.28", "operatingExpenses": "860100000", "investmentIncomeNet": "None", "netInterestIncome": "-56600000", "interestIncome": "9700000", "interestExpense": "62400000", "nonInterestIncome": "None", "otherNonOperatingIncome": "None", "depreciation": "None", "depreciationAndAmortization": "158000000", "incomeBeforeTax": "1047600000", "incomeTaxExpense": "286200000", "interestAndDebtExpense": "None", "netIncomeFromContinuingOperations": "709100000", "comprehensiveIncomeNetOfTax": "None", "ebit": "1110000000", "ebitda": "1268000000", "netIncome": "761400000"}, {"fiscalDateEnding": "2022-12-31", "reportedCurrency": "USD", "grossProfit": "1741700000", "totalRevenue": "3958500000", "costOfRevenue": "2216800000", "costofGoodsAndServicesSold": "2216800000", "operatingIncome": "489600000", "sellingGeneralAndAdministrative": "452000000", "researchAndDevelopment": "0.11", "operatingExpenses": "1252100000", "investmentIncomeNet": "None", "netInterestIncome": "-56400000", "interestIncome": "3600000", "interestExpense": "60000000", "nonInterestIncome": "None", "otherNonOperatingIncome": "-300000", "depreciation": "None", "depreciationAndAmortization": "166800000", "incomeBeforeTax": "432900000", "incomeTaxExpense": "197900000", "interestAndDebtExpense": "None", "netIncomeFromContinuingOperations": "235000000", "comprehensiveIncomeNetOfTax": "None", "ebit": "492900000", "ebitda": "659700000", "netIncome": "235000000"}, {"fiscalDateEnding": "2021-12-31", "reportedCurrency": "USD", "grossProfit": "1476100000", "totalRevenue": "3494800000", "costOfRevenue": "2018700000", "costofGoodsAndServicesSold": "2018700000", "operatingIncome": "805900000", "sellingGeneralAndAdministrative": "372200000", "researchAndDevelopment": "0.22", "operatingExpenses": "670200000", "investmentIncomeNet": "None", "netInterestIncome": "-47400000", "interestIncome": "600000", "interestExpense": "48000000", "nonInterestIncome": "None", "otherNonOperatingIncome": "-2400000", "depreciation": "None", "depreciationAndAmortization": "167400000", "incomeBeforeTax": "756100000", "incomeTaxExpense": "227100000", "interestAndDebtExpense": "None", "netIncomeFromContinuingOperations": "529000000", "comprehensiveIncomeNetOfTax": "None", "ebit": "804100000", "ebitda": "971500000", "netIncome": "529000000"}, {"fiscalDateEnding": "2020-12-31", "reportedCurrency": "USD", "grossProfit": "1254300000", "totalRevenue": "3427100000", "costOfRevenue": "2172800000", "costofGoodsAndServicesSold": "2172800000", "operatingIncome": "662200000", "sellingGeneralAndAdministrative": "285500000", "researchAndDevelopment": "0.19", "operatingExpenses": "592100000", "investmentIncomeNet": "None", "netInterestIncome": "-37600000", "interestIncome": "1100000", "interestExpense": "38700000", "nonInterestIncome": "None", "otherNonOperatingIncome": "35800000", "depreciation": "None", "depreciationAndAmortization": "158500000", "incomeBeforeTax": "660400000", "incomeTaxExpense": "192200000", "interestAndDebtExpense": "None", "netIncomeFromContinuingOperations": "468200000", "comprehensiveIncomeNetOfTax": "None", "ebit": "699100000", "ebitda": "857600000", "netIncome": "468200000"}, {"fiscalDateEnding": "2019-12-31", "reportedCurrency": "USD", "grossProfit": "1136900000", "totalRevenue": "2496100000", "costOfRevenue": "1359200000", "costofGoodsAndServicesSold": "1359200000", "operatingIncome": "537200000", "sellingGeneralAndAdministrative": "267300000", "researchAndDevelopment": "0.20", "operatingExpenses": "599700000", "investmentIncomeNet": "None", "netInterestIncome": "-35900000", "interestIncome": "1900000", "interestExpense": "37800000", "nonInterestIncome": "None", "otherNonOperatingIncome": "100000", "depreciation": "None", "depreciationAndAmortization": "176600000", "incomeBeforeTax": "501400000", "incomeTaxExpense": "130600000", "interestAndDebtExpense": "None", "netIncomeFromContinuingOperations": "370800000", "comprehensiveIncomeNetOfTax": "None", "ebit": "539200000", "ebitda": "715800000", "netIncome": "374900000"}, {"fiscalDateEnding": "2018-12-31", "reportedCurrency": "USD", "grossProfit": "1216900000", "totalRevenue": "2768800000", "costOfRevenue": "1551900000", "costofGoodsAndServicesSold": "1551900000", "operatingIncome": "599400000", "sellingGeneralAndAdministrative": "297100000", "researchAndDevelopment": "0.21", "operatingExpenses": "617500000", "investmentIncomeNet": "None", "netInterestIncome": "-38200000", "interestIncome": "2300000", "interestExpense": "38200000", "nonInterestIncome": "None", "otherNonOperatingIncome": "10000000", "depreciation": "None", "depreciationAndAmortization": "204000000", "incomeBeforeTax": "571200000", "incomeTaxExpense": "146000000", "interestAndDebtExpense": "None", "netIncomeFromContinuingOperations": "425200000", "comprehensiveIncomeNetOfTax": "None", "ebit": "609200000", "ebitda": "813200000", "netIncome": "426500000"}, {"fiscalDateEnding": "2017-12-31", "reportedCurrency": "USD", "grossProfit": "995600000", "totalRevenue": "2229100000", "costOfRevenue": "1233500000", "costofGoodsAndServicesSold": "1233500000", "operatingIncome": "371900000", "sellingGeneralAndAdministrative": "267400000", "researchAndDevelopment": "0.15", "operatingExpenses": "623700000", "investmentIncomeNet": "None", "netInterestIncome": "-41300000", "interestIncome": "1300000", "interestExpense": "41300000", "nonInterestIncome": "None", "otherNonOperatingIncome": "3800000", "depreciation": "None", "depreciationAndAmortization": "192200000", "incomeBeforeTax": "334400000", "incomeTaxExpense": "-66200000", "interestAndDebtExpense": "None", "netIncomeFromContinuingOperations": "400600000", "comprehensiveIncomeNetOfTax": "None", "ebit": "374000000", "ebitda": "566200000", "netIncome": "401700000"}, {"fiscalDateEnding": "2016-12-31", "reportedCurrency": "USD", "grossProfit": "566400000", "totalRevenue": "645106000", "costOfRevenue": "136700000", "costofGoodsAndServicesSold": "136700000", "operatingIncome": "298200000", "sellingGeneralAndAdministrative": "166300000", "researchAndDevelopment": "0.47", "operatingExpenses": "268200000", "investmentIncomeNet": "None", "netInterestIncome": "-5747000", "interestIncome": "None", "interestExpense": "5747000", "nonInterestIncome": "None", "otherNonOperatingIncome": "8404000", "depreciation": "None", "depreciationAndAmortization": "44400000", "incomeBeforeTax": "306604000", "incomeTaxExpense": "120884000", "interestAndDebtExpense": "None", "netIncomeFromContinuingOperations": "185720000", "comprehensiveIncomeNetOfTax": "None", "ebit": "312300000", "ebitda": "356700000", "netIncome": "186820000"}, {"fiscalDateEnding": "2015-12-31", "reportedCurrency": "USD", "grossProfit": "561700000", "totalRevenue": "634545000", "costOfRevenue": "102100000", "costofGoodsAndServicesSold": "102100000", "operatingIncome": "319900000", "sellingGeneralAndAdministrative": "156000000", "researchAndDevelopment": "0", "operatingExpenses": "241800000", "investmentIncomeNet": "None", "netInterestIncome": "None", "interestIncome": "None", "interestExpense": "43000", "nonInterestIncome": "None", "otherNonOperatingIncome": "4096000", "depreciation": "None", "depreciationAndAmortization": "46300000", "incomeBeforeTax": "324024000", "incomeTaxExpense": "119001000", "interestAndDebtExpense": "None", "netIncomeFromContinuingOperations": "205023000", "comprehensiveIncomeNetOfTax": "None", "ebit": "324000000", "ebitda": "370300000", "netIncome": "205023000"}, {"fiscalDateEnding": "2014-12-31", "reportedCurrency": "USD", "grossProfit": "551115000", "totalRevenue": "617225000", "costOfRevenue": "66110000", "costofGoodsAndServicesSold": "66110000", "operatingIncome": "313801000", "sellingGeneralAndAdministrative": "153710000", "researchAndDevelopment": "0", "operatingExpenses": "237314000", "investmentIncomeNet": "None", "netInterestIncome": "None", "interestIncome": "None", "interestExpense": "0", "nonInterestIncome": "None", "otherNonOperatingIncome": "-4104000", "depreciation": "None", "depreciationAndAmortization": "40000000", "incomeBeforeTax": "309697000", "incomeTaxExpense": "119983000", "interestAndDebtExpense": "None", "netIncomeFromContinuingOperations": "189714000", "comprehensiveIncomeNetOfTax": "None", "ebit": "309697000", "ebitda": "349697000", "netIncome": "189714000"}, {"fiscalDateEnding": "2013-12-31", "reportedCurrency": "USD", "grossProfit": "515474000", "totalRevenue": "572050000", "costOfRevenue": "56576000", "costofGoodsAndServicesSold": "56576000", "operatingIncome": "285814000", "sellingGeneralAndAdministrative": "152556000", "researchAndDevelopment": "0", "operatingExpenses": "229660000", "investmentIncomeNet": "None", "netInterestIncome": "None", "interestIncome": "None", "interestExpense": "0", "nonInterestIncome": "None", "otherNonOperatingIncome": "-2158000", "depreciation": "None", "depreciationAndAmortization": "34602000", "incomeBeforeTax": "283656000", "incomeTaxExpense": "107657000", "interestAndDebtExpense": "None", "netIncomeFromContinuingOperations": "175999000", "comprehensiveIncomeNetOfTax": "None", "ebit": "285814000", "ebitda": "320416000", "netIncome": "175999000"}, {"fiscalDateEnding": "2012-12-31", "reportedCurrency": "USD", "grossProfit": "466203000", "totalRevenue": "512338000", "costOfRevenue": "46135000", "costofGoodsAndServicesSold": "46135000", "operatingIncome": "244097000", "sellingGeneralAndAdministrative": "104196000", "researchAndDevelopment": "0", "operatingExpenses": "222106000", "investmentIncomeNet": "None", "netInterestIncome": "None", "interestIncome": "None", "interestExpense": "0", "nonInterestIncome": "None", "otherNonOperatingIncome": "-1546000", "depreciation": "None", "depreciationAndAmortization": "31573000", "incomeBeforeTax": "242551000", "incomeTaxExpense": "85156000", "interestAndDebtExpense": "None", "netIncomeFromContinuingOperations": "157395000", "comprehensiveIncomeNetOfTax": "None", "ebit": "244097000", "ebitda": "275670000", "netIncome": "157395000"}, {"fiscalDateEnding": "2011-12-31", "reportedCurrency": "USD", "grossProfit": "460322000", "totalRevenue": "508144000", "costOfRevenue": "47822000", "costofGoodsAndServicesSold": "47822000", "operatingIncome": "241632000", "sellingGeneralAndAdministrative": "104454000", "researchAndDevelopment": "0", "operatingExpenses": "218690000", "investmentIncomeNet": "None", "netInterestIncome": "None", "interestIncome": "None", "interestExpense": "879000", "nonInterestIncome": "None", "otherNonOperatingIncome": "-1548000", "depreciation": "None", "depreciationAndAmortization": "34184000", "incomeBeforeTax": "240084000", "incomeTaxExpense": "100678000", "interestAndDebtExpense": "None", "netIncomeFromContinuingOperations": "139406000", "comprehensiveIncomeNetOfTax": "None", "ebit": "240963000", "ebitda": "275147000", "netIncome": "139406000"}, {"fiscalDateEnding": "2010-12-31", "reportedCurrency": "USD", "grossProfit": "395751000", "totalRevenue": "437104000", "costOfRevenue": "41353000", "costofGoodsAndServicesSold": "41353000", "operatingIncome": "167341000", "sellingGeneralAndAdministrative": "106243000", "researchAndDevelopment": "None", "operatingExpenses": "228410000", "investmentIncomeNet": "None", "netInterestIncome": "None", "interestIncome": "None", "interestExpense": "896000", "nonInterestIncome": "None", "otherNonOperatingIncome": "None", "depreciation": "None", "depreciationAndAmortization": "29960000", "incomeBeforeTax": "164623000", "incomeTaxExpense": "65227000", "interestAndDebtExpense": "None", "netIncomeFromContinuingOperations": "None", "comprehensiveIncomeNetOfTax": "None", "ebit": "165519000", "ebitda": "195479000", "netIncome": "99396000"}, {"fiscalDateEnding": "2009-12-31", "reportedCurrency": "USD", "grossProfit": "426082000", "totalRevenue": "426082000", "costOfRevenue": "218899000", "costofGoodsAndServicesSold": "218899000", "operatingIncome": "177585000", "sellingGeneralAndAdministrative": "215351000", "researchAndDevelopment": "None", "operatingExpenses": "248497000", "investmentIncomeNet": "None", "netInterestIncome": "None", "interestIncome": "None", "interestExpense": "875000", "nonInterestIncome": "None", "otherNonOperatingIncome": "None", "depreciation": "None", "depreciationAndAmortization": "27725000", "incomeBeforeTax": "177230000", "incomeTaxExpense": "70779000", "interestAndDebtExpense": "None", "netIncomeFromContinuingOperations": "None", "comprehensiveIncomeNetOfTax": "None", "ebit": "178105000", "ebitda": "205830000", "netIncome": "106451000"}, {"fiscalDateEnding": "2008-12-31", "reportedCurrency": "USD", "grossProfit": "416783000", "totalRevenue": "416783000", "costOfRevenue": "None", "costofGoodsAndServicesSold": "None", "operatingIncome": "187310000", "sellingGeneralAndAdministrative": "196959000", "researchAndDevelopment": "None", "operatingExpenses": "229473000", "investmentIncomeNet": "None", "netInterestIncome": "None", "interestIncome": "None", "interestExpense": "19000", "nonInterestIncome": "None", "otherNonOperatingIncome": "None", "depreciation": "None", "depreciationAndAmortization": "25656000", "incomeBeforeTax": "193407000", "incomeTaxExpense": "78119000", "interestAndDebtExpense": "None", "netIncomeFromContinuingOperations": "None", "comprehensiveIncomeNetOfTax": "None", "ebit": "193426000", "ebitda": "219082000", "netIncome": "115288000"}], "quarterlyReports": [{"fiscalDateEnding": "2025-12-31", "reportedCurrency": "None", "grossProfit": "639800000", "totalRevenue": "1204000000", "costOfRevenue": "564200000", "costofGoodsAndServicesSold": "564200000", "operatingIncome": "428800000", "sellingGeneralAndAdministrative": "24300000", "researchAndDevelopment": "None", "operatingExpenses": "211000000", "investmentIncomeNet": "None", "netInterestIncome": "None", "interestIncome": "None", "interestExpense": "13300000", "nonInterestIncome": "None", "otherNonOperatingIncome": "None", "depreciation": "None", "depreciationAndAmortization": "31300000", "incomeBeforeTax": "451700000", "incomeTaxExpense": "138200000", "interestAndDebtExpense": "None", "netIncomeFromContinuingOperations": "None", "comprehensiveIncomeNetOfTax": "None", "ebit": "428800000", "ebitda": "460100000", "netIncome": "313500000"}, {"fiscalDateEnding": "2025-09-30", "reportedCurrency": "USD", "grossProfit": "605500000", "totalRevenue": "1141700000", "costOfRevenue": "536200000", "costofGoodsAndServicesSold": "536200000", "operatingIncome": "370300000", "sellingGeneralAndAdministrative": "150800000", "researchAndDevelopment": "None", "operatingExpenses": "235200000", "investmentIncomeNet": "None", "netInterestIncome": "1000000", "interestIncome": "14300000", "interestExpense": "13300000", "nonInterestIncome": "None", "otherNonOperatingIncome": "None", "depreciation": "None", "depreciationAndAmortization": "30900000", "incomeBeforeTax": "430100000", "incomeTaxExpense": "129300000", "interestAndDebtExpense": "None", "netIncomeFromContinuingOperations": "300800000", "comprehensiveIncomeNetOfTax": "None", "ebit": "443400000", "ebitda": "474300000", "netIncome": "300800000"}, {"fiscalDateEnding": "2025-06-30", "reportedCurrency": "USD", "grossProfit": "587300000", "totalRevenue": "1173500000", "costOfRevenue": "586200000", "costofGoodsAndServicesSold": "586200000", "operatingIncome": "339100000", "sellingGeneralAndAdministrative": "152700000", "researchAndDevelopment": "None", "operatingExpenses": "248200000", "investmentIncomeNet": "None", "netInterestIncome": "-1600000", "interestIncome": "11300000", "interestExpense": "12900000", "nonInterestIncome": "None", "otherNonOperatingIncome": "None", "depreciation": "None", "depreciationAndAmortization": "29900000", "incomeBeforeTax": "334600000", "incomeTaxExpense": "99500000", "interestAndDebtExpense": "None", "netIncomeFromContinuingOperations": "235100000", "comprehensiveIncomeNetOfTax": "None", "ebit": "347500000", "ebitda": "377400000", "netIncome": "235100000"}, {"fiscalDateEnding": "2025-03-31", "reportedCurrency": "USD", "grossProfit": "565200000", "totalRevenue": "1195000000", "costOfRevenue": "629800000", "costofGoodsAndServicesSold": "629800000", "operatingIncome": "353900000", "sellingGeneralAndAdministrative": "143200000", "researchAndDevelopment": "None", "operatingExpenses": "211300000", "investmentIncomeNet": "None", "netInterestIncome": "-4400000", "interestIncome": "8400000", "interestExpense": "12800000", "nonInterestIncome": "None", "otherNonOperatingIncome": "None", "depreciation": "None", "depreciationAndAmortization": "30300000", "incomeBeforeTax": "350200000", "incomeTaxExpense": "99600000", "interestAndDebtExpense": "None", "netIncomeFromContinuingOperations": "250600000", "comprehensiveIncomeNetOfTax": "None", "ebit": "363000000", "ebitda": "393300000", "netIncome": "250600000"}, {"fiscalDateEnding": "2024-12-31", "reportedCurrency": "USD", "grossProfit": "524500000", "totalRevenue": "1107600000", "costOfRevenue": "583100000", "costofGoodsAndServicesSold": "583100000", "operatingIncome": "298500000", "sellingGeneralAndAdministrative": "137500000", "researchAndDevelopment": "None", "operatingExpenses": "226000000", "investmentIncomeNet": "None", "netInterestIncome": "-5700000", "interestIncome": "7200000", "interestExpense": "12900000", "nonInterestIncome": "None", "otherNonOperatingIncome": "None", "depreciation": "None", "depreciationAndAmortization": "32100000", "incomeBeforeTax": "279700000", "incomeTaxExpense": "83200000", "interestAndDebtExpense": "None", "netIncomeFromContinuingOperations": "196500000", "comprehensiveIncomeNetOfTax": "None", "ebit": "292600000", "ebitda": "324700000", "netIncome": "196500000"}, {"fiscalDateEnding": "2024-09-30", "reportedCurrency": "USD", "grossProfit": "532000000", "totalRevenue": "1055700000", "costOfRevenue": "523700000", "costofGoodsAndServicesSold": "523700000", "operatingIncome": "307400000", "sellingGeneralAndAdministrative": "141000000", "researchAndDevelopment": "None", "operatingExpenses": "224600000", "investmentIncomeNet": "None", "netInterestIncome": "-1400000", "interestIncome": "11400000", "interestExpense": "12800000", "nonInterestIncome": "None", "otherNonOperatingIncome": "None", "depreciation": "None", "depreciationAndAmortization": "31800000", "incomeBeforeTax": "309000000", "incomeTaxExpense": "90500000", "interestAndDebtExpense": "None", "netIncomeFromContinuingOperations": "218500000", "comprehensiveIncomeNetOfTax": "None", "ebit": "321800000", "ebitda": "353600000", "netIncome": "218500000"}, {"fiscalDateEnding": "2024-06-30", "reportedCurrency": "USD", "grossProfit": "513800000", "totalRevenue": "974000000", "costOfRevenue": "460200000", "costofGoodsAndServicesSold": "460200000", "operatingIncome": "210100000", "sellingGeneralAndAdministrative": "141900000", "researchAndDevelopment": "None", "operatingExpenses": "303700000", "investmentIncomeNet": "None", "netInterestIncome": "-8200000", "interestIncome": "4600000", "interestExpense": "12800000", "nonInterestIncome": "None", "otherNonOperatingIncome": "None", "depreciation": "None", "depreciationAndAmortization": "31800000", "incomeBeforeTax": "203000000", "incomeTaxExpense": "62600000", "interestAndDebtExpense": "None", "netIncomeFromContinuingOperations": "140400000", "comprehensiveIncomeNetOfTax": "None", "ebit": "215800000", "ebitda": "247600000", "netIncome": "140400000"}, {"fiscalDateEnding": "2024-03-31", "reportedCurrency": "USD", "grossProfit": "502100000", "totalRevenue": "957200000", "costOfRevenue": "455100000", "costofGoodsAndServicesSold": "455100000", "operatingIncome": "282400000", "sellingGeneralAndAdministrative": "143300000", "researchAndDevelopment": "None", "operatingExpenses": "219700000", "investmentIncomeNet": "None", "netInterestIncome": "-8900000", "interestIncome": "4100000", "interestExpense": "13000000", "nonInterestIncome": "None", "otherNonOperatingIncome": "None", "depreciation": "None", "depreciationAndAmortization": "37300000", "incomeBeforeTax": "292100000", "incomeTaxExpense": "82600000", "interestAndDebtExpense": "None", "netIncomeFromContinuingOperations": "209500000", "comprehensiveIncomeNetOfTax": "None", "ebit": "305100000", "ebitda": "342400000", "netIncome": "209500000"}, {"fiscalDateEnding": "2023-12-31", "reportedCurrency": "USD", "grossProfit": "499000000", "totalRevenue": "968700000", "costOfRevenue": "469700000", "costofGoodsAndServicesSold": "469700000", "operatingIncome": "294000000", "sellingGeneralAndAdministrative": "136100000", "researchAndDevelopment": "None", "operatingExpenses": "205000000", "investmentIncomeNet": "None", "netInterestIncome": "-9500000", "interestIncome": "3700000", "interestExpense": "13200000", "nonInterestIncome": "None", "otherNonOperatingIncome": "None", "depreciation": "None", "depreciationAndAmortization": "38000000", "incomeBeforeTax": "287500000", "incomeTaxExpense": "75500000", "interestAndDebtExpense": "None", "netIncomeFromContinuingOperations": "212000000", "comprehensiveIncomeNetOfTax": "None", "ebit": "300700000", "ebitda": "338700000", "netIncome": "212000000"}, {"fiscalDateEnding": "2023-09-30", "reportedCurrency": "USD", "grossProfit": "480500000", "totalRevenue": "908800000", "costOfRevenue": "428300000", "costofGoodsAndServicesSold": "428300000", "operatingIncome": "271200000", "sellingGeneralAndAdministrative": "120500000", "researchAndDevelopment": "None", "operatingExpenses": "209300000", "investmentIncomeNet": "None", "netInterestIncome": "-11900000", "interestIncome": "3500000", "interestExpense": "15400000", "nonInterestIncome": "None", "otherNonOperatingIncome": "None", "depreciation": "None", "depreciationAndAmortization": "38800000", "incomeBeforeTax": "270100000", "incomeTaxExpense": "61900000", "interestAndDebtExpense": "None", "netIncomeFromContinuingOperations": "208200000", "comprehensiveIncomeNetOfTax": "None", "ebit": "285500000", "ebitda": "324300000", "netIncome": "208200000"}, {"fiscalDateEnding": "2023-06-30", "reportedCurrency": "USD", "grossProfit": "467100000", "totalRevenue": "907800000", "costOfRevenue": "440700000", "costofGoodsAndServicesSold": "440700000", "operatingIncome": "244800000", "sellingGeneralAndAdministrative": "126900000", "researchAndDevelopment": "None", "operatingExpenses": "222300000", "investmentIncomeNet": "None", "netInterestIncome": "-13900000", "interestIncome": "2800000", "interestExpense": "16700000", "nonInterestIncome": "None", "otherNonOperatingIncome": "10900000", "depreciation": "None", "depreciationAndAmortization": "39800000", "incomeBeforeTax": "241800000", "incomeTaxExpense": "74000000", "interestAndDebtExpense": "None", "netIncomeFromContinuingOperations": "167800000", "comprehensiveIncomeNetOfTax": "None", "ebit": "258500000", "ebitda": "298300000", "netIncome": "167800000"}, {"fiscalDateEnding": "2023-03-31", "reportedCurrency": "USD", "grossProfit": "471400000", "totalRevenue": "988200000", "costOfRevenue": "516800000", "costofGoodsAndServicesSold": "516800000", "operatingIncome": "247900000", "sellingGeneralAndAdministrative": "141900000", "researchAndDevelopment": "None", "operatingExpenses": "223500000", "investmentIncomeNet": "None", "netInterestIncome": "-15100000", "interestIncome": "2000000", "interestExpense": "17100000", "nonInterestIncome": "None", "otherNonOperatingIncome": "15400000", "depreciation": "None", "depreciationAndAmortization": "41400000", "incomeBeforeTax": "248200000", "incomeTaxExpense": "74800000", "interestAndDebtExpense": "None", "netIncomeFromContinuingOperations": "173400000", "comprehensiveIncomeNetOfTax": "None", "ebit": "265300000", "ebitda": "306700000", "netIncome": "173400000"}, {"fiscalDateEnding": "2022-12-31", "reportedCurrency": "USD", "grossProfit": "457100000", "totalRevenue": "1004700000", "costOfRevenue": "547600000", "costofGoodsAndServicesSold": "547600000", "operatingIncome": "250500000", "sellingGeneralAndAdministrative": "118400000", "researchAndDevelopment": "None", "operatingExpenses": "206600000", "investmentIncomeNet": "None", "netInterestIncome": "-15700000", "interestIncome": "1400000", "interestExpense": "17100000", "nonInterestIncome": "None", "otherNonOperatingIncome": "1000000", "depreciation": "None", "depreciationAndAmortization": "44700000", "incomeBeforeTax": "235800000", "incomeTaxExpense": "76100000", "interestAndDebtExpense": "None", "netIncomeFromContinuingOperations": "159700000", "comprehensiveIncomeNetOfTax": "None", "ebit": "252900000", "ebitda": "297600000", "netIncome": "159700000"}, {"fiscalDateEnding": "2022-09-30", "reportedCurrency": "USD", "grossProfit": "442400000", "totalRevenue": "993500000", "costOfRevenue": "551100000", "costofGoodsAndServicesSold": "551100000", "operatingIncome": "236800000", "sellingGeneralAndAdministrative": "122400000", "researchAndDevelopment": "None", "operatingExpenses": "205600000", "investmentIncomeNet": "None", "netInterestIncome": "-15300000", "interestIncome": "800000", "interestExpense": "16100000", "nonInterestIncome": "None", "otherNonOperatingIncome": "7500000", "depreciation": "None", "depreciationAndAmortization": "41000000", "incomeBeforeTax": "229000000", "incomeTaxExpense": "78800000", "interestAndDebtExpense": "None", "netIncomeFromContinuingOperations": "150200000", "comprehensiveIncomeNetOfTax": "None", "ebit": "245100000", "ebitda": "286100000", "netIncome": "149600000"}, {"fiscalDateEnding": "2022-06-30", "reportedCurrency": "USD", "grossProfit": "424100000", "totalRevenue": "985800000", "costOfRevenue": "561700000", "costofGoodsAndServicesSold": "561700000", "operatingIncome": "-237400000", "sellingGeneralAndAdministrative": "110300000", "researchAndDevelopment": "None", "operatingExpenses": "661500000", "investmentIncomeNet": "None", "netInterestIncome": "-14600000", "interestIncome": "500000", "interestExpense": "15100000", "nonInterestIncome": "None", "otherNonOperatingIncome": "-4800000", "depreciation": "None", "depreciationAndAmortization": "40200000", "incomeBeforeTax": "-256800000", "incomeTaxExpense": "-72300000", "interestAndDebtExpense": "None", "netIncomeFromContinuingOperations": "-184500000", "comprehensiveIncomeNetOfTax": "None", "ebit": "-241700000", "ebitda": "-201500000", "netIncome": "-184500000"}, {"fiscalDateEnding": "2022-03-31", "reportedCurrency": "USD", "grossProfit": "418100000", "totalRevenue": "974500000", "costOfRevenue": "556400000", "costofGoodsAndServicesSold": "556400000", "operatingIncome": "239700000", "sellingGeneralAndAdministrative": "107400000", "researchAndDevelopment": "None", "operatingExpenses": "178400000", "investmentIncomeNet": "None", "netInterestIncome": "-10800000", "interestIncome": "900000", "interestExpense": "11700000", "nonInterestIncome": "None", "otherNonOperatingIncome": "-4000000", "depreciation": "None", "depreciationAndAmortization": "40900000", "incomeBeforeTax": "224900000", "incomeTaxExpense": "115300000", "interestAndDebtExpense": "None", "netIncomeFromContinuingOperations": "109600000", "comprehensiveIncomeNetOfTax": "None", "ebit": "236600000", "ebitda": "277500000", "netIncome": "109200000"}, {"fiscalDateEnding": "2021-12-31", "reportedCurrency": "USD", "grossProfit": "390500000", "totalRevenue": "866400000", "costOfRevenue": "475900000", "costofGoodsAndServicesSold": "475900000", "operatingIncome": "220600000", "sellingGeneralAndAdministrative": "96200000", "researchAndDevelopment": "None", "operatingExpenses": "169900000", "investmentIncomeNet": "None", "netInterestIncome": "-11100000", "interestIncome": "400000", "interestExpense": "11500000", "nonInterestIncome": "None", "otherNonOperatingIncome": "700000", "depreciation": "None", "depreciationAndAmortization": "42000000", "incomeBeforeTax": "210200000", "incomeTaxExpense": "44300000", "interestAndDebtExpense": "None", "netIncomeFromContinuingOperations": "165900000", "comprehensiveIncomeNetOfTax": "None", "ebit": "221700000", "ebitda": "263700000", "netIncome": "165300000"}, {"fiscalDateEnding": "2021-09-30", "reportedCurrency": "USD", "grossProfit": "369500000", "totalRevenue": "816800000", "costOfRevenue": "447300000", "costofGoodsAndServicesSold": "447300000", "operatingIncome": "190700000", "sellingGeneralAndAdministrative": "98000000", "researchAndDevelopment": "None", "operatingExpenses": "178800000", "investmentIncomeNet": "None", "netInterestIncome": "-11700000", "interestIncome": "0", "interestExpense": "11700000", "nonInterestIncome": "None", "otherNonOperatingIncome": "-5200000", "depreciation": "None", "depreciationAndAmortization": "42800000", "incomeBeforeTax": "173800000", "incomeTaxExpense": "53400000", "interestAndDebtExpense": "None", "netIncomeFromContinuingOperations": "120400000", "comprehensiveIncomeNetOfTax": "None", "ebit": "185500000", "ebitda": "228300000", "netIncome": "120000000"}, {"fiscalDateEnding": "2021-06-30", "reportedCurrency": "USD", "grossProfit": "350600000", "totalRevenue": "800800000", "costOfRevenue": "450200000", "costofGoodsAndServicesSold": "450200000", "operatingIncome": "190000000", "sellingGeneralAndAdministrative": "90100000", "researchAndDevelopment": "None", "operatingExpenses": "160600000", "investmentIncomeNet": "None", "netInterestIncome": "-12300000", "interestIncome": "100000", "interestExpense": "12400000", "nonInterestIncome": "None", "otherNonOperatingIncome": "1500000", "depreciation": "None", "depreciationAndAmortization": "40600000", "incomeBeforeTax": "179200000", "incomeTaxExpense": "73700000", "interestAndDebtExpense": "None", "netIncomeFromContinuingOperations": "105500000", "comprehensiveIncomeNetOfTax": "None", "ebit": "191600000", "ebitda": "232200000", "netIncome": "105200000"}, {"fiscalDateEnding": "2021-03-31", "reportedCurrency": "USD", "grossProfit": "365500000", "totalRevenue": "1010800000", "costOfRevenue": "645300000", "costofGoodsAndServicesSold": "645300000", "operatingIncome": "204600000", "sellingGeneralAndAdministrative": "87900000", "researchAndDevelopment": "None", "operatingExpenses": "160900000", "investmentIncomeNet": "None", "netInterestIncome": "-12300000", "interestIncome": "100000", "interestExpense": "12400000", "nonInterestIncome": "None", "otherNonOperatingIncome": "600000", "depreciation": "None", "depreciationAndAmortization": "42000000", "incomeBeforeTax": "192900000", "incomeTaxExpense": "55700000", "interestAndDebtExpense": "None", "netIncomeFromContinuingOperations": "137200000", "comprehensiveIncomeNetOfTax": "None", "ebit": "205300000", "ebitda": "247300000", "netIncome": "136800000"}, {"fiscalDateEnding": "2020-12-31", "reportedCurrency": "USD", "grossProfit": "307100000", "totalRevenue": "844200000", "costOfRevenue": "537100000", "costofGoodsAndServicesSold": "537100000", "operatingIncome": "134800000", "sellingGeneralAndAdministrative": "75100000", "researchAndDevelopment": "None", "operatingExpenses": "172300000", "investmentIncomeNet": "None", "netInterestIncome": "-13500000", "interestIncome": "200000", "interestExpense": "13500000", "nonInterestIncome": "None", "otherNonOperatingIncome": "1600000", "depreciation": "None", "depreciationAndAmortization": "40500000", "incomeBeforeTax": "122900000", "incomeTaxExpense": "35600000", "interestAndDebtExpense": "None", "netIncomeFromContinuingOperations": "87300000", "comprehensiveIncomeNetOfTax": "None", "ebit": "133200000", "ebitda": "173700000", "netIncome": "87100000"}, {"fiscalDateEnding": "2020-09-30", "reportedCurrency": "USD", "grossProfit": "292000000", "totalRevenue": "792700000", "costOfRevenue": "500700000", "costofGoodsAndServicesSold": "500700000", "operatingIncome": "139300000", "sellingGeneralAndAdministrative": "75000000", "researchAndDevelopment": "None", "operatingExpenses": "152700000", "investmentIncomeNet": "None", "netInterestIncome": "-9500000", "interestIncome": "100000", "interestExpense": "9600000", "nonInterestIncome": "None", "otherNonOperatingIncome": "33600000", "depreciation": "None", "depreciationAndAmortization": "39500000", "incomeBeforeTax": "163400000", "incomeTaxExpense": "53500000", "interestAndDebtExpense": "None", "netIncomeFromContinuingOperations": "109900000", "comprehensiveIncomeNetOfTax": "None", "ebit": "173000000", "ebitda": "212500000", "netIncome": "109600000"}, {"fiscalDateEnding": "2020-06-30", "reportedCurrency": "USD", "grossProfit": "296900000", "totalRevenue": "868700000", "costOfRevenue": "571800000", "costofGoodsAndServicesSold": "571800000", "operatingIncome": "161700000", "sellingGeneralAndAdministrative": "67200000", "researchAndDevelopment": "None", "operatingExpenses": "135200000", "investmentIncomeNet": "None", "netInterestIncome": "-7300000", "interestIncome": "100000", "interestExpense": "7400000", "nonInterestIncome": "None", "otherNonOperatingIncome": "2200000", "depreciation": "None", "depreciationAndAmortization": "38000000", "incomeBeforeTax": "156600000", "incomeTaxExpense": "43000000", "interestAndDebtExpense": "None", "netIncomeFromContinuingOperations": "113600000", "comprehensiveIncomeNetOfTax": "None", "ebit": "164000000", "ebitda": "202000000", "netIncome": "113300000"}, {"fiscalDateEnding": "2020-03-31", "reportedCurrency": "USD", "grossProfit": "358300000", "totalRevenue": "921500000", "costOfRevenue": "563200000", "costofGoodsAndServicesSold": "563200000", "operatingIncome": "226400000", "sellingGeneralAndAdministrative": "68200000", "researchAndDevelopment": "None", "operatingExpenses": "131900000", "investmentIncomeNet": "None", "netInterestIncome": "-7300000", "interestIncome": "700000", "interestExpense": "8000000", "nonInterestIncome": "None", "otherNonOperatingIncome": "-1600000", "depreciation": "None", "depreciationAndAmortization": "40500000", "incomeBeforeTax": "217500000", "incomeTaxExpense": "60100000", "interestAndDebtExpense": "None", "netIncomeFromContinuingOperations": "157400000", "comprehensiveIncomeNetOfTax": "None", "ebit": "225500000", "ebitda": "266000000", "netIncome": "157000000"}, {"fiscalDateEnding": "2019-12-31", "reportedCurrency": "USD", "grossProfit": "280300000", "totalRevenue": "598600000", "costOfRevenue": "318300000", "costofGoodsAndServicesSold": "318300000", "operatingIncome": "119200000", "sellingGeneralAndAdministrative": "64400000", "researchAndDevelopment": "None", "operatingExpenses": "161100000", "investmentIncomeNet": "None", "netInterestIncome": "-7800000", "interestIncome": "300000", "interestExpense": "7800000", "nonInterestIncome": "None", "otherNonOperatingIncome": "2800000", "depreciation": "None", "depreciationAndAmortization": "42800000", "incomeBeforeTax": "114200000", "incomeTaxExpense": "27900000", "interestAndDebtExpense": "None", "netIncomeFromContinuingOperations": "85200000", "comprehensiveIncomeNetOfTax": "None", "ebit": "121900000", "ebitda": "164700000", "netIncome": "86100000"}, {"fiscalDateEnding": "2019-09-30", "reportedCurrency": "USD", "grossProfit": "294000000", "totalRevenue": "675400000", "costOfRevenue": "381400000", "costofGoodsAndServicesSold": "381400000", "operatingIncome": "147400000", "sellingGeneralAndAdministrative": "67200000", "researchAndDevelopment": "None", "operatingExpenses": "146600000", "investmentIncomeNet": "None", "netInterestIncome": "-8200000", "interestIncome": "600000", "interestExpense": "8800000", "nonInterestIncome": "None", "otherNonOperatingIncome": "1700000", "depreciation": "None", "depreciationAndAmortization": "42900000", "incomeBeforeTax": "140900000", "incomeTaxExpense": "35000000", "interestAndDebtExpense": "None", "netIncomeFromContinuingOperations": "105900000", "comprehensiveIncomeNetOfTax": "None", "ebit": "149700000", "ebitda": "192600000", "netIncome": "105500000"}, {"fiscalDateEnding": "2019-06-30", "reportedCurrency": "USD", "grossProfit": "283200000", "totalRevenue": "620600000", "costOfRevenue": "337400000", "costofGoodsAndServicesSold": "337400000", "operatingIncome": "125200000", "sellingGeneralAndAdministrative": "71400000", "researchAndDevelopment": "None", "operatingExpenses": "158000000", "investmentIncomeNet": "None", "netInterestIncome": "-10000000", "interestIncome": "500000", "interestExpense": "10000000", "nonInterestIncome": "None", "otherNonOperatingIncome": "4400000", "depreciation": "None", "depreciationAndAmortization": "43700000", "incomeBeforeTax": "119600000", "incomeTaxExpense": "35100000", "interestAndDebtExpense": "None", "netIncomeFromContinuingOperations": "84500000", "comprehensiveIncomeNetOfTax": "None", "ebit": "129600000", "ebitda": "173300000", "netIncome": "87600000"}, {"fiscalDateEnding": "2019-03-31", "reportedCurrency": "USD", "grossProfit": "280500000", "totalRevenue": "602600000", "costOfRevenue": "322100000", "costofGoodsAndServicesSold": "322100000", "operatingIncome": "146500000", "sellingGeneralAndAdministrative": "64300000", "researchAndDevelopment": "None", "operatingExpenses": "134000000", "investmentIncomeNet": "None", "netInterestIncome": "-9900000", "interestIncome": "500000", "interestExpense": "10000000", "nonInterestIncome": "None", "otherNonOperatingIncome": "-8800000", "depreciation": "None", "depreciationAndAmortization": "47200000", "incomeBeforeTax": "127800000", "incomeTaxExpense": "32600000", "interestAndDebtExpense": "None", "netIncomeFromContinuingOperations": "95200000", "comprehensiveIncomeNetOfTax": "None", "ebit": "137800000", "ebitda": "185000000", "netIncome": "94600000"}, {"fiscalDateEnding": "2018-12-31", "reportedCurrency": "USD", "grossProfit": "334400000", "totalRevenue": "747700000", "costOfRevenue": "413300000", "costofGoodsAndServicesSold": "413300000", "operatingIncome": "176500000", "sellingGeneralAndAdministrative": "77100000", "researchAndDevelopment": "0", "operatingExpenses": "157900000", "investmentIncomeNet": "None", "netInterestIncome": "None", "interestIncome": "None", "interestExpense": "9700000", "nonInterestIncome": "None", "otherNonOperatingIncome": "8900000", "depreciation": "None", "depreciationAndAmortization": "49100000", "incomeBeforeTax": "175600000", "incomeTaxExpense": "37300000", "interestAndDebtExpense": "None", "netIncomeFromContinuingOperations": "138400000", "comprehensiveIncomeNetOfTax": "None", "ebit": "184000000", "ebitda": "233100000", "netIncome": "137400000"}, {"fiscalDateEnding": "2018-09-30", "reportedCurrency": "USD", "grossProfit": "270500000", "totalRevenue": "575900000", "costOfRevenue": "305400000", "costofGoodsAndServicesSold": "305400000", "operatingIncome": "126100000", "sellingGeneralAndAdministrative": "68400000", "researchAndDevelopment": "0", "operatingExpenses": "144400000", "investmentIncomeNet": "None", "netInterestIncome": "None", "interestIncome": "None", "interestExpense": "9600000", "nonInterestIncome": "None", "otherNonOperatingIncome": "-200000", "depreciation": "None", "depreciationAndAmortization": "50300000", "incomeBeforeTax": "116300000", "incomeTaxExpense": "30600000", "interestAndDebtExpense": "None", "netIncomeFromContinuingOperations": "85700000", "comprehensiveIncomeNetOfTax": "None", "ebit": "126800000", "ebitda": "177100000", "netIncome": "85000000"}, {"fiscalDateEnding": "2018-06-30", "reportedCurrency": "USD", "grossProfit": "283500000", "totalRevenue": "667500000", "costOfRevenue": "384000000", "costofGoodsAndServicesSold": "384000000", "operatingIncome": "129100000", "sellingGeneralAndAdministrative": "74700000", "researchAndDevelopment": "0", "operatingExpenses": "154400000", "investmentIncomeNet": "None", "netInterestIncome": "None", "interestIncome": "None", "interestExpense": "9700000", "nonInterestIncome": "None", "otherNonOperatingIncome": "None", "depreciation": "None", "depreciationAndAmortization": "50400000", "incomeBeforeTax": "119800000", "incomeTaxExpense": "36800000", "interestAndDebtExpense": "None", "netIncomeFromContinuingOperations": "83000000", "comprehensiveIncomeNetOfTax": "None", "ebit": "129500000", "ebitda": "179900000", "netIncome": "82400000"}, {"fiscalDateEnding": "2018-03-31", "reportedCurrency": "USD", "grossProfit": "328500000", "totalRevenue": "777700000", "costOfRevenue": "449200000", "costofGoodsAndServicesSold": "449200000", "operatingIncome": "167700000", "sellingGeneralAndAdministrative": "76900000", "researchAndDevelopment": "0", "operatingExpenses": "160800000", "investmentIncomeNet": "None", "netInterestIncome": "None", "interestIncome": "None", "interestExpense": "9600000", "nonInterestIncome": "None", "otherNonOperatingIncome": "1300000", "depreciation": "None", "depreciationAndAmortization": "54200000", "incomeBeforeTax": "159400000", "incomeTaxExpense": "41300000", "interestAndDebtExpense": "None", "netIncomeFromContinuingOperations": "118100000", "comprehensiveIncomeNetOfTax": "None", "ebit": "169000000", "ebitda": "223200000", "netIncome": "117300000"}, {"fiscalDateEnding": "2017-12-31", "reportedCurrency": "USD", "grossProfit": "265600000", "totalRevenue": "620700000", "costOfRevenue": "355100000", "costofGoodsAndServicesSold": "355100000", "operatingIncome": "108700000", "sellingGeneralAndAdministrative": "70300000", "researchAndDevelopment": "0", "operatingExpenses": "156900000", "investmentIncomeNet": "None", "netInterestIncome": "None", "interestIncome": "None", "interestExpense": "10400000", "nonInterestIncome": "None", "otherNonOperatingIncome": "5800000", "depreciation": "None", "depreciationAndAmortization": "55900000", "incomeBeforeTax": "104100000", "incomeTaxExpense": "-153000000", "interestAndDebtExpense": "None", "netIncomeFromContinuingOperations": "257100000", "comprehensiveIncomeNetOfTax": "None", "ebit": "114100000", "ebitda": "170000000", "netIncome": "254600000"}, {"fiscalDateEnding": "2017-09-30", "reportedCurrency": "USD", "grossProfit": "269700000", "totalRevenue": "611400000", "costOfRevenue": "341700000", "costofGoodsAndServicesSold": "341700000", "operatingIncome": "119300000", "sellingGeneralAndAdministrative": "68000000", "researchAndDevelopment": "0", "operatingExpenses": "150400000", "investmentIncomeNet": "None", "netInterestIncome": "None", "interestIncome": "None", "interestExpense": "10800000", "nonInterestIncome": "None", "otherNonOperatingIncome": "-2900000", "depreciation": "None", "depreciationAndAmortization": "55400000", "incomeBeforeTax": "105900000", "incomeTaxExpense": "45600000", "interestAndDebtExpense": "None", "netIncomeFromContinuingOperations": "60300000", "comprehensiveIncomeNetOfTax": "None", "ebit": "116700000", "ebitda": "172100000", "netIncome": "59700000"}, {"fiscalDateEnding": "2017-06-30", "reportedCurrency": "USD", "grossProfit": "266900000", "totalRevenue": "640800000", "costOfRevenue": "373900000", "costofGoodsAndServicesSold": "373900000", "operatingIncome": "117800000", "sellingGeneralAndAdministrative": "66900000", "researchAndDevelopment": "0", "operatingExpenses": "149100000", "investmentIncomeNet": "None", "netInterestIncome": "None", "interestIncome": "None", "interestExpense": "11100000", "nonInterestIncome": "None", "otherNonOperatingIncome": "800000", "depreciation": "None", "depreciationAndAmortization": "55800000", "incomeBeforeTax": "106100000", "incomeTaxExpense": "38100000", "interestAndDebtExpense": "None", "netIncomeFromContinuingOperations": "68000000", "comprehensiveIncomeNetOfTax": "None", "ebit": "117200000", "ebitda": "173000000", "netIncome": "67300000"}, {"fiscalDateEnding": "2017-03-31", "reportedCurrency": "USD", "grossProfit": "193400000", "totalRevenue": "356200000", "costOfRevenue": "162800000", "costofGoodsAndServicesSold": "162800000", "operatingIncome": "26100000", "sellingGeneralAndAdministrative": "62200000", "researchAndDevelopment": "0", "operatingExpenses": "167300000", "investmentIncomeNet": "None", "netInterestIncome": "None", "interestIncome": "None", "interestExpense": "7900000", "nonInterestIncome": "None", "otherNonOperatingIncome": "100000", "depreciation": "None", "depreciationAndAmortization": "25100000", "incomeBeforeTax": "18300000", "incomeTaxExpense": "3100000", "interestAndDebtExpense": "None", "netIncomeFromContinuingOperations": "15200000", "comprehensiveIncomeNetOfTax": "None", "ebit": "25900000", "ebitda": "51000000", "netIncome": "15100000"}, {"fiscalDateEnding": "2016-12-31", "reportedCurrency": "USD", "grossProfit": "154976000", "totalRevenue": "163241000", "costOfRevenue": "20104000", "costofGoodsAndServicesSold": "20104000", "operatingIncome": "75102000", "sellingGeneralAndAdministrative": "57957000", "researchAndDevelopment": "0", "operatingExpenses": "79874000", "investmentIncomeNet": "None", "netInterestIncome": "None", "interestIncome": "None", "interestExpense": "5515000", "nonInterestIncome": "None", "otherNonOperatingIncome": "-115000", "depreciation": "None", "depreciationAndAmortization": "10087000", "incomeBeforeTax": "74986000", "incomeTaxExpense": "29825000", "interestAndDebtExpense": "None", "netIncomeFromContinuingOperations": "45162000", "comprehensiveIncomeNetOfTax": "None", "ebit": "80502000", "ebitda": "90589000", "netIncome": "44971000"}, {"fiscalDateEnding": "2016-09-30", "reportedCurrency": "USD", "grossProfit": "136200000", "totalRevenue": "156207000", "costOfRevenue": "32500000", "costofGoodsAndServicesSold": "32500000", "operatingIncome": "65800000", "sellingGeneralAndAdministrative": "41000000", "researchAndDevelopment": "0", "operatingExpenses": "70400000", "investmentIncomeNet": "None", "netInterestIncome": "None", "interestIncome": "None", "interestExpense": "200000", "nonInterestIncome": "None", "otherNonOperatingIncome": "1686000", "depreciation": "None", "depreciationAndAmortization": "10200000", "incomeBeforeTax": "67336000", "incomeTaxExpense": "26885000", "interestAndDebtExpense": "None", "netIncomeFromContinuingOperations": "40451000", "comprehensiveIncomeNetOfTax": "None", "ebit": "67600000", "ebitda": "77800000", "netIncome": "40300000"}, {"fiscalDateEnding": "2016-06-30", "reportedCurrency": "USD", "grossProfit": "144100000", "totalRevenue": "163329000", "costOfRevenue": "29000000", "costofGoodsAndServicesSold": "29000000", "operatingIncome": "78000000", "sellingGeneralAndAdministrative": "43200000", "researchAndDevelopment": "0", "operatingExpenses": "66100000", "investmentIncomeNet": "None", "netInterestIncome": "None", "interestIncome": "None", "interestExpense": "28000", "nonInterestIncome": "None", "otherNonOperatingIncome": "5847000", "depreciation": "None", "depreciationAndAmortization": "12300000", "incomeBeforeTax": "83814000", "incomeTaxExpense": "32883000", "interestAndDebtExpense": "None", "netIncomeFromContinuingOperations": "50931000", "comprehensiveIncomeNetOfTax": "None", "ebit": "83800000", "ebitda": "96100000", "netIncome": "50700000"}, {"fiscalDateEnding": "2016-03-31", "reportedCurrency": "USD", "grossProfit": "143100000", "totalRevenue": "162330000", "costOfRevenue": "27400000", "costofGoodsAndServicesSold": "27400000", "operatingIncome": "79500000", "sellingGeneralAndAdministrative": "40700000", "researchAndDevelopment": "0", "operatingExpenses": "63600000", "investmentIncomeNet": "None", "netInterestIncome": "None", "interestIncome": "None", "interestExpense": "27000", "nonInterestIncome": "None", "otherNonOperatingIncome": "986000", "depreciation": "None", "depreciationAndAmortization": "11900000", "incomeBeforeTax": "80467000", "incomeTaxExpense": "31291000", "interestAndDebtExpense": "None", "netIncomeFromContinuingOperations": "49176000", "comprehensiveIncomeNetOfTax": "None", "ebit": "80500000", "ebitda": "92400000", "netIncome": "49200000"}, {"fiscalDateEnding": "2015-12-31", "reportedCurrency": "USD", "grossProfit": "138116000", "totalRevenue": "155946000", "costOfRevenue": "17830000", "costofGoodsAndServicesSold": "17830000", "operatingIncome": "75894000", "sellingGeneralAndAdministrative": "39664000", "researchAndDevelopment": "0", "operatingExpenses": "62222000", "investmentIncomeNet": "None", "netInterestIncome": "None", "interestIncome": "None", "interestExpense": "27000", "nonInterestIncome": "None", "otherNonOperatingIncome": "3770000", "depreciation": "None", "depreciationAndAmortization": "12225000", "incomeBeforeTax": "79664000", "incomeTaxExpense": "29262000", "interestAndDebtExpense": "None", "netIncomeFromContinuingOperations": "50403000", "comprehensiveIncomeNetOfTax": "None", "ebit": "79691000", "ebitda": "91916000", "netIncome": "50180000"}, {"fiscalDateEnding": "2015-09-30", "reportedCurrency": "USD", "grossProfit": "165195000", "totalRevenue": "187035000", "costOfRevenue": "21840000", "costofGoodsAndServicesSold": "21840000", "operatingIncome": "101110000", "sellingGeneralAndAdministrative": "42202000", "researchAndDevelopment": "0", "operatingExpenses": "64085000", "investmentIncomeNet": "None", "netInterestIncome": "None", "interestIncome": "None", "interestExpense": "16000", "nonInterestIncome": "None", "otherNonOperatingIncome": "341000", "depreciation": "None", "depreciationAndAmortization": "12417000", "incomeBeforeTax": "101451000", "incomeTaxExpense": "33935000", "interestAndDebtExpense": "None", "netIncomeFromContinuingOperations": "67516000", "comprehensiveIncomeNetOfTax": "None", "ebit": "101467000", "ebitda": "113884000", "netIncome": "67219000"}, {"fiscalDateEnding": "2015-06-30", "reportedCurrency": "USD", "grossProfit": "131970000", "totalRevenue": "148725000", "costOfRevenue": "16755000", "costofGoodsAndServicesSold": "16755000", "operatingIncome": "73370000", "sellingGeneralAndAdministrative": "36730000", "researchAndDevelopment": "0", "operatingExpenses": "58600000", "investmentIncomeNet": "None", "netInterestIncome": "None", "interestIncome": "None", "interestExpense": "0", "nonInterestIncome": "None", "otherNonOperatingIncome": "261000", "depreciation": "None", "depreciationAndAmortization": "11300000", "incomeBeforeTax": "73631000", "incomeTaxExpense": "28786000", "interestAndDebtExpense": "None", "netIncomeFromContinuingOperations": "44845000", "comprehensiveIncomeNetOfTax": "None", "ebit": "73631000", "ebitda": "84931000", "netIncome": "44646000"}, {"fiscalDateEnding": "2015-03-31", "reportedCurrency": "USD", "grossProfit": "128689000", "totalRevenue": "142839000", "costOfRevenue": "14150000", "costofGoodsAndServicesSold": "14150000", "operatingIncome": "69553000", "sellingGeneralAndAdministrative": "37389000", "researchAndDevelopment": "0", "operatingExpenses": "59136000", "investmentIncomeNet": "None", "netInterestIncome": "None", "interestIncome": "None", "interestExpense": "0", "nonInterestIncome": "None", "otherNonOperatingIncome": "-276000", "depreciation": "None", "depreciationAndAmortization": "10413000", "incomeBeforeTax": "69277000", "incomeTaxExpense": "27018000", "interestAndDebtExpense": "None", "netIncomeFromContinuingOperations": "42259000", "comprehensiveIncomeNetOfTax": "None", "ebit": "69277000", "ebitda": "79690000", "netIncome": "42079000"}, {"fiscalDateEnding": "2014-12-31", "reportedCurrency": "USD", "grossProfit": "147222000", "totalRevenue": "166487000", "costOfRevenue": "19266000", "costofGoodsAndServicesSold": "19266000", "operatingIncome": "86962000", "sellingGeneralAndAdministrative": "29356000", "researchAndDevelopment": "0", "operatingExpenses": "60260000", "investmentIncomeNet": "None", "netInterestIncome": "None", "interestIncome": "None", "interestExpense": "5700000", "nonInterestIncome": "None", "otherNonOperatingIncome": "-3017000", "depreciation": "None", "depreciationAndAmortization": "11080000", "incomeBeforeTax": "83945000", "incomeTaxExpense": "34603000", "interestAndDebtExpense": "None", "netIncomeFromContinuingOperations": "49343000", "comprehensiveIncomeNetOfTax": "None", "ebit": "86962000", "ebitda": "98042000", "netIncome": "49119000"}, {"fiscalDateEnding": "2014-09-30", "reportedCurrency": "USD", "grossProfit": "132675000", "totalRevenue": "148910000", "costOfRevenue": "16235000", "costofGoodsAndServicesSold": "16235000", "operatingIncome": "75084000", "sellingGeneralAndAdministrative": "36902000", "researchAndDevelopment": "0", "operatingExpenses": "57591000", "investmentIncomeNet": "None", "netInterestIncome": "None", "interestIncome": "None", "interestExpense": "0", "nonInterestIncome": "None", "otherNonOperatingIncome": "-271000", "depreciation": "None", "depreciationAndAmortization": "10372000", "incomeBeforeTax": "74813000", "incomeTaxExpense": "26447000", "interestAndDebtExpense": "None", "netIncomeFromContinuingOperations": "48366000", "comprehensiveIncomeNetOfTax": "None", "ebit": "74813000", "ebitda": "85185000", "netIncome": "48146000"}, {"fiscalDateEnding": "2014-06-30", "reportedCurrency": "USD", "grossProfit": "129235000", "totalRevenue": "143942000", "costOfRevenue": "14707000", "costofGoodsAndServicesSold": "14707000", "operatingIncome": "69716000", "sellingGeneralAndAdministrative": "38161000", "researchAndDevelopment": "0", "operatingExpenses": "59519000", "investmentIncomeNet": "None", "netInterestIncome": "None", "interestIncome": "None", "interestExpense": "0", "nonInterestIncome": "None", "otherNonOperatingIncome": "-321000", "depreciation": "None", "depreciationAndAmortization": "9926000", "incomeBeforeTax": "69395000", "incomeTaxExpense": "26414000", "interestAndDebtExpense": "None", "netIncomeFromContinuingOperations": "42981000", "comprehensiveIncomeNetOfTax": "None", "ebit": "69716000", "ebitda": "79642000", "netIncome": "42598000"}, {"fiscalDateEnding": "2014-03-31", "reportedCurrency": "USD", "grossProfit": "141983000", "totalRevenue": "157885000", "costOfRevenue": "15902000", "costofGoodsAndServicesSold": "15902000", "operatingIncome": "82038000", "sellingGeneralAndAdministrative": "40752000", "researchAndDevelopment": "0", "operatingExpenses": "59945000", "investmentIncomeNet": "None", "netInterestIncome": "None", "interestIncome": "None", "interestExpense": "0", "nonInterestIncome": "None", "otherNonOperatingIncome": "-495000", "depreciation": "None", "depreciationAndAmortization": "8622000", "incomeBeforeTax": "81543000", "incomeTaxExpense": "32519000", "interestAndDebtExpense": "None", "netIncomeFromContinuingOperations": "49024000", "comprehensiveIncomeNetOfTax": "None", "ebit": "82038000", "ebitda": "90660000", "netIncome": "48528000"}, {"fiscalDateEnding": "2013-12-31", "reportedCurrency": "USD", "grossProfit": "126785000", "totalRevenue": "141830000", "costOfRevenue": "15045000", "costofGoodsAndServicesSold": "15045000", "operatingIncome": "72599000", "sellingGeneralAndAdministrative": "28058000", "researchAndDevelopment": "0", "operatingExpenses": "54186000", "investmentIncomeNet": "None", "netInterestIncome": "None", "interestIncome": "None", "interestExpense": "0", "nonInterestIncome": "None", "otherNonOperatingIncome": "-447000", "depreciation": "None", "depreciationAndAmortization": "9136000", "incomeBeforeTax": "72153000", "incomeTaxExpense": "26043000", "interestAndDebtExpense": "None", "netIncomeFromContinuingOperations": "46109000", "comprehensiveIncomeNetOfTax": "None", "ebit": "70441000", "ebitda": "79577000", "netIncome": "45643000"}, {"fiscalDateEnding": "2013-09-30", "reportedCurrency": "USD", "grossProfit": "122899000", "totalRevenue": "136743000", "costOfRevenue": "13844000", "costofGoodsAndServicesSold": "13844000", "operatingIncome": "68427000", "sellingGeneralAndAdministrative": "27951000", "researchAndDevelopment": "0", "operatingExpenses": "54472000", "investmentIncomeNet": "None", "netInterestIncome": "None", "interestIncome": "None", "interestExpense": "0", "nonInterestIncome": "None", "otherNonOperatingIncome": "-517000", "depreciation": "None", "depreciationAndAmortization": "8504000", "incomeBeforeTax": "67910000", "incomeTaxExpense": "26554000", "interestAndDebtExpense": "None", "netIncomeFromContinuingOperations": "41356000", "comprehensiveIncomeNetOfTax": "None", "ebit": "68427000", "ebitda": "76931000", "netIncome": "40955000"}, {"fiscalDateEnding": "2013-06-30", "reportedCurrency": "USD", "grossProfit": "136254000", "totalRevenue": "150772000", "costOfRevenue": "14518000", "costofGoodsAndServicesSold": "14518000", "operatingIncome": "75358000", "sellingGeneralAndAdministrative": "31237000", "researchAndDevelopment": "0", "operatingExpenses": "60896000", "investmentIncomeNet": "None", "netInterestIncome": "None", "interestIncome": "None", "interestExpense": "0", "nonInterestIncome": "None", "otherNonOperatingIncome": "-473000", "depreciation": "None", "depreciationAndAmortization": "8651000", "incomeBeforeTax": "74885000", "incomeTaxExpense": "28724000", "interestAndDebtExpense": "None", "netIncomeFromContinuingOperations": "46161000", "comprehensiveIncomeNetOfTax": "None", "ebit": "75358000", "ebitda": "84009000", "netIncome": "45477000"}, {"fiscalDateEnding": "2013-03-31", "reportedCurrency": "USD", "grossProfit": "129536000", "totalRevenue": "142705000", "costOfRevenue": "13169000", "costofGoodsAndServicesSold": "13169000", "operatingIncome": "69430000", "sellingGeneralAndAdministrative": "30837000", "researchAndDevelopment": "0", "operatingExpenses": "60106000", "investmentIncomeNet": "None", "netInterestIncome": "None", "interestIncome": "None", "interestExpense": "0", "nonInterestIncome": "None", "otherNonOperatingIncome": "-721000", "depreciation": "None", "depreciationAndAmortization": "8311000", "incomeBeforeTax": "68709000", "incomeTaxExpense": "26336000", "interestAndDebtExpense": "None", "netIncomeFromContinuingOperations": "42373000", "comprehensiveIncomeNetOfTax": "None", "ebit": "69430000", "ebitda": "77741000", "netIncome": "41789000"}, {"fiscalDateEnding": "2012-12-31", "reportedCurrency": "USD", "grossProfit": "83942000", "totalRevenue": "130077000", "costOfRevenue": "46135000", "costofGoodsAndServicesSold": "46135000", "operatingIncome": "59751000", "sellingGeneralAndAdministrative": "65525000", "researchAndDevelopment": "0", "operatingExpenses": "24191000", "investmentIncomeNet": "None", "netInterestIncome": "None", "interestIncome": "None", "interestExpense": "89000", "nonInterestIncome": "None", "otherNonOperatingIncome": "-355000", "depreciation": "None", "depreciationAndAmortization": "6233000", "incomeBeforeTax": "59399000", "incomeTaxExpense": "19674000", "interestAndDebtExpense": "None", "netIncomeFromContinuingOperations": "39724000", "comprehensiveIncomeNetOfTax": "None", "ebit": "59398000", "ebitda": "65631000", "netIncome": "39273000"}, {"fiscalDateEnding": "2012-09-30", "reportedCurrency": "USD", "grossProfit": "117015000", "totalRevenue": "128319000", "costOfRevenue": "11304000", "costofGoodsAndServicesSold": "11304000", "operatingIncome": "60861000", "sellingGeneralAndAdministrative": "27166000", "researchAndDevelopment": "0", "operatingExpenses": "56154000", "investmentIncomeNet": "None", "netInterestIncome": "None", "interestIncome": "None", "interestExpense": "0", "nonInterestIncome": "None", "otherNonOperatingIncome": "-327000", "depreciation": "None", "depreciationAndAmortization": "8656000", "incomeBeforeTax": "60534000", "incomeTaxExpense": "14776000", "interestAndDebtExpense": "None", "netIncomeFromContinuingOperations": "45758000", "comprehensiveIncomeNetOfTax": "None", "ebit": "60861000", "ebitda": "69517000", "netIncome": "45243000"}, {"fiscalDateEnding": "2012-06-30", "reportedCurrency": "USD", "grossProfit": "120548000", "totalRevenue": "132549000", "costOfRevenue": "12001000", "costofGoodsAndServicesSold": "12001000", "operatingIncome": "66069000", "sellingGeneralAndAdministrative": "25300000", "researchAndDevelopment": "0", "operatingExpenses": "54479000", "investmentIncomeNet": "None", "netInterestIncome": "None", "interestIncome": "None", "interestExpense": "0", "nonInterestIncome": "None", "otherNonOperatingIncome": "-411000", "depreciation": "None", "depreciationAndAmortization": "8342000", "incomeBeforeTax": "65658000", "incomeTaxExpense": "27162000", "interestAndDebtExpense": "None", "netIncomeFromContinuingOperations": "38496000", "comprehensiveIncomeNetOfTax": "None", "ebit": "66069000", "ebitda": "74411000", "netIncome": "37903000"}, {"fiscalDateEnding": "2012-03-31", "reportedCurrency": "USD", "grossProfit": "110201000", "totalRevenue": "121392000", "costOfRevenue": "11191000", "costofGoodsAndServicesSold": "11191000", "operatingIncome": "57415000", "sellingGeneralAndAdministrative": "25290000", "researchAndDevelopment": "0", "operatingExpenses": "52786000", "investmentIncomeNet": "None", "netInterestIncome": "None", "interestIncome": "None", "interestExpense": "0", "nonInterestIncome": "None", "otherNonOperatingIncome": "-453000", "depreciation": "None", "depreciationAndAmortization": "8342000", "incomeBeforeTax": "56962000", "incomeTaxExpense": "23545000", "interestAndDebtExpense": "None", "netIncomeFromContinuingOperations": "33417000", "comprehensiveIncomeNetOfTax": "None", "ebit": "57415000", "ebitda": "65757000", "netIncome": "32863000"}, {"fiscalDateEnding": "2011-12-31", "reportedCurrency": "USD", "grossProfit": "120209000", "totalRevenue": "120209000", "costOfRevenue": "60022000", "costofGoodsAndServicesSold": "60022000", "operatingIncome": "52681000", "sellingGeneralAndAdministrative": "58745000", "researchAndDevelopment": "0", "operatingExpenses": "67528000", "investmentIncomeNet": "None", "netInterestIncome": "None", "interestIncome": "None", "interestExpense": "206000", "nonInterestIncome": "None", "otherNonOperatingIncome": "None", "depreciation": "None", "depreciationAndAmortization": "7529000", "incomeBeforeTax": "52337000", "incomeTaxExpense": "20530000", "interestAndDebtExpense": "None", "netIncomeFromContinuingOperations": "0", "comprehensiveIncomeNetOfTax": "None", "ebit": "52543000", "ebitda": "60072000", "netIncome": "31277000"}, {"fiscalDateEnding": "2011-09-30", "reportedCurrency": "USD", "grossProfit": "143604000", "totalRevenue": "143604000", "costOfRevenue": "59743000", "costofGoodsAndServicesSold": "59743000", "operatingIncome": "74966000", "sellingGeneralAndAdministrative": "54616000", "researchAndDevelopment": "0", "operatingExpenses": "68638000", "investmentIncomeNet": "None", "netInterestIncome": "None", "interestIncome": "None", "interestExpense": "226000", "nonInterestIncome": "None", "otherNonOperatingIncome": "-401000", "depreciation": "None", "depreciationAndAmortization": "8918000", "incomeBeforeTax": "74565000", "incomeTaxExpense": "33238000", "interestAndDebtExpense": "None", "netIncomeFromContinuingOperations": "41327000", "comprehensiveIncomeNetOfTax": "None", "ebit": "74791000", "ebitda": "83709000", "netIncome": "40597000"}, {"fiscalDateEnding": "2011-06-30", "reportedCurrency": "USD", "grossProfit": "120290000", "totalRevenue": "120290000", "costOfRevenue": "54842000", "costofGoodsAndServicesSold": "54842000", "operatingIncome": "56452000", "sellingGeneralAndAdministrative": "50740000", "researchAndDevelopment": "0", "operatingExpenses": "63838000", "investmentIncomeNet": "None", "netInterestIncome": "None", "interestIncome": "None", "interestExpense": "223000", "nonInterestIncome": "None", "otherNonOperatingIncome": "-162000", "depreciation": "None", "depreciationAndAmortization": "9019000", "incomeBeforeTax": "56290000", "incomeTaxExpense": "22889000", "interestAndDebtExpense": "None", "netIncomeFromContinuingOperations": "33401000", "comprehensiveIncomeNetOfTax": "None", "ebit": "56513000", "ebitda": "65532000", "netIncome": "32609000"}, {"fiscalDateEnding": "2011-03-31", "reportedCurrency": "USD", "grossProfit": "124042000", "totalRevenue": "124042000", "costOfRevenue": "57811000", "costofGoodsAndServicesSold": "57811000", "operatingIncome": "57535000", "sellingGeneralAndAdministrative": "51066000", "researchAndDevelopment": "0", "operatingExpenses": "66507000", "investmentIncomeNet": "None", "netInterestIncome": "None", "interestIncome": "None", "interestExpense": "225000", "nonInterestIncome": "None", "otherNonOperatingIncome": "None", "depreciation": "None", "depreciationAndAmortization": "8718000", "incomeBeforeTax": "56892000", "incomeTaxExpense": "24021000", "interestAndDebtExpense": "None", "netIncomeFromContinuingOperations": "0", "comprehensiveIncomeNetOfTax": "None", "ebit": "57117000", "ebitda": "65835000", "netIncome": "32089000"}, {"fiscalDateEnding": "2010-12-31", "reportedCurrency": "USD", "grossProfit": "117391000", "totalRevenue": "117391000", "costOfRevenue": "57347000", "costofGoodsAndServicesSold": "57347000", "operatingIncome": "51854000", "sellingGeneralAndAdministrative": "56280000", "researchAndDevelopment": "0", "operatingExpenses": "65537000", "investmentIncomeNet": "None", "netInterestIncome": "None", "interestIncome": "None", "interestExpense": "225000", "nonInterestIncome": "None", "otherNonOperatingIncome": "None", "depreciation": "None", "depreciationAndAmortization": "8207000", "incomeBeforeTax": "49956000", "incomeTaxExpense": "18579000", "interestAndDebtExpense": "None", "netIncomeFromContinuingOperations": "0", "comprehensiveIncomeNetOfTax": "None", "ebit": "50181000", "ebitda": "58388000", "netIncome": "31377000"}, {"fiscalDateEnding": "2010-09-30", "reportedCurrency": "USD", "grossProfit": "106015000", "totalRevenue": "106015000", "costOfRevenue": "63983000", "costofGoodsAndServicesSold": "63983000", "operatingIncome": "34933000", "sellingGeneralAndAdministrative": "63202000", "researchAndDevelopment": "0", "operatingExpenses": "71082000", "investmentIncomeNet": "None", "netInterestIncome": "None", "interestIncome": "None", "interestExpense": "225000", "nonInterestIncome": "None", "otherNonOperatingIncome": "None", "depreciation": "None", "depreciationAndAmortization": "7117000", "incomeBeforeTax": "34698000", "incomeTaxExpense": "14244000", "interestAndDebtExpense": "None", "netIncomeFromContinuingOperations": "0", "comprehensiveIncomeNetOfTax": "None", "ebit": "34923000", "ebitda": "42040000", "netIncome": "20020000"}, {"fiscalDateEnding": "2010-06-30", "reportedCurrency": "USD", "grossProfit": "112618000", "totalRevenue": "112618000", "costOfRevenue": "63491000", "costofGoodsAndServicesSold": "63491000", "operatingIncome": "41826000", "sellingGeneralAndAdministrative": "61218000", "researchAndDevelopment": "0", "operatingExpenses": "70792000", "investmentIncomeNet": "None", "netInterestIncome": "None", "interestIncome": "None", "interestExpense": "224000", "nonInterestIncome": "None", "otherNonOperatingIncome": "None", "depreciation": "None", "depreciationAndAmortization": "7318000", "incomeBeforeTax": "41568000", "incomeTaxExpense": "16678000", "interestAndDebtExpense": "None", "netIncomeFromContinuingOperations": "0", "comprehensiveIncomeNetOfTax": "None", "ebit": "41792000", "ebitda": "49110000", "netIncome": "24779000"}, {"fiscalDateEnding": "2010-03-31", "reportedCurrency": "USD", "grossProfit": "101081000", "totalRevenue": "101081000", "costOfRevenue": "55051000", "costofGoodsAndServicesSold": "55051000", "operatingIncome": "38729000", "sellingGeneralAndAdministrative": "54306000", "researchAndDevelopment": "0", "operatingExpenses": "62352000", "investmentIncomeNet": "None", "netInterestIncome": "None", "interestIncome": "None", "interestExpense": "222000", "nonInterestIncome": "None", "otherNonOperatingIncome": "None", "depreciation": "None", "depreciationAndAmortization": "7318000", "incomeBeforeTax": "38402000", "incomeTaxExpense": "15726000", "interestAndDebtExpense": "None", "netIncomeFromContinuingOperations": "0", "comprehensiveIncomeNetOfTax": "None", "ebit": "38624000", "ebitda": "45942000", "netIncome": "22676000"}, {"fiscalDateEnding": "2009-12-31", "reportedCurrency": "USD", "grossProfit": "120833000", "totalRevenue": "120833000", "costOfRevenue": "55207000", "costofGoodsAndServicesSold": "55207000", "operatingIncome": "56681000", "sellingGeneralAndAdministrative": "55876000", "researchAndDevelopment": "0", "operatingExpenses": "64152000", "investmentIncomeNet": "None", "netInterestIncome": "None", "interestIncome": "None", "interestExpense": "220000", "nonInterestIncome": "None", "otherNonOperatingIncome": "None", "depreciation": "None", "depreciationAndAmortization": "6874000", "incomeBeforeTax": "56572000", "incomeTaxExpense": "21668000", "interestAndDebtExpense": "None", "netIncomeFromContinuingOperations": "0", "comprehensiveIncomeNetOfTax": "None", "ebit": "56792000", "ebitda": "63666000", "netIncome": "34904000"}, {"fiscalDateEnding": "2009-09-30", "reportedCurrency": "USD", "grossProfit": "98199000", "totalRevenue": "98199000", "costOfRevenue": "58312000", "costofGoodsAndServicesSold": "58312000", "operatingIncome": "33002000", "sellingGeneralAndAdministrative": "57272000", "researchAndDevelopment": "0", "operatingExpenses": "65197000", "investmentIncomeNet": "None", "netInterestIncome": "None", "interestIncome": "None", "interestExpense": "220000", "nonInterestIncome": "None", "otherNonOperatingIncome": "None", "depreciation": "None", "depreciationAndAmortization": "6900000", "incomeBeforeTax": "32776000", "incomeTaxExpense": "13616000", "interestAndDebtExpense": "None", "netIncomeFromContinuingOperations": "0", "comprehensiveIncomeNetOfTax": "None", "ebit": "32996000", "ebitda": "39896000", "netIncome": "19160000"}, {"fiscalDateEnding": "2009-06-30", "reportedCurrency": "USD", "grossProfit": "108985000", "totalRevenue": "108985000", "costOfRevenue": "54517000", "costofGoodsAndServicesSold": "54517000", "operatingIncome": "47582000", "sellingGeneralAndAdministrative": "53501000", "researchAndDevelopment": "0", "operatingExpenses": "61403000", "investmentIncomeNet": "None", "netInterestIncome": "None", "interestIncome": "None", "interestExpense": "218000", "nonInterestIncome": "None", "otherNonOperatingIncome": "None", "depreciation": "None", "depreciationAndAmortization": "7044000", "incomeBeforeTax": "47493000", "incomeTaxExpense": "19384000", "interestAndDebtExpense": "None", "netIncomeFromContinuingOperations": "0", "comprehensiveIncomeNetOfTax": "None", "ebit": "47711000", "ebitda": "54755000", "netIncome": "28109000"}, {"fiscalDateEnding": "2009-03-31", "reportedCurrency": "USD", "grossProfit": "98067000", "totalRevenue": "98067000", "costOfRevenue": "50863000", "costofGoodsAndServicesSold": "50863000", "operatingIncome": "40320000", "sellingGeneralAndAdministrative": "48703000", "researchAndDevelopment": "0", "operatingExpenses": "57747000", "investmentIncomeNet": "None", "netInterestIncome": "None", "interestIncome": "None", "interestExpense": "217000", "nonInterestIncome": "None", "otherNonOperatingIncome": "None", "depreciation": "None", "depreciationAndAmortization": "6907000", "incomeBeforeTax": "40389000", "incomeTaxExpense": "16111000", "interestAndDebtExpense": "None", "netIncomeFromContinuingOperations": "0", "comprehensiveIncomeNetOfTax": "None", "ebit": "40606000", "ebitda": "47513000", "netIncome": "24278000"}]}