{"symbol": "WELL", "annualReports": [{"fiscalDateEnding": "2025-12-31", "reportedCurrency": "USD", "grossProfit": "2265085000", "totalRevenue": "10838034000", "costOfRevenue": "8572949000", "costofGoodsAndServicesSold": "8572949000", "operatingIncome": "526066000", "sellingGeneralAndAdministrative": "1748435000", "researchAndDevelopment": "None", "operatingExpenses": "6488081000", "investmentIncomeNet": "None", "netInterestIncome": "-651955000", "interestIncome": "None", "interestExpense": "651955000", "nonInterestIncome": "None", "otherNonOperatingIncome": "None", "depreciation": "None", "depreciationAndAmortization": "2084868000", "incomeBeforeTax": "-494322000", "incomeTaxExpense": "-7116000", "interestAndDebtExpense": "None", "netIncomeFromContinuingOperations": "961837000", "comprehensiveIncomeNetOfTax": "None", "ebit": "526066000", "ebitda": "2610934000", "netIncome": "936845000"}, {"fiscalDateEnding": "2024-12-31", "reportedCurrency": "USD", "grossProfit": "3023407000", "totalRevenue": "7853618000", "costOfRevenue": "4830211000", "costofGoodsAndServicesSold": "4830211000", "operatingIncome": "1145698000", "sellingGeneralAndAdministrative": "235491000", "researchAndDevelopment": "None", "operatingExpenses": "1877709000", "investmentIncomeNet": "None", "netInterestIncome": "-574261000", "interestIncome": "None", "interestExpense": "574261000", "nonInterestIncome": "None", "otherNonOperatingIncome": "None", "depreciation": "None", "depreciationAndAmortization": "1679633000", "incomeBeforeTax": "975557000", "incomeTaxExpense": "2700000", "interestAndDebtExpense": "None", "netIncomeFromContinuingOperations": "972857000", "comprehensiveIncomeNetOfTax": "None", "ebit": "1098703000", "ebitda": "2778336000", "netIncome": "951680000"}, {"fiscalDateEnding": "2023-12-31", "reportedCurrency": "USD", "grossProfit": "2530455000", "totalRevenue": "6478231000", "costOfRevenue": "3947776000", "costofGoodsAndServicesSold": "3947776000", "operatingIncome": "940454000", "sellingGeneralAndAdministrative": "179091000", "researchAndDevelopment": "0.05", "operatingExpenses": "1590001000", "investmentIncomeNet": "None", "netInterestIncome": "-593663000", "interestIncome": "None", "interestExpense": "607846000", "nonInterestIncome": "None", "otherNonOperatingIncome": "None", "depreciation": "None", "depreciationAndAmortization": "1443217000", "incomeBeforeTax": "364503000", "incomeTaxExpense": "6364000", "interestAndDebtExpense": "None", "netIncomeFromContinuingOperations": "271497000", "comprehensiveIncomeNetOfTax": "None", "ebit": "957893000", "ebitda": "2401110000", "netIncome": "340094000"}, {"fiscalDateEnding": "2022-12-31", "reportedCurrency": "USD", "grossProfit": "2217298000", "totalRevenue": "5776068000", "costOfRevenue": "3558770000", "costofGoodsAndServicesSold": "3558770000", "operatingIncome": "746220000", "sellingGeneralAndAdministrative": "150390000", "researchAndDevelopment": "0.03", "operatingExpenses": "1471078000", "investmentIncomeNet": "None", "netInterestIncome": "-529519000", "interestIncome": "None", "interestExpense": "529519000", "nonInterestIncome": "None", "otherNonOperatingIncome": "3767000", "depreciation": "None", "depreciationAndAmortization": "1336909000", "incomeBeforeTax": "167815000", "incomeTaxExpense": "7247000", "interestAndDebtExpense": "None", "netIncomeFromContinuingOperations": "160568000", "comprehensiveIncomeNetOfTax": "None", "ebit": "702581000", "ebitda": "2039490000", "netIncome": "141214000"}, {"fiscalDateEnding": "2021-12-31", "reportedCurrency": "USD", "grossProfit": "1934919000", "totalRevenue": "4709481000", "costOfRevenue": "2774562000", "costofGoodsAndServicesSold": "2774562000", "operatingIncome": "763356000", "sellingGeneralAndAdministrative": "126727000", "researchAndDevelopment": "0.04", "operatingExpenses": "1171563000", "investmentIncomeNet": "None", "netInterestIncome": "-489853000", "interestIncome": "None", "interestExpense": "489853000", "nonInterestIncome": "None", "otherNonOperatingIncome": "296722000", "depreciation": "None", "depreciationAndAmortization": "1053178000", "incomeBeforeTax": "383192000", "incomeTaxExpense": "8713000", "interestAndDebtExpense": "None", "netIncomeFromContinuingOperations": "374479000", "comprehensiveIncomeNetOfTax": "None", "ebit": "660603000", "ebitda": "1713781000", "netIncome": "336138000"}, {"fiscalDateEnding": "2020-12-31", "reportedCurrency": "USD", "grossProfit": "1988715000", "totalRevenue": "4586538000", "costOfRevenue": "2597823000", "costofGoodsAndServicesSold": "2597823000", "operatingIncome": "727448000", "sellingGeneralAndAdministrative": "128394000", "researchAndDevelopment": "0.01", "operatingExpenses": "1261267000", "investmentIncomeNet": "None", "netInterestIncome": "-514388000", "interestIncome": "None", "interestExpense": "514388000", "nonInterestIncome": "None", "otherNonOperatingIncome": "None", "depreciation": "None", "depreciationAndAmortization": "1049780000", "incomeBeforeTax": "1048820000", "incomeTaxExpense": "9968000", "interestAndDebtExpense": "None", "netIncomeFromContinuingOperations": "1038852000", "comprehensiveIncomeNetOfTax": "None", "ebit": "482836000", "ebitda": "1532616000", "netIncome": "978844000"}, {"fiscalDateEnding": "2019-12-31", "reportedCurrency": "USD", "grossProfit": "2410363000", "totalRevenue": "5100405000", "costOfRevenue": "2690042000", "costofGoodsAndServicesSold": "2690042000", "operatingIncome": "1238051000", "sellingGeneralAndAdministrative": "126549000", "researchAndDevelopment": "0.11", "operatingExpenses": "1172312000", "investmentIncomeNet": "None", "netInterestIncome": "-555559000", "interestIncome": "551160000", "interestExpense": "555559000", "nonInterestIncome": "None", "otherNonOperatingIncome": "870231000", "depreciation": "None", "depreciationAndAmortization": "1043224000", "incomeBeforeTax": "1333367000", "incomeTaxExpense": "2957000", "interestAndDebtExpense": "None", "netIncomeFromContinuingOperations": "1330410000", "comprehensiveIncomeNetOfTax": "None", "ebit": "1098451000", "ebitda": "2141675000", "netIncome": "1232432000"}, {"fiscalDateEnding": "2018-12-31", "reportedCurrency": "USD", "grossProfit": "2238071000", "totalRevenue": "4671088000", "costOfRevenue": "2433017000", "costofGoodsAndServicesSold": "2433017000", "operatingIncome": "1161229000", "sellingGeneralAndAdministrative": "126383000", "researchAndDevelopment": "0.09", "operatingExpenses": "1076842000", "investmentIncomeNet": "None", "netInterestIncome": "-470778000", "interestIncome": "55814000", "interestExpense": "526592000", "nonInterestIncome": "None", "otherNonOperatingIncome": "414934000", "depreciation": "None", "depreciationAndAmortization": "970067000", "incomeBeforeTax": "838424000", "incomeTaxExpense": "8674000", "interestAndDebtExpense": "None", "netIncomeFromContinuingOperations": "829750000", "comprehensiveIncomeNetOfTax": "None", "ebit": "950082000", "ebitda": "1920149000", "netIncome": "804954000"}, {"fiscalDateEnding": "2017-12-31", "reportedCurrency": "USD", "grossProfit": "2215180000", "totalRevenue": "4299105000", "costOfRevenue": "2083925000", "costofGoodsAndServicesSold": "2083925000", "operatingIncome": "1108486000", "sellingGeneralAndAdministrative": "122008000", "researchAndDevelopment": "0.07", "operatingExpenses": "1106694000", "investmentIncomeNet": "None", "netInterestIncome": "-410811000", "interestIncome": "73811000", "interestExpense": "484622000", "nonInterestIncome": "None", "otherNonOperatingIncome": "261125000", "depreciation": "None", "depreciationAndAmortization": "938598000", "incomeBeforeTax": "216491000", "incomeTaxExpense": "20128000", "interestAndDebtExpense": "None", "netIncomeFromContinuingOperations": "196363000", "comprehensiveIncomeNetOfTax": "None", "ebit": "784238000", "ebitda": "1722836000", "netIncome": "522774000"}, {"fiscalDateEnding": "2016-12-31", "reportedCurrency": "USD", "grossProfit": "2374526000", "totalRevenue": "4251509000", "costOfRevenue": "1876983000", "costofGoodsAndServicesSold": "1876983000", "operatingIncome": "1307828000", "sellingGeneralAndAdministrative": "155241000", "researchAndDevelopment": "0.17", "operatingExpenses": "1066698000", "investmentIncomeNet": "None", "netInterestIncome": "-423382000", "interestIncome": "97963000", "interestExpense": "521345000", "nonInterestIncome": "None", "otherNonOperatingIncome": "353689000", "depreciation": "None", "depreciationAndAmortization": "910386000", "incomeBeforeTax": "698896000", "incomeTaxExpense": "-19128000", "interestAndDebtExpense": "None", "netIncomeFromContinuingOperations": "718024000", "comprehensiveIncomeNetOfTax": "None", "ebit": "1230598000", "ebitda": "2140984000", "netIncome": "1077803000"}, {"fiscalDateEnding": "2015-12-31", "reportedCurrency": "USD", "grossProfit": "2218863000", "totalRevenue": "3841120000", "costOfRevenue": "1622257000", "costofGoodsAndServicesSold": "1622257000", "operatingIncome": "1245207000", "sellingGeneralAndAdministrative": "147416000", "researchAndDevelopment": "0", "operatingExpenses": "973656000", "investmentIncomeNet": "None", "netInterestIncome": "None", "interestIncome": "433742000", "interestExpense": "492169000", "nonInterestIncome": "None", "otherNonOperatingIncome": "258883000", "depreciation": "None", "depreciationAndAmortization": "835249000", "incomeBeforeTax": "614613000", "incomeTaxExpense": "6451000", "interestAndDebtExpense": "None", "netIncomeFromContinuingOperations": "608162000", "comprehensiveIncomeNetOfTax": "None", "ebit": "1128286000", "ebitda": "1963535000", "netIncome": "883750000"}, {"fiscalDateEnding": "2014-12-31", "reportedCurrency": "USD", "grossProfit": "1932313000", "totalRevenue": "3335671000", "costOfRevenue": "1403358000", "costofGoodsAndServicesSold": "1403358000", "operatingIncome": "945240000", "sellingGeneralAndAdministrative": "142943000", "researchAndDevelopment": "0", "operatingExpenses": "987073000", "investmentIncomeNet": "None", "netInterestIncome": "None", "interestIncome": "None", "interestExpense": "481039000", "nonInterestIncome": "None", "otherNonOperatingIncome": "119685000", "depreciation": "None", "depreciationAndAmortization": "851840000", "incomeBeforeTax": "356787000", "incomeTaxExpense": "-1267000", "interestAndDebtExpense": "None", "netIncomeFromContinuingOperations": "358054000", "comprehensiveIncomeNetOfTax": "None", "ebit": "865252000", "ebitda": "1717092000", "netIncome": "512153000"}, {"fiscalDateEnding": "2013-12-31", "reportedCurrency": "USD", "grossProfit": "1669729000", "totalRevenue": "2876542000", "costOfRevenue": "1206813000", "costofGoodsAndServicesSold": "1206813000", "operatingIncome": "693501000", "sellingGeneralAndAdministrative": "108318000", "researchAndDevelopment": "0", "operatingExpenses": "976228000", "investmentIncomeNet": "None", "netInterestIncome": "None", "interestIncome": "None", "interestExpense": "458360000", "nonInterestIncome": "None", "otherNonOperatingIncome": "-8187000", "depreciation": "None", "depreciationAndAmortization": "882517000", "incomeBeforeTax": "94058000", "incomeTaxExpense": "7491000", "interestAndDebtExpense": "None", "netIncomeFromContinuingOperations": "86567000", "comprehensiveIncomeNetOfTax": "None", "ebit": "560605000", "ebitda": "1443122000", "netIncome": "145050000"}, {"fiscalDateEnding": "2012-12-31", "reportedCurrency": "USD", "grossProfit": "1231784000", "totalRevenue": "1799773000", "costOfRevenue": "567989000", "costofGoodsAndServicesSold": "567989000", "operatingIncome": "601215000", "sellingGeneralAndAdministrative": "97341000", "researchAndDevelopment": "0", "operatingExpenses": "630569000", "investmentIncomeNet": "None", "netInterestIncome": "None", "interestIncome": "None", "interestExpense": "361565000", "nonInterestIncome": "None", "otherNonOperatingIncome": "2482000", "depreciation": "None", "depreciationAndAmortization": "548935000", "incomeBeforeTax": "188394000", "incomeTaxExpense": "7612000", "interestAndDebtExpense": "None", "netIncomeFromContinuingOperations": "180523000", "comprehensiveIncomeNetOfTax": "None", "ebit": "547477000", "ebitda": "1096412000", "netIncome": "297255000"}, {"fiscalDateEnding": "2011-12-31", "reportedCurrency": "USD", "grossProfit": "926823000", "totalRevenue": "1301887000", "costOfRevenue": "375064000", "costofGoodsAndServicesSold": "375064000", "operatingIncome": "461134000", "sellingGeneralAndAdministrative": "77201000", "researchAndDevelopment": "0", "operatingExpenses": "465689000", "investmentIncomeNet": "None", "netInterestIncome": "None", "interestIncome": "None", "interestExpense": "290981000", "nonInterestIncome": "None", "otherNonOperatingIncome": "None", "depreciation": "None", "depreciationAndAmortization": "437949000", "incomeBeforeTax": "117975000", "incomeTaxExpense": "1388000", "interestAndDebtExpense": "None", "netIncomeFromContinuingOperations": "None", "comprehensiveIncomeNetOfTax": "None", "ebit": "403184000", "ebitda": "841133000", "netIncome": "217610000"}, {"fiscalDateEnding": "2010-12-31", "reportedCurrency": "USD", "grossProfit": "493539000", "totalRevenue": "571326000", "costOfRevenue": "77787000", "costofGoodsAndServicesSold": "77787000", "operatingIncome": "244064000", "sellingGeneralAndAdministrative": "54626000", "researchAndDevelopment": "None", "operatingExpenses": "249475000", "investmentIncomeNet": "None", "netInterestIncome": "None", "interestIncome": "None", "interestExpense": "133978000", "nonInterestIncome": "None", "otherNonOperatingIncome": "6673000", "depreciation": "None", "depreciationAndAmortization": "216856000", "incomeBeforeTax": "43173000", "incomeTaxExpense": "364000", "interestAndDebtExpense": "None", "netIncomeFromContinuingOperations": "84352000", "comprehensiveIncomeNetOfTax": "None", "ebit": "170478000", "ebitda": "387334000", "netIncome": "128527000"}, {"fiscalDateEnding": "2009-12-31", "reportedCurrency": "USD", "grossProfit": "480787000", "totalRevenue": "523288000", "costOfRevenue": "42501000", "costofGoodsAndServicesSold": "42501000", "operatingIncome": "267143000", "sellingGeneralAndAdministrative": "49691000", "researchAndDevelopment": "None", "operatingExpenses": "213644000", "investmentIncomeNet": "None", "netInterestIncome": "None", "interestIncome": "None", "interestExpense": "96856000", "nonInterestIncome": "None", "otherNonOperatingIncome": "None", "depreciation": "None", "depreciationAndAmortization": "180335000", "incomeBeforeTax": "145180000", "incomeTaxExpense": "168000", "interestAndDebtExpense": "None", "netIncomeFromContinuingOperations": "None", "comprehensiveIncomeNetOfTax": "None", "ebit": "242036000", "ebitda": "422371000", "netIncome": "193269000"}, {"fiscalDateEnding": "2008-12-31", "reportedCurrency": "USD", "grossProfit": "483772000", "totalRevenue": "526406000", "costOfRevenue": "42634000", "costofGoodsAndServicesSold": "42634000", "operatingIncome": "292124000", "sellingGeneralAndAdministrative": "47193000", "researchAndDevelopment": "None", "operatingExpenses": "191648000", "investmentIncomeNet": "None", "netInterestIncome": "None", "interestIncome": "None", "interestExpense": "130153000", "nonInterestIncome": "None", "otherNonOperatingIncome": "None", "depreciation": "None", "depreciationAndAmortization": "177882000", "incomeBeforeTax": "140672000", "incomeTaxExpense": "1306000", "interestAndDebtExpense": "None", "netIncomeFromContinuingOperations": "None", "comprehensiveIncomeNetOfTax": "None", "ebit": "270825000", "ebitda": "448707000", "netIncome": "283299000"}, {"fiscalDateEnding": "2007-12-31", "reportedCurrency": "USD", "grossProfit": "396076000", "totalRevenue": "429486000", "costOfRevenue": "33410000", "costofGoodsAndServicesSold": "33410000", "operatingIncome": "234379000", "sellingGeneralAndAdministrative": "37653000", "researchAndDevelopment": "None", "operatingExpenses": "161697000", "investmentIncomeNet": "None", "netInterestIncome": "None", "interestIncome": "None", "interestExpense": "131271000", "nonInterestIncome": "None", "otherNonOperatingIncome": "None", "depreciation": "None", "depreciationAndAmortization": "158691000", "incomeBeforeTax": "104189000", "incomeTaxExpense": "188000", "interestAndDebtExpense": "None", "netIncomeFromContinuingOperations": "None", "comprehensiveIncomeNetOfTax": "None", "ebit": "235460000", "ebitda": "394151000", "netIncome": "138355000"}, {"fiscalDateEnding": "2006-12-31", "reportedCurrency": "USD", "grossProfit": "287203000", "totalRevenue": "288242000", "costOfRevenue": "1039000", "costofGoodsAndServicesSold": "1039000", "operatingIncome": "178453000", "sellingGeneralAndAdministrative": "26004000", "researchAndDevelopment": "None", "operatingExpenses": "108750000", "investmentIncomeNet": "None", "netInterestIncome": "None", "interestIncome": "None", "interestExpense": "88383000", "nonInterestIncome": "None", "otherNonOperatingIncome": "None", "depreciation": "None", "depreciationAndAmortization": "100654000", "incomeBeforeTax": "90070000", "incomeTaxExpense": "82000", "interestAndDebtExpense": "None", "netIncomeFromContinuingOperations": "None", "comprehensiveIncomeNetOfTax": "None", "ebit": "178453000", "ebitda": "279107000", "netIncome": "102750000"}], "quarterlyReports": [{"fiscalDateEnding": "2025-12-31", "reportedCurrency": "USD", "grossProfit": "-771186000", "totalRevenue": "3247614000", "costOfRevenue": "4018800000", "costofGoodsAndServicesSold": "4018800000", "operatingIncome": "-578029000", "sellingGeneralAndAdministrative": "1557378000", "researchAndDevelopment": "None", "operatingExpenses": "1933932000", "investmentIncomeNet": "None", "netInterestIncome": "-203784000", "interestIncome": "None", "interestExpense": "203784000", "nonInterestIncome": "None", "otherNonOperatingIncome": "None", "depreciation": "None", "depreciationAndAmortization": "567072000", "incomeBeforeTax": "-1344846000", "incomeTaxExpense": "-15197000", "interestAndDebtExpense": "None", "netIncomeFromContinuingOperations": "117767000", "comprehensiveIncomeNetOfTax": "None", "ebit": "-712131000", "ebitda": "-145059000", "netIncome": "96441000"}, {"fiscalDateEnding": "2025-09-30", "reportedCurrency": "USD", "grossProfit": "1108644000", "totalRevenue": "2685692000", "costOfRevenue": "1577048000", "costofGoodsAndServicesSold": "1577048000", "operatingIncome": "282186000", "sellingGeneralAndAdministrative": "63124000", "researchAndDevelopment": "None", "operatingExpenses": "826458000", "investmentIncomeNet": "None", "netInterestIncome": "-162052000", "interestIncome": "None", "interestExpense": "162052000", "nonInterestIncome": "None", "otherNonOperatingIncome": "None", "depreciation": "None", "depreciationAndAmortization": "509812000", "incomeBeforeTax": "293106000", "incomeTaxExpense": "12547000", "interestAndDebtExpense": "None", "netIncomeFromContinuingOperations": "282186000", "comprehensiveIncomeNetOfTax": "None", "ebit": "455158000", "ebitda": "964970000", "netIncome": "278161000"}, {"fiscalDateEnding": "2025-06-30", "reportedCurrency": "USD", "grossProfit": "1001430000", "totalRevenue": "2516141000", "costOfRevenue": "1514711000", "costofGoodsAndServicesSold": "1514711000", "operatingIncome": "443332000", "sellingGeneralAndAdministrative": "64175000", "researchAndDevelopment": "None", "operatingExpenses": "558098000", "investmentIncomeNet": "None", "netInterestIncome": "-141157000", "interestIncome": "None", "interestExpense": "141157000", "nonInterestIncome": "None", "otherNonOperatingIncome": "None", "depreciation": "None", "depreciationAndAmortization": "508346000", "incomeBeforeTax": "305671000", "incomeTaxExpense": "1053000", "interestAndDebtExpense": "None", "netIncomeFromContinuingOperations": "304618000", "comprehensiveIncomeNetOfTax": "None", "ebit": "439370000", "ebitda": "947716000", "netIncome": "301888000"}, {"fiscalDateEnding": "2025-03-31", "reportedCurrency": "USD", "grossProfit": "926197000", "totalRevenue": "2388587000", "costOfRevenue": "1462390000", "costofGoodsAndServicesSold": "1462390000", "operatingIncome": "378577000", "sellingGeneralAndAdministrative": "63758000", "researchAndDevelopment": "None", "operatingExpenses": "547620000", "investmentIncomeNet": "None", "netInterestIncome": "-144962000", "interestIncome": "None", "interestExpense": "144962000", "nonInterestIncome": "None", "otherNonOperatingIncome": "None", "depreciation": "None", "depreciationAndAmortization": "499638000", "incomeBeforeTax": "251747000", "incomeTaxExpense": "-5519000", "interestAndDebtExpense": "None", "netIncomeFromContinuingOperations": "257266000", "comprehensiveIncomeNetOfTax": "None", "ebit": "343669000", "ebitda": "843307000", "netIncome": "257957000"}, {"fiscalDateEnding": "2024-12-31", "reportedCurrency": "USD", "grossProfit": "809935000", "totalRevenue": "2219235000", "costOfRevenue": "1409300000", "costofGoodsAndServicesSold": "1409300000", "operatingIncome": "281067000", "sellingGeneralAndAdministrative": "48707000", "researchAndDevelopment": "None", "operatingExpenses": "528868000", "investmentIncomeNet": "None", "netInterestIncome": "-154469000", "interestIncome": "None", "interestExpense": "154469000", "nonInterestIncome": "None", "otherNonOperatingIncome": "None", "depreciation": "None", "depreciationAndAmortization": "484615000", "incomeBeforeTax": "123867000", "incomeTaxExpense": "114000", "interestAndDebtExpense": "None", "netIncomeFromContinuingOperations": "123753000", "comprehensiveIncomeNetOfTax": "None", "ebit": "263712000", "ebitda": "748327000", "netIncome": "119971000"}, {"fiscalDateEnding": "2024-09-30", "reportedCurrency": "USD", "grossProfit": "798355000", "totalRevenue": "2011056000", "costOfRevenue": "1212701000", "costofGoodsAndServicesSold": "1212701000", "operatingIncome": "312482000", "sellingGeneralAndAdministrative": "77901000", "researchAndDevelopment": "None", "operatingExpenses": "485873000", "investmentIncomeNet": "None", "netInterestIncome": "-139050000", "interestIncome": "None", "interestExpense": "139050000", "nonInterestIncome": "None", "otherNonOperatingIncome": "None", "depreciation": "None", "depreciationAndAmortization": "418990000", "incomeBeforeTax": "452094000", "incomeTaxExpense": "-4706000", "interestAndDebtExpense": "None", "netIncomeFromContinuingOperations": "456800000", "comprehensiveIncomeNetOfTax": "None", "ebit": "322916000", "ebitda": "741906000", "netIncome": "449849000"}, {"fiscalDateEnding": "2024-06-30", "reportedCurrency": "USD", "grossProfit": "681440000", "totalRevenue": "1792737000", "costOfRevenue": "1111297000", "costofGoodsAndServicesSold": "1111297000", "operatingIncome": "238667000", "sellingGeneralAndAdministrative": "55565000", "researchAndDevelopment": "None", "operatingExpenses": "442773000", "investmentIncomeNet": "None", "netInterestIncome": "-133424000", "interestIncome": "None", "interestExpense": "133424000", "nonInterestIncome": "None", "otherNonOperatingIncome": "None", "depreciation": "None", "depreciationAndAmortization": "397065000", "incomeBeforeTax": "261771000", "incomeTaxExpense": "1101000", "interestAndDebtExpense": "None", "netIncomeFromContinuingOperations": "94227000", "comprehensiveIncomeNetOfTax": "None", "ebit": "223856000", "ebitda": "620921000", "netIncome": "254714000"}, {"fiscalDateEnding": "2024-03-31", "reportedCurrency": "USD", "grossProfit": "733677000", "totalRevenue": "1830590000", "costOfRevenue": "1096913000", "costofGoodsAndServicesSold": "1096913000", "operatingIncome": "313482000", "sellingGeneralAndAdministrative": "53318000", "researchAndDevelopment": "None", "operatingExpenses": "420195000", "investmentIncomeNet": "None", "netInterestIncome": "-147318000", "interestIncome": "None", "interestExpense": "147318000", "nonInterestIncome": "None", "otherNonOperatingIncome": "None", "depreciation": "None", "depreciationAndAmortization": "378963000", "incomeBeforeTax": "137825000", "incomeTaxExpense": "6191000", "interestAndDebtExpense": "None", "netIncomeFromContinuingOperations": "131634000", "comprehensiveIncomeNetOfTax": "None", "ebit": "288219000", "ebitda": "667182000", "netIncome": "127146000"}, {"fiscalDateEnding": "2023-12-31", "reportedCurrency": "USD", "grossProfit": "681871000", "totalRevenue": "1717949000", "costOfRevenue": "1036078000", "costofGoodsAndServicesSold": "1036078000", "operatingIncome": "254297000", "sellingGeneralAndAdministrative": "44327000", "researchAndDevelopment": "None", "operatingExpenses": "427574000", "investmentIncomeNet": "None", "netInterestIncome": "-154574000", "interestIncome": "None", "interestExpense": "154574000", "nonInterestIncome": "None", "otherNonOperatingIncome": "None", "depreciation": "None", "depreciationAndAmortization": "392280000", "incomeBeforeTax": "83672000", "incomeTaxExpense": "-4768000", "interestAndDebtExpense": "None", "netIncomeFromContinuingOperations": "88440000", "comprehensiveIncomeNetOfTax": "None", "ebit": "242037000", "ebitda": "634317000", "netIncome": "83911000"}, {"fiscalDateEnding": "2023-09-30", "reportedCurrency": "USD", "grossProfit": "631262000", "totalRevenue": "1626535000", "costOfRevenue": "995273000", "costofGoodsAndServicesSold": "995273000", "operatingIncome": "241783000", "sellingGeneralAndAdministrative": "46106000", "researchAndDevelopment": "None", "operatingExpenses": "389479000", "investmentIncomeNet": "None", "netInterestIncome": "-156532000", "interestIncome": "None", "interestExpense": "156532000", "nonInterestIncome": "None", "otherNonOperatingIncome": "None", "depreciation": "None", "depreciationAndAmortization": "350042000", "incomeBeforeTax": "139306000", "incomeTaxExpense": "4584000", "interestAndDebtExpense": "None", "netIncomeFromContinuingOperations": "134722000", "comprehensiveIncomeNetOfTax": "None", "ebit": "228767000", "ebitda": "578809000", "netIncome": "127470000"}, {"fiscalDateEnding": "2023-06-30", "reportedCurrency": "USD", "grossProfit": "622926000", "totalRevenue": "1581598000", "costOfRevenue": "958672000", "costofGoodsAndServicesSold": "958672000", "operatingIncome": "234238000", "sellingGeneralAndAdministrative": "44287000", "researchAndDevelopment": "None", "operatingExpenses": "388688000", "investmentIncomeNet": "None", "netInterestIncome": "-152337000", "interestIncome": "None", "interestExpense": "152337000", "nonInterestIncome": "None", "otherNonOperatingIncome": "-43781000", "depreciation": "None", "depreciationAndAmortization": "352073000", "incomeBeforeTax": "112013000", "incomeTaxExpense": "3503000", "interestAndDebtExpense": "None", "netIncomeFromContinuingOperations": "106342000", "comprehensiveIncomeNetOfTax": "None", "ebit": "304682000", "ebitda": "656755000", "netIncome": "103040000"}, {"fiscalDateEnding": "2023-03-31", "reportedCurrency": "USD", "grossProfit": "594396000", "totalRevenue": "1552149000", "costOfRevenue": "957753000", "costofGoodsAndServicesSold": "957753000", "operatingIncome": "210136000", "sellingGeneralAndAdministrative": "44371000", "researchAndDevelopment": "None", "operatingExpenses": "384260000", "investmentIncomeNet": "None", "netInterestIncome": "-144403000", "interestIncome": "None", "interestExpense": "144403000", "nonInterestIncome": "None", "otherNonOperatingIncome": "-7259000", "depreciation": "None", "depreciationAndAmortization": "348822000", "incomeBeforeTax": "31680000", "incomeTaxExpense": "3045000", "interestAndDebtExpense": "None", "netIncomeFromContinuingOperations": "28635000", "comprehensiveIncomeNetOfTax": "None", "ebit": "182407000", "ebitda": "531229000", "netIncome": "25673000"}, {"fiscalDateEnding": "2022-12-31", "reportedCurrency": "USD", "grossProfit": "570481000", "totalRevenue": "1509319000", "costOfRevenue": "938838000", "costofGoodsAndServicesSold": "938838000", "operatingIncome": "176407000", "sellingGeneralAndAdministrative": "41319000", "researchAndDevelopment": "None", "operatingExpenses": "394074000", "investmentIncomeNet": "None", "netInterestIncome": "-140391000", "interestIncome": "None", "interestExpense": "140391000", "nonInterestIncome": "None", "otherNonOperatingIncome": "8610000", "depreciation": "None", "depreciationAndAmortization": "349383000", "incomeBeforeTax": "-2290000", "incomeTaxExpense": "-4088000", "interestAndDebtExpense": "None", "netIncomeFromContinuingOperations": "1798000", "comprehensiveIncomeNetOfTax": "None", "ebit": "147174000", "ebitda": "496557000", "netIncome": "-3728000"}, {"fiscalDateEnding": "2022-09-30", "reportedCurrency": "USD", "grossProfit": "556300000", "totalRevenue": "1468480000", "costOfRevenue": "912180000", "costofGoodsAndServicesSold": "912180000", "operatingIncome": "167300000", "sellingGeneralAndAdministrative": "34811000", "researchAndDevelopment": "None", "operatingExpenses": "389000000", "investmentIncomeNet": "None", "netInterestIncome": "-139682000", "interestIncome": "None", "interestExpense": "139682000", "nonInterestIncome": "None", "otherNonOperatingIncome": "-12541000", "depreciation": "None", "depreciationAndAmortization": "362513000", "incomeBeforeTax": "604000", "incomeTaxExpense": "3257000", "interestAndDebtExpense": "None", "netIncomeFromContinuingOperations": "-2653000", "comprehensiveIncomeNetOfTax": "None", "ebit": "145920000", "ebitda": "508433000", "netIncome": "-6767000"}, {"fiscalDateEnding": "2022-06-30", "reportedCurrency": "USD", "grossProfit": "554467000", "totalRevenue": "1408550000", "costOfRevenue": "854083000", "costofGoodsAndServicesSold": "854083000", "operatingIncome": "207453000", "sellingGeneralAndAdministrative": "36554000", "researchAndDevelopment": "None", "operatingExpenses": "347014000", "investmentIncomeNet": "None", "netInterestIncome": "-127750000", "interestIncome": "None", "interestExpense": "127750000", "nonInterestIncome": "None", "otherNonOperatingIncome": "-9786000", "depreciation": "None", "depreciationAndAmortization": "315752000", "incomeBeforeTax": "98737000", "incomeTaxExpense": "3065000", "interestAndDebtExpense": "None", "netIncomeFromContinuingOperations": "95672000", "comprehensiveIncomeNetOfTax": "None", "ebit": "237077000", "ebitda": "552829000", "netIncome": "89784000"}, {"fiscalDateEnding": "2022-03-31", "reportedCurrency": "USD", "grossProfit": "536050000", "totalRevenue": "1389719000", "costOfRevenue": "853669000", "costofGoodsAndServicesSold": "853669000", "operatingIncome": "195060000", "sellingGeneralAndAdministrative": "37706000", "researchAndDevelopment": "None", "operatingExpenses": "340990000", "investmentIncomeNet": "None", "netInterestIncome": "-121696000", "interestIncome": "None", "interestExpense": "121696000", "nonInterestIncome": "None", "otherNonOperatingIncome": "17484000", "depreciation": "None", "depreciationAndAmortization": "309261000", "incomeBeforeTax": "70764000", "incomeTaxExpense": "5013000", "interestAndDebtExpense": "None", "netIncomeFromContinuingOperations": "65751000", "comprehensiveIncomeNetOfTax": "None", "ebit": "172410000", "ebitda": "481671000", "netIncome": "61925000"}, {"fiscalDateEnding": "2021-12-31", "reportedCurrency": "USD", "grossProfit": "510889000", "totalRevenue": "1296068000", "costOfRevenue": "785179000", "costofGoodsAndServicesSold": "785179000", "operatingIncome": "193318000", "sellingGeneralAndAdministrative": "33109000", "researchAndDevelopment": "None", "operatingExpenses": "317571000", "investmentIncomeNet": "None", "netInterestIncome": "-121848000", "interestIncome": "None", "interestExpense": "121848000", "nonInterestIncome": "None", "otherNonOperatingIncome": "128240000", "depreciation": "None", "depreciationAndAmortization": "288207000", "incomeBeforeTax": "68245000", "incomeTaxExpense": "2051000", "interestAndDebtExpense": "None", "netIncomeFromContinuingOperations": "66194000", "comprehensiveIncomeNetOfTax": "None", "ebit": "190594000", "ebitda": "478801000", "netIncome": "58672000"}, {"fiscalDateEnding": "2021-09-30", "reportedCurrency": "USD", "grossProfit": "504065000", "totalRevenue": "1233465000", "costOfRevenue": "729400000", "costofGoodsAndServicesSold": "729400000", "operatingIncome": "204326000", "sellingGeneralAndAdministrative": "32256000", "researchAndDevelopment": "None", "operatingExpenses": "299739000", "investmentIncomeNet": "None", "netInterestIncome": "-122522000", "interestIncome": "None", "interestExpense": "122522000", "nonInterestIncome": "None", "otherNonOperatingIncome": "112205000", "depreciation": "None", "depreciationAndAmortization": "271732000", "incomeBeforeTax": "195276000", "incomeTaxExpense": "4940000", "interestAndDebtExpense": "None", "netIncomeFromContinuingOperations": "190336000", "comprehensiveIncomeNetOfTax": "None", "ebit": "213676000", "ebitda": "485408000", "netIncome": "179663000"}, {"fiscalDateEnding": "2021-06-30", "reportedCurrency": "USD", "grossProfit": "491405000", "totalRevenue": "1134062000", "costOfRevenue": "642657000", "costofGoodsAndServicesSold": "642657000", "operatingIncome": "212887000", "sellingGeneralAndAdministrative": "31436000", "researchAndDevelopment": "None", "operatingExpenses": "278518000", "investmentIncomeNet": "None", "netInterestIncome": "-122341000", "interestIncome": "None", "interestExpense": "122341000", "nonInterestIncome": "None", "otherNonOperatingIncome": "-18561000", "depreciation": "None", "depreciationAndAmortization": "245076000", "incomeBeforeTax": "43536000", "incomeTaxExpense": "-2221000", "interestAndDebtExpense": "None", "netIncomeFromContinuingOperations": "45757000", "comprehensiveIncomeNetOfTax": "None", "ebit": "129185000", "ebitda": "374261000", "netIncome": "26257000"}, {"fiscalDateEnding": "2021-03-31", "reportedCurrency": "USD", "grossProfit": "428560000", "totalRevenue": "1045886000", "costOfRevenue": "617326000", "costofGoodsAndServicesSold": "617326000", "operatingIncome": "152825000", "sellingGeneralAndAdministrative": "29926000", "researchAndDevelopment": "None", "operatingExpenses": "275735000", "investmentIncomeNet": "None", "netInterestIncome": "-123142000", "interestIncome": "None", "interestExpense": "123142000", "nonInterestIncome": "None", "otherNonOperatingIncome": "74838000", "depreciation": "None", "depreciationAndAmortization": "248163000", "incomeBeforeTax": "76135000", "incomeTaxExpense": "3943000", "interestAndDebtExpense": "None", "netIncomeFromContinuingOperations": "72192000", "comprehensiveIncomeNetOfTax": "None", "ebit": "127148000", "ebitda": "375311000", "netIncome": "71546000"}, {"fiscalDateEnding": "2020-12-31", "reportedCurrency": "USD", "grossProfit": "496118000", "totalRevenue": "1116679000", "costOfRevenue": "620561000", "costofGoodsAndServicesSold": "620561000", "operatingIncome": "142452000", "sellingGeneralAndAdministrative": "27848000", "researchAndDevelopment": "None", "operatingExpenses": "353666000", "investmentIncomeNet": "None", "netInterestIncome": "-121173000", "interestIncome": "None", "interestExpense": "121173000", "nonInterestIncome": "None", "otherNonOperatingIncome": "None", "depreciation": "None", "depreciationAndAmortization": "245836000", "incomeBeforeTax": "155568000", "incomeTaxExpense": "290000", "interestAndDebtExpense": "None", "netIncomeFromContinuingOperations": "155278000", "comprehensiveIncomeNetOfTax": "None", "ebit": "91019000", "ebitda": "336855000", "netIncome": "163729000"}, {"fiscalDateEnding": "2020-09-30", "reportedCurrency": "USD", "grossProfit": "398035000", "totalRevenue": "1032752000", "costOfRevenue": "634717000", "costofGoodsAndServicesSold": "634717000", "operatingIncome": "108643000", "sellingGeneralAndAdministrative": "31003000", "researchAndDevelopment": "None", "operatingExpenses": "289392000", "investmentIncomeNet": "None", "netInterestIncome": "-124851000", "interestIncome": "None", "interestExpense": "124851000", "nonInterestIncome": "None", "otherNonOperatingIncome": "443924000", "depreciation": "None", "depreciationAndAmortization": "257833000", "incomeBeforeTax": "396981000", "incomeTaxExpense": "2003000", "interestAndDebtExpense": "None", "netIncomeFromContinuingOperations": "394978000", "comprehensiveIncomeNetOfTax": "None", "ebit": "43509000", "ebitda": "301342000", "netIncome": "325585000"}, {"fiscalDateEnding": "2020-06-30", "reportedCurrency": "USD", "grossProfit": "521170000", "totalRevenue": "1181934000", "costOfRevenue": "660764000", "costofGoodsAndServicesSold": "660764000", "operatingIncome": "220315000", "sellingGeneralAndAdministrative": "34062000", "researchAndDevelopment": "None", "operatingExpenses": "300855000", "investmentIncomeNet": "None", "netInterestIncome": "-126357000", "interestIncome": "None", "interestExpense": "126357000", "nonInterestIncome": "None", "otherNonOperatingIncome": "155512000", "depreciation": "None", "depreciationAndAmortization": "268655000", "incomeBeforeTax": "161449000", "incomeTaxExpense": "2233000", "interestAndDebtExpense": "None", "netIncomeFromContinuingOperations": "159216000", "comprehensiveIncomeNetOfTax": "None", "ebit": "130611000", "ebitda": "399266000", "netIncome": "179246000"}, {"fiscalDateEnding": "2020-03-31", "reportedCurrency": "USD", "grossProfit": "573392000", "totalRevenue": "1255173000", "costOfRevenue": "681781000", "costofGoodsAndServicesSold": "681781000", "operatingIncome": "256038000", "sellingGeneralAndAdministrative": "35481000", "researchAndDevelopment": "None", "operatingExpenses": "317354000", "investmentIncomeNet": "None", "netInterestIncome": "-142007000", "interestIncome": "149658000", "interestExpense": "142007000", "nonInterestIncome": "None", "otherNonOperatingIncome": "251481000", "depreciation": "None", "depreciationAndAmortization": "277456000", "incomeBeforeTax": "334822000", "incomeTaxExpense": "5442000", "interestAndDebtExpense": "None", "netIncomeFromContinuingOperations": "329380000", "comprehensiveIncomeNetOfTax": "None", "ebit": "217697000", "ebitda": "495153000", "netIncome": "310284000"}, {"fiscalDateEnding": "2019-12-31", "reportedCurrency": "USD", "grossProfit": "594465000", "totalRevenue": "1256985000", "costOfRevenue": "662520000", "costofGoodsAndServicesSold": "662520000", "operatingIncome": "305314000", "sellingGeneralAndAdministrative": "26507000", "researchAndDevelopment": "None", "operatingExpenses": "289151000", "investmentIncomeNet": "None", "netInterestIncome": "None", "interestIncome": "126579000", "interestExpense": "131648000", "nonInterestIncome": "None", "otherNonOperatingIncome": "149240000", "depreciation": "None", "depreciationAndAmortization": "265656000", "incomeBeforeTax": "223240000", "incomeTaxExpense": "-4832000", "interestAndDebtExpense": "None", "netIncomeFromContinuingOperations": "240136000", "comprehensiveIncomeNetOfTax": "None", "ebit": "297468000", "ebitda": "563124000", "netIncome": "224324000"}, {"fiscalDateEnding": "2019-09-30", "reportedCurrency": "USD", "grossProfit": "606317000", "totalRevenue": "1261905000", "costOfRevenue": "655588000", "costofGoodsAndServicesSold": "655588000", "operatingIncome": "302853000", "sellingGeneralAndAdministrative": "31019000", "researchAndDevelopment": "None", "operatingExpenses": "303464000", "investmentIncomeNet": "None", "netInterestIncome": "-121706000", "interestIncome": "15637000", "interestExpense": "137343000", "nonInterestIncome": "None", "otherNonOperatingIncome": "573512000", "depreciation": "None", "depreciationAndAmortization": "275825000", "incomeBeforeTax": "651900000", "incomeTaxExpense": "3968000", "interestAndDebtExpense": "None", "netIncomeFromContinuingOperations": "647932000", "comprehensiveIncomeNetOfTax": "None", "ebit": "215731000", "ebitda": "491556000", "netIncome": "589876000"}, {"fiscalDateEnding": "2019-06-30", "reportedCurrency": "USD", "grossProfit": "615900000", "totalRevenue": "1317027000", "costOfRevenue": "701127000", "costofGoodsAndServicesSold": "701127000", "operatingIncome": "334107000", "sellingGeneralAndAdministrative": "33741000", "researchAndDevelopment": "None", "operatingExpenses": "281793000", "investmentIncomeNet": "None", "netInterestIncome": "-123980000", "interestIncome": "17356000", "interestExpense": "141336000", "nonInterestIncome": "None", "otherNonOperatingIncome": "-10731000", "depreciation": "None", "depreciationAndAmortization": "251819000", "incomeBeforeTax": "151639000", "incomeTaxExpense": "1599000", "interestAndDebtExpense": "None", "netIncomeFromContinuingOperations": "150040000", "comprehensiveIncomeNetOfTax": "None", "ebit": "303706000", "ebitda": "555525000", "netIncome": "137762000"}, {"fiscalDateEnding": "2019-03-31", "reportedCurrency": "USD", "grossProfit": "593681000", "totalRevenue": "1264488000", "costOfRevenue": "670807000", "costofGoodsAndServicesSold": "670807000", "operatingIncome": "295777000", "sellingGeneralAndAdministrative": "35282000", "researchAndDevelopment": "None", "operatingExpenses": "297904000", "investmentIncomeNet": "None", "netInterestIncome": "-130113000", "interestIncome": "142745000", "interestExpense": "145232000", "nonInterestIncome": "None", "otherNonOperatingIncome": "158210000", "depreciation": "None", "depreciationAndAmortization": "249924000", "incomeBeforeTax": "127115000", "incomeTaxExpense": "2222000", "interestAndDebtExpense": "None", "netIncomeFromContinuingOperations": "292302000", "comprehensiveIncomeNetOfTax": "None", "ebit": "281546000", "ebitda": "531470000", "netIncome": "280470000"}, {"fiscalDateEnding": "2018-12-31", "reportedCurrency": "USD", "grossProfit": "583405000", "totalRevenue": "1234049000", "costOfRevenue": "650644000", "costofGoodsAndServicesSold": "650644000", "operatingIncome": "309470000", "sellingGeneralAndAdministrative": "31101000", "researchAndDevelopment": "0", "operatingExpenses": "273935000", "investmentIncomeNet": "None", "netInterestIncome": "None", "interestIncome": "None", "interestExpense": "144369000", "nonInterestIncome": "None", "otherNonOperatingIncome": "42108000", "depreciation": "None", "depreciationAndAmortization": "248348000", "incomeBeforeTax": "84287000", "incomeTaxExpense": "1504000", "interestAndDebtExpense": "None", "netIncomeFromContinuingOperations": "498358000", "comprehensiveIncomeNetOfTax": "None", "ebit": "228461000", "ebitda": "476809000", "netIncome": "113439000"}, {"fiscalDateEnding": "2018-09-30", "reportedCurrency": "USD", "grossProfit": "575523000", "totalRevenue": "1232680000", "costOfRevenue": "657157000", "costofGoodsAndServicesSold": "657157000", "operatingIncome": "303628000", "sellingGeneralAndAdministrative": "28746000", "researchAndDevelopment": "0", "operatingExpenses": "271895000", "investmentIncomeNet": "None", "netInterestIncome": "None", "interestIncome": "None", "interestExpense": "138032000", "nonInterestIncome": "None", "otherNonOperatingIncome": "25067000", "depreciation": "None", "depreciationAndAmortization": "247896000", "incomeBeforeTax": "61244000", "incomeTaxExpense": "1741000", "interestAndDebtExpense": "None", "netIncomeFromContinuingOperations": "59503000", "comprehensiveIncomeNetOfTax": "None", "ebit": "198932000", "ebitda": "446828000", "netIncome": "76060000"}, {"fiscalDateEnding": "2018-06-30", "reportedCurrency": "USD", "grossProfit": "541657000", "totalRevenue": "1110408000", "costOfRevenue": "568751000", "costofGoodsAndServicesSold": "568751000", "operatingIncome": "272551000", "sellingGeneralAndAdministrative": "32831000", "researchAndDevelopment": "0", "operatingExpenses": "269106000", "investmentIncomeNet": "None", "netInterestIncome": "None", "interestIncome": "None", "interestExpense": "121416000", "nonInterestIncome": "None", "otherNonOperatingIncome": "12004000", "depreciation": "None", "depreciationAndAmortization": "240733000", "incomeBeforeTax": "160359000", "incomeTaxExpense": "3841000", "interestAndDebtExpense": "None", "netIncomeFromContinuingOperations": "156518000", "comprehensiveIncomeNetOfTax": "None", "ebit": "280526000", "ebitda": "521259000", "netIncome": "166108000"}, {"fiscalDateEnding": "2018-03-31", "reportedCurrency": "USD", "grossProfit": "537486000", "totalRevenue": "1093951000", "costOfRevenue": "556465000", "costofGoodsAndServicesSold": "556465000", "operatingIncome": "275580000", "sellingGeneralAndAdministrative": "33705000", "researchAndDevelopment": "0", "operatingExpenses": "261906000", "investmentIncomeNet": "None", "netInterestIncome": "None", "interestIncome": "None", "interestExpense": "122775000", "nonInterestIncome": "None", "otherNonOperatingIncome": "335755000", "depreciation": "None", "depreciationAndAmortization": "233090000", "incomeBeforeTax": "116959000", "incomeTaxExpense": "1588000", "interestAndDebtExpense": "None", "netIncomeFromContinuingOperations": "115371000", "comprehensiveIncomeNetOfTax": "None", "ebit": "242163000", "ebitda": "475253000", "netIncome": "449347000"}, {"fiscalDateEnding": "2017-12-31", "reportedCurrency": "USD", "grossProfit": "553987000", "totalRevenue": "1101891000", "costOfRevenue": "547904000", "costofGoodsAndServicesSold": "547904000", "operatingIncome": "224198000", "sellingGeneralAndAdministrative": "28365000", "researchAndDevelopment": "0", "operatingExpenses": "329789000", "investmentIncomeNet": "None", "netInterestIncome": "None", "interestIncome": "None", "interestExpense": "127217000", "nonInterestIncome": "None", "otherNonOperatingIncome": "-3068000", "depreciation": "None", "depreciationAndAmortization": "243061000", "incomeBeforeTax": "-120461000", "incomeTaxExpense": "25663000", "interestAndDebtExpense": "None", "netIncomeFromContinuingOperations": "-146118000", "comprehensiveIncomeNetOfTax": "None", "ebit": "66205000", "ebitda": "309266000", "netIncome": "-99847000"}, {"fiscalDateEnding": "2017-09-30", "reportedCurrency": "USD", "grossProfit": "561450000", "totalRevenue": "1085447000", "costOfRevenue": "523997000", "costofGoodsAndServicesSold": "523997000", "operatingIncome": "301399000", "sellingGeneralAndAdministrative": "29913000", "researchAndDevelopment": "0", "operatingExpenses": "260051000", "investmentIncomeNet": "None", "netInterestIncome": "None", "interestIncome": "None", "interestExpense": "122578000", "nonInterestIncome": "None", "otherNonOperatingIncome": "5030000", "depreciation": "None", "depreciationAndAmortization": "234576000", "incomeBeforeTax": "88346000", "incomeTaxExpense": "669000", "interestAndDebtExpense": "None", "netIncomeFromContinuingOperations": "87677000", "comprehensiveIncomeNetOfTax": "None", "ebit": "207516000", "ebitda": "442092000", "netIncome": "85719000"}, {"fiscalDateEnding": "2017-06-30", "reportedCurrency": "USD", "grossProfit": "551685000", "totalRevenue": "1053540000", "costOfRevenue": "501855000", "costofGoodsAndServicesSold": "501855000", "operatingIncome": "294206000", "sellingGeneralAndAdministrative": "32632000", "researchAndDevelopment": "0", "operatingExpenses": "257479000", "investmentIncomeNet": "None", "netInterestIncome": "None", "interestIncome": "None", "interestExpense": "116231000", "nonInterestIncome": "None", "otherNonOperatingIncome": "38177000", "depreciation": "None", "depreciationAndAmortization": "229316000", "incomeBeforeTax": "152838000", "incomeTaxExpense": "-8448000", "interestAndDebtExpense": "None", "netIncomeFromContinuingOperations": "161286000", "comprehensiveIncomeNetOfTax": "None", "ebit": "273047000", "ebitda": "502363000", "netIncome": "200109000"}, {"fiscalDateEnding": "2017-03-31", "reportedCurrency": "USD", "grossProfit": "548057000", "totalRevenue": "1058226000", "costOfRevenue": "510169000", "costofGoodsAndServicesSold": "510169000", "operatingIncome": "288680000", "sellingGeneralAndAdministrative": "31101000", "researchAndDevelopment": "0", "operatingExpenses": "259377000", "investmentIncomeNet": "None", "netInterestIncome": "None", "interestIncome": "None", "interestExpense": "118597000", "nonInterestIncome": "None", "otherNonOperatingIncome": "220986000", "depreciation": "None", "depreciationAndAmortization": "231645000", "incomeBeforeTax": "95763000", "incomeTaxExpense": "2245000", "interestAndDebtExpense": "None", "netIncomeFromContinuingOperations": "93518000", "comprehensiveIncomeNetOfTax": "None", "ebit": "237466000", "ebitda": "469111000", "netIncome": "336787000"}, {"fiscalDateEnding": "2016-12-31", "reportedCurrency": "USD", "grossProfit": "575571000", "totalRevenue": "1070406000", "costOfRevenue": "494835000", "costofGoodsAndServicesSold": "494835000", "operatingIncome": "304633000", "sellingGeneralAndAdministrative": "32807000", "researchAndDevelopment": "0", "operatingExpenses": "270938000", "investmentIncomeNet": "None", "netInterestIncome": "None", "interestIncome": "None", "interestExpense": "126360000", "nonInterestIncome": "None", "otherNonOperatingIncome": "197336000", "depreciation": "None", "depreciationAndAmortization": "231279000", "incomeBeforeTax": "134359000", "incomeTaxExpense": "-16585000", "interestAndDebtExpense": "None", "netIncomeFromContinuingOperations": "150941000", "comprehensiveIncomeNetOfTax": "None", "ebit": "263548000", "ebitda": "494827000", "netIncome": "349395000"}, {"fiscalDateEnding": "2016-09-30", "reportedCurrency": "USD", "grossProfit": "602569000", "totalRevenue": "1076249000", "costOfRevenue": "473680000", "costofGoodsAndServicesSold": "473680000", "operatingIncome": "347680000", "sellingGeneralAndAdministrative": "36828000", "researchAndDevelopment": "0", "operatingExpenses": "254889000", "investmentIncomeNet": "None", "netInterestIncome": "None", "interestIncome": "None", "interestExpense": "129699000", "nonInterestIncome": "None", "otherNonOperatingIncome": "160602000", "depreciation": "None", "depreciationAndAmortization": "220369000", "incomeBeforeTax": "192085000", "incomeTaxExpense": "-305000", "interestAndDebtExpense": "None", "netIncomeFromContinuingOperations": "192390000", "comprehensiveIncomeNetOfTax": "None", "ebit": "323533000", "ebitda": "543902000", "netIncome": "351262000"}, {"fiscalDateEnding": "2016-06-30", "reportedCurrency": "USD", "grossProfit": "603023000", "totalRevenue": "1061855000", "costOfRevenue": "458832000", "costofGoodsAndServicesSold": "458832000", "operatingIncome": "336540000", "sellingGeneralAndAdministrative": "39914000", "researchAndDevelopment": "0", "operatingExpenses": "266483000", "investmentIncomeNet": "None", "netInterestIncome": "None", "interestIncome": "None", "interestExpense": "132326000", "nonInterestIncome": "None", "otherNonOperatingIncome": "-429000", "depreciation": "None", "depreciationAndAmortization": "228694000", "incomeBeforeTax": "208706000", "incomeTaxExpense": "-513000", "interestAndDebtExpense": "None", "netIncomeFromContinuingOperations": "209219000", "comprehensiveIncomeNetOfTax": "None", "ebit": "342991000", "ebitda": "571685000", "netIncome": "211826000"}, {"fiscalDateEnding": "2016-03-31", "reportedCurrency": "USD", "grossProfit": "593364000", "totalRevenue": "1043000000", "costOfRevenue": "449636000", "costofGoodsAndServicesSold": "449636000", "operatingIncome": "318977000", "sellingGeneralAndAdministrative": "45691000", "researchAndDevelopment": "0", "operatingExpenses": "274387000", "investmentIncomeNet": "None", "netInterestIncome": "None", "interestIncome": "None", "interestExpense": "132960000", "nonInterestIncome": "None", "otherNonOperatingIncome": "-3820000", "depreciation": "None", "depreciationAndAmortization": "230044000", "incomeBeforeTax": "163749000", "incomeTaxExpense": "-1725000", "interestAndDebtExpense": "None", "netIncomeFromContinuingOperations": "165474000", "comprehensiveIncomeNetOfTax": "None", "ebit": "300529000", "ebitda": "530573000", "netIncome": "165321000"}, {"fiscalDateEnding": "2015-12-31", "reportedCurrency": "USD", "grossProfit": "583612000", "totalRevenue": "1022350000", "costOfRevenue": "438738000", "costofGoodsAndServicesSold": "438738000", "operatingIncome": "323949000", "sellingGeneralAndAdministrative": "36854000", "researchAndDevelopment": "0", "operatingExpenses": "259663000", "investmentIncomeNet": "None", "netInterestIncome": "None", "interestIncome": "None", "interestExpense": "131098000", "nonInterestIncome": "None", "otherNonOperatingIncome": "None", "depreciation": "None", "depreciationAndAmortization": "225088000", "incomeBeforeTax": "120712000", "incomeTaxExpense": "2682000", "interestAndDebtExpense": "None", "netIncomeFromContinuingOperations": "888549000", "comprehensiveIncomeNetOfTax": "None", "ebit": "255083000", "ebitda": "480171000", "netIncome": "149282000"}, {"fiscalDateEnding": "2015-09-30", "reportedCurrency": "USD", "grossProfit": "568222000", "totalRevenue": "976925000", "costOfRevenue": "408703000", "costofGoodsAndServicesSold": "408703000", "operatingIncome": "325473000", "sellingGeneralAndAdministrative": "36950000", "researchAndDevelopment": "0", "operatingExpenses": "242749000", "investmentIncomeNet": "None", "netInterestIncome": "None", "interestIncome": "None", "interestExpense": "121130000", "nonInterestIncome": "None", "otherNonOperatingIncome": "-585000", "depreciation": "None", "depreciationAndAmortization": "209202000", "incomeBeforeTax": "193867000", "incomeTaxExpense": "-3344000", "interestAndDebtExpense": "None", "netIncomeFromContinuingOperations": "197211000", "comprehensiveIncomeNetOfTax": "None", "ebit": "317628000", "ebitda": "526830000", "netIncome": "198395000"}, {"fiscalDateEnding": "2015-06-30", "reportedCurrency": "USD", "grossProfit": "554401000", "totalRevenue": "952755000", "costOfRevenue": "398354000", "costofGoodsAndServicesSold": "398354000", "operatingIncome": "307125000", "sellingGeneralAndAdministrative": "38474000", "researchAndDevelopment": "0", "operatingExpenses": "247276000", "investmentIncomeNet": "None", "netInterestIncome": "None", "interestIncome": "None", "interestExpense": "118861000", "nonInterestIncome": "None", "otherNonOperatingIncome": "187159000", "depreciation": "None", "depreciationAndAmortization": "210697000", "incomeBeforeTax": "147765000", "incomeTaxExpense": "7417000", "interestAndDebtExpense": "None", "netIncomeFromContinuingOperations": "140348000", "comprehensiveIncomeNetOfTax": "None", "ebit": "269578000", "ebitda": "480275000", "netIncome": "328925000"}, {"fiscalDateEnding": "2015-03-31", "reportedCurrency": "USD", "grossProfit": "512630000", "totalRevenue": "889091000", "costOfRevenue": "376461000", "costofGoodsAndServicesSold": "376461000", "operatingIncome": "288663000", "sellingGeneralAndAdministrative": "35138000", "researchAndDevelopment": "0", "operatingExpenses": "223967000", "investmentIncomeNet": "None", "netInterestIncome": "None", "interestIncome": "None", "interestExpense": "121080000", "nonInterestIncome": "None", "otherNonOperatingIncome": "None", "depreciation": "None", "depreciationAndAmortization": "190262000", "incomeBeforeTax": "152273000", "incomeTaxExpense": "-304000", "interestAndDebtExpense": "None", "netIncomeFromContinuingOperations": "0", "comprehensiveIncomeNetOfTax": "None", "ebit": "286001000", "ebitda": "476263000", "netIncome": "207151000"}, {"fiscalDateEnding": "2014-12-31", "reportedCurrency": "USD", "grossProfit": "501017000", "totalRevenue": "864033000", "costOfRevenue": "363016000", "costofGoodsAndServicesSold": "363016000", "operatingIncome": "278008000", "sellingGeneralAndAdministrative": "27616000", "researchAndDevelopment": "0", "operatingExpenses": "223009000", "investmentIncomeNet": "None", "netInterestIncome": "None", "interestIncome": "None", "interestExpense": "120705000", "nonInterestIncome": "None", "otherNonOperatingIncome": "103117000", "depreciation": "None", "depreciationAndAmortization": "196974000", "incomeBeforeTax": "100738000", "incomeTaxExpense": "5102000", "interestAndDebtExpense": "None", "netIncomeFromContinuingOperations": "95636000", "comprehensiveIncomeNetOfTax": "None", "ebit": "229164000", "ebitda": "426138000", "netIncome": "204989000"}, {"fiscalDateEnding": "2014-09-30", "reportedCurrency": "USD", "grossProfit": "490747000", "totalRevenue": "845904000", "costOfRevenue": "355157000", "costofGoodsAndServicesSold": "355157000", "operatingIncome": "258974000", "sellingGeneralAndAdministrative": "30803000", "researchAndDevelopment": "0", "operatingExpenses": "231773000", "investmentIncomeNet": "None", "netInterestIncome": "None", "interestIncome": "None", "interestExpense": "118435000", "nonInterestIncome": "None", "otherNonOperatingIncome": "26972000", "depreciation": "None", "depreciationAndAmortization": "203670000", "incomeBeforeTax": "112969000", "incomeTaxExpense": "-10198000", "interestAndDebtExpense": "None", "netIncomeFromContinuingOperations": "123167000", "comprehensiveIncomeNetOfTax": "None", "ebit": "234036000", "ebitda": "437706000", "netIncome": "152607000"}, {"fiscalDateEnding": "2014-06-30", "reportedCurrency": "USD", "grossProfit": "480665000", "totalRevenue": "824419000", "costOfRevenue": "343754000", "costofGoodsAndServicesSold": "343754000", "operatingIncome": "214556000", "sellingGeneralAndAdministrative": "51660000", "researchAndDevelopment": "0", "operatingExpenses": "266109000", "investmentIncomeNet": "None", "netInterestIncome": "None", "interestIncome": "None", "interestExpense": "121065000", "nonInterestIncome": "None", "otherNonOperatingIncome": "-4848000", "depreciation": "None", "depreciationAndAmortization": "215940000", "incomeBeforeTax": "76080000", "incomeTaxExpense": "1569000", "interestAndDebtExpense": "None", "netIncomeFromContinuingOperations": "74511000", "comprehensiveIncomeNetOfTax": "None", "ebit": "208661000", "ebitda": "424601000", "netIncome": "88181000"}, {"fiscalDateEnding": "2014-03-31", "reportedCurrency": "USD", "grossProfit": "459883000", "totalRevenue": "801314000", "costOfRevenue": "341431000", "costofGoodsAndServicesSold": "341431000", "operatingIncome": "193700000", "sellingGeneralAndAdministrative": "32865000", "researchAndDevelopment": "0", "operatingExpenses": "266183000", "investmentIncomeNet": "None", "netInterestIncome": "None", "interestIncome": "None", "interestExpense": "120833000", "nonInterestIncome": "None", "otherNonOperatingIncome": "-5556000", "depreciation": "None", "depreciationAndAmortization": "235256000", "incomeBeforeTax": "67000000", "incomeTaxExpense": "2260000", "interestAndDebtExpense": "None", "netIncomeFromContinuingOperations": "64740000", "comprehensiveIncomeNetOfTax": "None", "ebit": "193389000", "ebitda": "428645000", "netIncome": "66375000"}, {"fiscalDateEnding": "2013-12-31", "reportedCurrency": "USD", "grossProfit": "446259000", "totalRevenue": "778112000", "costOfRevenue": "331853000", "costofGoodsAndServicesSold": "331853000", "operatingIncome": "178530000", "sellingGeneralAndAdministrative": "28519000", "researchAndDevelopment": "0", "operatingExpenses": "267729000", "investmentIncomeNet": "None", "netInterestIncome": "None", "interestIncome": "None", "interestExpense": "121775000", "nonInterestIncome": "None", "otherNonOperatingIncome": "-4657000", "depreciation": "None", "depreciationAndAmortization": "244963000", "incomeBeforeTax": "33829000", "incomeTaxExpense": "436000", "interestAndDebtExpense": "None", "netIncomeFromContinuingOperations": "33771000", "comprehensiveIncomeNetOfTax": "None", "ebit": "160262000", "ebitda": "405225000", "netIncome": "28000000"}, {"fiscalDateEnding": "2013-09-30", "reportedCurrency": "USD", "grossProfit": "440347000", "totalRevenue": "782268000", "costOfRevenue": "341921000", "costofGoodsAndServicesSold": "341921000", "operatingIncome": "170602000", "sellingGeneralAndAdministrative": "28718000", "researchAndDevelopment": "0", "operatingExpenses": "269745000", "investmentIncomeNet": "None", "netInterestIncome": "None", "interestIncome": "None", "interestExpense": "116020000", "nonInterestIncome": "None", "otherNonOperatingIncome": "-331000", "depreciation": "None", "depreciationAndAmortization": "243167000", "incomeBeforeTax": "31299000", "incomeTaxExpense": "3077000", "interestAndDebtExpense": "None", "netIncomeFromContinuingOperations": "28481000", "comprehensiveIncomeNetOfTax": "None", "ebit": "147650000", "ebitda": "390817000", "netIncome": "37293000"}, {"fiscalDateEnding": "2013-06-30", "reportedCurrency": "USD", "grossProfit": "399550000", "totalRevenue": "677508000", "costOfRevenue": "277958000", "costofGoodsAndServicesSold": "277958000", "operatingIncome": "177586000", "sellingGeneralAndAdministrative": "23902000", "researchAndDevelopment": "0", "operatingExpenses": "221964000", "investmentIncomeNet": "None", "netInterestIncome": "None", "interestIncome": "None", "interestExpense": "109465000", "nonInterestIncome": "None", "otherNonOperatingIncome": "-5461000", "depreciation": "None", "depreciationAndAmortization": "202899000", "incomeBeforeTax": "38265000", "incomeTaxExpense": "1215000", "interestAndDebtExpense": "None", "netIncomeFromContinuingOperations": "36803000", "comprehensiveIncomeNetOfTax": "None", "ebit": "153191000", "ebitda": "356090000", "netIncome": "8094000"}, {"fiscalDateEnding": "2013-03-31", "reportedCurrency": "USD", "grossProfit": "376201000", "totalRevenue": "629024000", "costOfRevenue": "252823000", "costofGoodsAndServicesSold": "252823000", "operatingIncome": "164334000", "sellingGeneralAndAdministrative": "27179000", "researchAndDevelopment": "0", "operatingExpenses": "211867000", "investmentIncomeNet": "None", "netInterestIncome": "None", "interestIncome": "None", "interestExpense": "108838000", "nonInterestIncome": "None", "otherNonOperatingIncome": "2262000", "depreciation": "None", "depreciationAndAmortization": "191488000", "incomeBeforeTax": "-9523000", "incomeTaxExpense": "2763000", "interestAndDebtExpense": "None", "netIncomeFromContinuingOperations": "-12488000", "comprehensiveIncomeNetOfTax": "None", "ebit": "97053000", "ebitda": "288541000", "netIncome": "71660000"}, {"fiscalDateEnding": "2012-12-31", "reportedCurrency": "USD", "grossProfit": "302759000", "totalRevenue": "463270000", "costOfRevenue": "160511000", "costofGoodsAndServicesSold": "160511000", "operatingIncome": "153885000", "sellingGeneralAndAdministrative": "20039000", "researchAndDevelopment": "0", "operatingExpenses": "148874000", "investmentIncomeNet": "None", "netInterestIncome": "None", "interestIncome": "None", "interestExpense": "87025000", "nonInterestIncome": "None", "otherNonOperatingIncome": "None", "depreciation": "None", "depreciationAndAmortization": "143990000", "incomeBeforeTax": "54968000", "incomeTaxExpense": "3858000", "interestAndDebtExpense": "None", "netIncomeFromContinuingOperations": "0", "comprehensiveIncomeNetOfTax": "None", "ebit": "141761000", "ebitda": "285751000", "netIncome": "107178000"}, {"fiscalDateEnding": "2012-09-30", "reportedCurrency": "USD", "grossProfit": "316077000", "totalRevenue": "460494000", "costOfRevenue": "144417000", "costofGoodsAndServicesSold": "144417000", "operatingIncome": "137546000", "sellingGeneralAndAdministrative": "23679000", "researchAndDevelopment": "0", "operatingExpenses": "178531000", "investmentIncomeNet": "None", "netInterestIncome": "None", "interestIncome": "None", "interestExpense": "91915000", "nonInterestIncome": "None", "otherNonOperatingIncome": "None", "depreciation": "None", "depreciationAndAmortization": "137013000", "incomeBeforeTax": "37343000", "incomeTaxExpense": "836000", "interestAndDebtExpense": "None", "netIncomeFromContinuingOperations": "0", "comprehensiveIncomeNetOfTax": "None", "ebit": "129997000", "ebitda": "267010000", "netIncome": "53871000"}, {"fiscalDateEnding": "2012-06-30", "reportedCurrency": "USD", "grossProfit": "301398000", "totalRevenue": "437237000", "costOfRevenue": "135839000", "costofGoodsAndServicesSold": "135839000", "operatingIncome": "147929000", "sellingGeneralAndAdministrative": "25870000", "researchAndDevelopment": "0", "operatingExpenses": "153469000", "investmentIncomeNet": "None", "netInterestIncome": "None", "interestIncome": "None", "interestExpense": "91299000", "nonInterestIncome": "None", "otherNonOperatingIncome": "None", "depreciation": "None", "depreciationAndAmortization": "136545000", "incomeBeforeTax": "32977000", "incomeTaxExpense": "1447000", "interestAndDebtExpense": "None", "netIncomeFromContinuingOperations": "0", "comprehensiveIncomeNetOfTax": "None", "ebit": "122820000", "ebitda": "259365000", "netIncome": "77696000"}, {"fiscalDateEnding": "2012-03-31", "reportedCurrency": "USD", "grossProfit": "287509000", "totalRevenue": "416310000", "costOfRevenue": "128801000", "costofGoodsAndServicesSold": "128801000", "operatingIncome": "138851000", "sellingGeneralAndAdministrative": "27751000", "researchAndDevelopment": "0", "operatingExpenses": "148658000", "investmentIncomeNet": "None", "netInterestIncome": "None", "interestIncome": "None", "interestExpense": "88814000", "nonInterestIncome": "None", "otherNonOperatingIncome": "None", "depreciation": "None", "depreciationAndAmortization": "132154000", "incomeBeforeTax": "47121000", "incomeTaxExpense": "1470000", "interestAndDebtExpense": "None", "netIncomeFromContinuingOperations": "0", "comprehensiveIncomeNetOfTax": "None", "ebit": "134403000", "ebitda": "266557000", "netIncome": "58514000"}, {"fiscalDateEnding": "2011-12-31", "reportedCurrency": "USD", "grossProfit": "290858000", "totalRevenue": "402353000", "costOfRevenue": "111495000", "costofGoodsAndServicesSold": "111495000", "operatingIncome": "79399000", "sellingGeneralAndAdministrative": "77201000", "researchAndDevelopment": "0", "operatingExpenses": "211459000", "investmentIncomeNet": "None", "netInterestIncome": "None", "interestIncome": "None", "interestExpense": "88252000", "nonInterestIncome": "None", "otherNonOperatingIncome": "None", "depreciation": "None", "depreciationAndAmortization": "126971000", "incomeBeforeTax": "50284000", "incomeTaxExpense": "825000", "interestAndDebtExpense": "None", "netIncomeFromContinuingOperations": "0", "comprehensiveIncomeNetOfTax": "None", "ebit": "136920000", "ebitda": "263891000", "netIncome": "44516000"}, {"fiscalDateEnding": "2011-09-30", "reportedCurrency": "USD", "grossProfit": "267603000", "totalRevenue": "370730000", "costOfRevenue": "103127000", "costofGoodsAndServicesSold": "103127000", "operatingIncome": "136154000", "sellingGeneralAndAdministrative": "19735000", "researchAndDevelopment": "0", "operatingExpenses": "131449000", "investmentIncomeNet": "None", "netInterestIncome": "None", "interestIncome": "None", "interestExpense": "84429000", "nonInterestIncome": "None", "otherNonOperatingIncome": "1642000", "depreciation": "None", "depreciationAndAmortization": "119764000", "incomeBeforeTax": "46628000", "incomeTaxExpense": "223000", "interestAndDebtExpense": "None", "netIncomeFromContinuingOperations": "52309000", "comprehensiveIncomeNetOfTax": "None", "ebit": "129415000", "ebitda": "249179000", "netIncome": "53841000"}, {"fiscalDateEnding": "2011-06-30", "reportedCurrency": "USD", "grossProfit": "269794000", "totalRevenue": "369602000", "costOfRevenue": "99808000", "costofGoodsAndServicesSold": "99808000", "operatingIncome": "142809000", "sellingGeneralAndAdministrative": "19562000", "researchAndDevelopment": "0", "operatingExpenses": "126985000", "investmentIncomeNet": "None", "netInterestIncome": "None", "interestIncome": "None", "interestExpense": "81484000", "nonInterestIncome": "None", "otherNonOperatingIncome": "971000", "depreciation": "None", "depreciationAndAmortization": "114615000", "incomeBeforeTax": "48558000", "incomeTaxExpense": "211000", "interestAndDebtExpense": "None", "netIncomeFromContinuingOperations": "53811000", "comprehensiveIncomeNetOfTax": "None", "ebit": "129071000", "ebitda": "243686000", "netIncome": "87200000"}, {"fiscalDateEnding": "2011-03-31", "reportedCurrency": "USD", "grossProfit": "182193000", "totalRevenue": "245756000", "costOfRevenue": "63563000", "costofGoodsAndServicesSold": "63563000", "operatingIncome": "93488000", "sellingGeneralAndAdministrative": "17714000", "researchAndDevelopment": "0", "operatingExpenses": "88705000", "investmentIncomeNet": "None", "netInterestIncome": "None", "interestIncome": "None", "interestExpense": "56902000", "nonInterestIncome": "None", "otherNonOperatingIncome": "1543000", "depreciation": "None", "depreciationAndAmortization": "79106000", "incomeBeforeTax": "2064000", "incomeTaxExpense": "129000", "interestAndDebtExpense": "None", "netIncomeFromContinuingOperations": "6006000", "comprehensiveIncomeNetOfTax": "None", "ebit": "57423000", "ebitda": "136529000", "netIncome": "32052000"}, {"fiscalDateEnding": "2010-12-31", "reportedCurrency": "USD", "grossProfit": "155884000", "totalRevenue": "193145000", "costOfRevenue": "37261000", "costofGoodsAndServicesSold": "37261000", "operatingIncome": "109327000", "sellingGeneralAndAdministrative": "54626000", "researchAndDevelopment": "0", "operatingExpenses": "46557000", "investmentIncomeNet": "None", "netInterestIncome": "None", "interestIncome": "None", "interestExpense": "46405000", "nonInterestIncome": "None", "otherNonOperatingIncome": "None", "depreciation": "None", "depreciationAndAmortization": "66397000", "incomeBeforeTax": "18439000", "incomeTaxExpense": "39000", "interestAndDebtExpense": "None", "netIncomeFromContinuingOperations": "0", "comprehensiveIncomeNetOfTax": "None", "ebit": "62667000", "ebitda": "129064000", "netIncome": "39607000"}, {"fiscalDateEnding": "2010-09-30", "reportedCurrency": "USD", "grossProfit": "148616000", "totalRevenue": "168943000", "costOfRevenue": "20327000", "costofGoodsAndServicesSold": "20327000", "operatingIncome": "59107000", "sellingGeneralAndAdministrative": "11628000", "researchAndDevelopment": "0", "operatingExpenses": "89509000", "investmentIncomeNet": "None", "netInterestIncome": "None", "interestIncome": "None", "interestExpense": "42935000", "nonInterestIncome": "None", "otherNonOperatingIncome": "None", "depreciation": "None", "depreciationAndAmortization": "57523000", "incomeBeforeTax": "-12263000", "incomeTaxExpense": "52000", "interestAndDebtExpense": "None", "netIncomeFromContinuingOperations": "0", "comprehensiveIncomeNetOfTax": "None", "ebit": "28773000", "ebitda": "86296000", "netIncome": "784000"}, {"fiscalDateEnding": "2010-06-30", "reportedCurrency": "USD", "grossProfit": "141779000", "totalRevenue": "153749000", "costOfRevenue": "11970000", "costofGoodsAndServicesSold": "11970000", "operatingIncome": "85864000", "sellingGeneralAndAdministrative": "11878000", "researchAndDevelopment": "0", "operatingExpenses": "55915000", "investmentIncomeNet": "None", "netInterestIncome": "None", "interestIncome": "None", "interestExpense": "35478000", "nonInterestIncome": "None", "otherNonOperatingIncome": "None", "depreciation": "None", "depreciationAndAmortization": "52084000", "incomeBeforeTax": "44427000", "incomeTaxExpense": "188000", "interestAndDebtExpense": "None", "netIncomeFromContinuingOperations": "0", "comprehensiveIncomeNetOfTax": "None", "ebit": "78077000", "ebitda": "130161000", "netIncome": "51130000"}, {"fiscalDateEnding": "2010-03-31", "reportedCurrency": "USD", "grossProfit": "132864000", "totalRevenue": "145377000", "costOfRevenue": "12513000", "costofGoodsAndServicesSold": "12513000", "operatingIncome": "75391000", "sellingGeneralAndAdministrative": "16821000", "researchAndDevelopment": "0", "operatingExpenses": "57473000", "investmentIncomeNet": "None", "netInterestIncome": "None", "interestIncome": "None", "interestExpense": "28425000", "nonInterestIncome": "None", "otherNonOperatingIncome": "None", "depreciation": "None", "depreciationAndAmortization": "46995000", "incomeBeforeTax": "21982000", "incomeTaxExpense": "84000", "interestAndDebtExpense": "None", "netIncomeFromContinuingOperations": "0", "comprehensiveIncomeNetOfTax": "None", "ebit": "49639000", "ebitda": "96634000", "netIncome": "31321000"}, {"fiscalDateEnding": "2009-12-31", "reportedCurrency": "USD", "grossProfit": "130104000", "totalRevenue": "140623000", "costOfRevenue": "10519000", "costofGoodsAndServicesSold": "10519000", "operatingIncome": "59156000", "sellingGeneralAndAdministrative": "49691000", "researchAndDevelopment": "0", "operatingExpenses": "70948000", "investmentIncomeNet": "None", "netInterestIncome": "None", "interestIncome": "None", "interestExpense": "23719000", "nonInterestIncome": "None", "otherNonOperatingIncome": "None", "depreciation": "None", "depreciationAndAmortization": "46193000", "incomeBeforeTax": "35027000", "incomeTaxExpense": "151000", "interestAndDebtExpense": "None", "netIncomeFromContinuingOperations": "0", "comprehensiveIncomeNetOfTax": "None", "ebit": "58746000", "ebitda": "104939000", "netIncome": "37220000"}, {"fiscalDateEnding": "2009-09-30", "reportedCurrency": "USD", "grossProfit": "127991000", "totalRevenue": "140144000", "costOfRevenue": "12153000", "costofGoodsAndServicesSold": "12153000", "operatingIncome": "78441000", "sellingGeneralAndAdministrative": "10363000", "researchAndDevelopment": "0", "operatingExpenses": "49550000", "investmentIncomeNet": "None", "netInterestIncome": "None", "interestIncome": "None", "interestExpense": "27595000", "nonInterestIncome": "None", "otherNonOperatingIncome": "None", "depreciation": "None", "depreciationAndAmortization": "44831000", "incomeBeforeTax": "24472000", "incomeTaxExpense": "-55000", "interestAndDebtExpense": "None", "netIncomeFromContinuingOperations": "0", "comprehensiveIncomeNetOfTax": "None", "ebit": "52067000", "ebitda": "96898000", "netIncome": "24650000"}, {"fiscalDateEnding": "2009-06-30", "reportedCurrency": "USD", "grossProfit": "127799000", "totalRevenue": "139039000", "costOfRevenue": "11240000", "costofGoodsAndServicesSold": "11240000", "operatingIncome": "78622000", "sellingGeneralAndAdministrative": "11062000", "researchAndDevelopment": "0", "operatingExpenses": "49177000", "investmentIncomeNet": "None", "netInterestIncome": "None", "interestIncome": "None", "interestExpense": "26107000", "nonInterestIncome": "None", "otherNonOperatingIncome": "None", "depreciation": "None", "depreciationAndAmortization": "44407000", "incomeBeforeTax": "52515000", "incomeTaxExpense": "21000", "interestAndDebtExpense": "None", "netIncomeFromContinuingOperations": "0", "comprehensiveIncomeNetOfTax": "None", "ebit": "78622000", "ebitda": "123029000", "netIncome": "64756000"}, {"fiscalDateEnding": "2009-03-31", "reportedCurrency": "USD", "grossProfit": "127797000", "totalRevenue": "138846000", "costOfRevenue": "11049000", "costofGoodsAndServicesSold": "11049000", "operatingIncome": "72098000", "sellingGeneralAndAdministrative": "17361000", "researchAndDevelopment": "0", "operatingExpenses": "55699000", "investmentIncomeNet": "None", "netInterestIncome": "None", "interestIncome": "None", "interestExpense": "26679000", "nonInterestIncome": "None", "otherNonOperatingIncome": "None", "depreciation": "None", "depreciationAndAmortization": "44904000", "incomeBeforeTax": "47097000", "incomeTaxExpense": "50000", "interestAndDebtExpense": "None", "netIncomeFromContinuingOperations": "0", "comprehensiveIncomeNetOfTax": "None", "ebit": "73776000", "ebitda": "118680000", "netIncome": "66643000"}, {"fiscalDateEnding": "2008-12-31", "reportedCurrency": "USD", "grossProfit": "131032000", "totalRevenue": "140692000", "costOfRevenue": "9660000", "costofGoodsAndServicesSold": "9660000", "operatingIncome": "83856000", "sellingGeneralAndAdministrative": "34865000", "researchAndDevelopment": "0", "operatingExpenses": "47176000", "investmentIncomeNet": "None", "netInterestIncome": "None", "interestIncome": "None", "interestExpense": "32505000", "nonInterestIncome": "None", "otherNonOperatingIncome": "None", "depreciation": "None", "depreciationAndAmortization": "44568000", "incomeBeforeTax": "27958000", "incomeTaxExpense": "136000", "interestAndDebtExpense": "None", "netIncomeFromContinuingOperations": "0", "comprehensiveIncomeNetOfTax": "None", "ebit": "60463000", "ebitda": "105031000", "netIncome": "28594000"}, {"fiscalDateEnding": "2008-09-30", "reportedCurrency": "USD", "grossProfit": "128157000", "totalRevenue": "139349000", "costOfRevenue": "11192000", "costofGoodsAndServicesSold": "11192000", "operatingIncome": "78357000", "sellingGeneralAndAdministrative": "10789000", "researchAndDevelopment": "0", "operatingExpenses": "49800000", "investmentIncomeNet": "None", "netInterestIncome": "None", "interestIncome": "None", "interestExpense": "33725000", "nonInterestIncome": "None", "otherNonOperatingIncome": "None", "depreciation": "None", "depreciationAndAmortization": "47018000", "incomeBeforeTax": "43887000", "incomeTaxExpense": "-153000", "interestAndDebtExpense": "None", "netIncomeFromContinuingOperations": "0", "comprehensiveIncomeNetOfTax": "None", "ebit": "77612000", "ebitda": "124630000", "netIncome": "59319000"}, {"fiscalDateEnding": "2008-06-30", "reportedCurrency": "USD", "grossProfit": "118488000", "totalRevenue": "129185000", "costOfRevenue": "10697000", "costofGoodsAndServicesSold": "10697000", "operatingIncome": "72476000", "sellingGeneralAndAdministrative": "10575000", "researchAndDevelopment": "0", "operatingExpenses": "46012000", "investmentIncomeNet": "None", "netInterestIncome": "None", "interestIncome": "None", "interestExpense": "33335000", "nonInterestIncome": "None", "otherNonOperatingIncome": "None", "depreciation": "None", "depreciationAndAmortization": "41993000", "incomeBeforeTax": "39141000", "incomeTaxExpense": "44000", "interestAndDebtExpense": "None", "netIncomeFromContinuingOperations": "0", "comprehensiveIncomeNetOfTax": "None", "ebit": "72476000", "ebitda": "114469000", "netIncome": "161194000"}, {"fiscalDateEnding": "2008-03-31", "reportedCurrency": "USD", "grossProfit": "115921000", "totalRevenue": "126633000", "costOfRevenue": "10712000", "costofGoodsAndServicesSold": "10712000", "operatingIncome": "67247000", "sellingGeneralAndAdministrative": "12328000", "researchAndDevelopment": "0", "operatingExpenses": "48674000", "investmentIncomeNet": "None", "netInterestIncome": "None", "interestIncome": "None", "interestExpense": "35102000", "nonInterestIncome": "None", "otherNonOperatingIncome": "None", "depreciation": "None", "depreciationAndAmortization": "43100000", "incomeBeforeTax": "33471000", "incomeTaxExpense": "1279000", "interestAndDebtExpense": "None", "netIncomeFromContinuingOperations": "0", "comprehensiveIncomeNetOfTax": "None", "ebit": "68573000", "ebitda": "111673000", "netIncome": "35396000"}, {"fiscalDateEnding": "2007-12-31", "reportedCurrency": "USD", "grossProfit": "131507000", "totalRevenue": "131507000", "costOfRevenue": "-342536000", "costofGoodsAndServicesSold": "-342536000", "operatingIncome": "71504000", "sellingGeneralAndAdministrative": "9349000", "researchAndDevelopment": "0", "operatingExpenses": "60003000", "investmentIncomeNet": "None", "netInterestIncome": "None", "interestIncome": "None", "interestExpense": "134680000", "nonInterestIncome": "None", "otherNonOperatingIncome": "None", "depreciation": "None", "depreciationAndAmortization": "40081000", "incomeBeforeTax": "71504000", "incomeTaxExpense": "33860000", "interestAndDebtExpense": "None", "netIncomeFromContinuingOperations": "0", "comprehensiveIncomeNetOfTax": "None", "ebit": "71504000", "ebitda": "111585000", "netIncome": "48946000"}, {"fiscalDateEnding": "2007-09-30", "reportedCurrency": "USD", "grossProfit": "108412000", "totalRevenue": "118745000", "costOfRevenue": "10333000", "costofGoodsAndServicesSold": "10333000", "operatingIncome": "60755000", "sellingGeneralAndAdministrative": "8626000", "researchAndDevelopment": "0", "operatingExpenses": "47657000", "investmentIncomeNet": "None", "netInterestIncome": "None", "interestIncome": "None", "interestExpense": "33221000", "nonInterestIncome": "None", "otherNonOperatingIncome": "None", "depreciation": "None", "depreciationAndAmortization": "42033000", "incomeBeforeTax": "27534000", "incomeTaxExpense": "-23000", "interestAndDebtExpense": "None", "netIncomeFromContinuingOperations": "0", "comprehensiveIncomeNetOfTax": "None", "ebit": "60755000", "ebitda": "102788000", "netIncome": "30846000"}, {"fiscalDateEnding": "2007-06-30", "reportedCurrency": "USD", "grossProfit": "104086000", "totalRevenue": "112743000", "costOfRevenue": "8657000", "costofGoodsAndServicesSold": "8657000", "operatingIncome": "59615000", "sellingGeneralAndAdministrative": "9888000", "researchAndDevelopment": "0", "operatingExpenses": "44471000", "investmentIncomeNet": "None", "netInterestIncome": "None", "interestIncome": "None", "interestExpense": "31692000", "nonInterestIncome": "None", "otherNonOperatingIncome": "None", "depreciation": "None", "depreciationAndAmortization": "37863000", "incomeBeforeTax": "27923000", "incomeTaxExpense": "-69000", "interestAndDebtExpense": "None", "netIncomeFromContinuingOperations": "0", "comprehensiveIncomeNetOfTax": "None", "ebit": "59615000", "ebitda": "97478000", "netIncome": "31937000"}, {"fiscalDateEnding": "2007-03-31", "reportedCurrency": "USD", "grossProfit": "110237000", "totalRevenue": "110237000", "costOfRevenue": "977000", "costofGoodsAndServicesSold": "977000", "operatingIncome": "59338000", "sellingGeneralAndAdministrative": "9782000", "researchAndDevelopment": "0", "operatingExpenses": "50899000", "investmentIncomeNet": "None", "netInterestIncome": "None", "interestIncome": "None", "interestExpense": "31922000", "nonInterestIncome": "None", "otherNonOperatingIncome": "None", "depreciation": "None", "depreciationAndAmortization": "33860000", "incomeBeforeTax": "28008000", "incomeTaxExpense": "11000", "interestAndDebtExpense": "None", "netIncomeFromContinuingOperations": "0", "comprehensiveIncomeNetOfTax": "None", "ebit": "59338000", "ebitda": "93198000", "netIncome": "29673000"}, {"fiscalDateEnding": "2006-12-31", "reportedCurrency": "USD", "grossProfit": "86595000", "totalRevenue": "86595000", "costOfRevenue": "-237067000", "costofGoodsAndServicesSold": "-237067000", "operatingIncome": "51812000", "sellingGeneralAndAdministrative": "9487000", "researchAndDevelopment": "0", "operatingExpenses": "34783000", "investmentIncomeNet": "None", "netInterestIncome": "None", "interestIncome": "None", "interestExpense": "94802000", "nonInterestIncome": "None", "otherNonOperatingIncome": "None", "depreciation": "None", "depreciationAndAmortization": "23447000", "incomeBeforeTax": "51812000", "incomeTaxExpense": "24228000", "interestAndDebtExpense": "None", "netIncomeFromContinuingOperations": "0", "comprehensiveIncomeNetOfTax": "None", "ebit": "51812000", "ebitda": "75259000", "netIncome": "22959000"}, {"fiscalDateEnding": "2006-09-30", "reportedCurrency": "USD", "grossProfit": "78783000", "totalRevenue": "78783000", "costOfRevenue": "108000", "costofGoodsAndServicesSold": "108000", "operatingIncome": "49794000", "sellingGeneralAndAdministrative": "5010000", "researchAndDevelopment": "0", "operatingExpenses": "28989000", "investmentIncomeNet": "None", "netInterestIncome": "None", "interestIncome": "None", "interestExpense": "24007000", "nonInterestIncome": "None", "otherNonOperatingIncome": "None", "depreciation": "None", "depreciationAndAmortization": "24526000", "incomeBeforeTax": "49794000", "incomeTaxExpense": "23290000", "interestAndDebtExpense": "None", "netIncomeFromContinuingOperations": "0", "comprehensiveIncomeNetOfTax": "None", "ebit": "49794000", "ebitda": "74320000", "netIncome": "26813000"}, {"fiscalDateEnding": "2006-06-30", "reportedCurrency": "USD", "grossProfit": "77902000", "totalRevenue": "77902000", "costOfRevenue": "929000", "costofGoodsAndServicesSold": "929000", "operatingIncome": "49359000", "sellingGeneralAndAdministrative": "4798000", "researchAndDevelopment": "0", "operatingExpenses": "28543000", "investmentIncomeNet": "None", "netInterestIncome": "None", "interestIncome": "None", "interestExpense": "23058000", "nonInterestIncome": "None", "otherNonOperatingIncome": "None", "depreciation": "None", "depreciationAndAmortization": "24130000", "incomeBeforeTax": "49359000", "incomeTaxExpense": "22325000", "interestAndDebtExpense": "None", "netIncomeFromContinuingOperations": "0", "comprehensiveIncomeNetOfTax": "None", "ebit": "49359000", "ebitda": "73489000", "netIncome": "28001000"}, {"fiscalDateEnding": "2006-03-31", "reportedCurrency": "USD", "grossProfit": "76008000", "totalRevenue": "76008000", "costOfRevenue": "1553000", "costofGoodsAndServicesSold": "1553000", "operatingIncome": "47246000", "sellingGeneralAndAdministrative": "5976000", "researchAndDevelopment": "0", "operatingExpenses": "28762000", "investmentIncomeNet": "None", "netInterestIncome": "None", "interestIncome": "None", "interestExpense": "24043000", "nonInterestIncome": "None", "otherNonOperatingIncome": "None", "depreciation": "None", "depreciationAndAmortization": "23262000", "incomeBeforeTax": "47246000", "incomeTaxExpense": "23523000", "interestAndDebtExpense": "None", "netIncomeFromContinuingOperations": "0", "comprehensiveIncomeNetOfTax": "None", "ebit": "47246000", "ebitda": "70508000", "netIncome": "24978000"}, {"fiscalDateEnding": "2005-12-31", "reportedCurrency": "USD", "grossProfit": "74567000", "totalRevenue": "74567000", "costOfRevenue": "-206824000", "costofGoodsAndServicesSold": "-206824000", "operatingIncome": "68623000", "sellingGeneralAndAdministrative": "4256000", "researchAndDevelopment": "0", "operatingExpenses": "5944000", "investmentIncomeNet": "None", "netInterestIncome": "None", "interestIncome": "None", "interestExpense": "80050000", "nonInterestIncome": "None", "otherNonOperatingIncome": "None", "depreciation": "None", "depreciationAndAmortization": "22063000", "incomeBeforeTax": "68623000", "incomeTaxExpense": "41610000", "interestAndDebtExpense": "None", "netIncomeFromContinuingOperations": "0", "comprehensiveIncomeNetOfTax": "None", "ebit": "68623000", "ebitda": "90686000", "netIncome": "31920000"}]}