{"symbol": "AMPG", "annualReports": [{"fiscalDateEnding": "2024-12-31", "reportedCurrency": "USD", "grossProfit": "3485000", "totalRevenue": "9508000", "costOfRevenue": "6023000", "costofGoodsAndServicesSold": "6023000", "operatingIncome": "-8430000", "sellingGeneralAndAdministrative": "7856471", "researchAndDevelopment": "3591000", "operatingExpenses": "11915000", "investmentIncomeNet": "None", "netInterestIncome": "-292195", "interestIncome": "None", "interestExpense": "292195", "nonInterestIncome": "None", "otherNonOperatingIncome": "None", "depreciation": "None", "depreciationAndAmortization": "538759", "incomeBeforeTax": "-11227000", "incomeTaxExpense": "15000", "interestAndDebtExpense": "None", "netIncomeFromContinuingOperations": "-11242404", "comprehensiveIncomeNetOfTax": "None", "ebit": "-7961759", "ebitda": "-7423000", "netIncome": "-11242000"}, {"fiscalDateEnding": "2023-12-31", "reportedCurrency": "USD", "grossProfit": "7150691", "totalRevenue": "15584577", "costOfRevenue": "8433886", "costofGoodsAndServicesSold": "8433886", "operatingIncome": "-2577536", "sellingGeneralAndAdministrative": "7333588", "researchAndDevelopment": "2341845", "operatingExpenses": "9728227", "investmentIncomeNet": "None", "netInterestIncome": "31638", "interestIncome": "None", "interestExpense": "19281", "nonInterestIncome": "None", "otherNonOperatingIncome": "None", "depreciation": "None", "depreciationAndAmortization": "531160", "incomeBeforeTax": "-2441439", "incomeTaxExpense": "24000", "interestAndDebtExpense": "None", "netIncomeFromContinuingOperations": "-2830544", "comprehensiveIncomeNetOfTax": "None", "ebit": "-2441438", "ebitda": "-1910278", "netIncome": "-2465439"}, {"fiscalDateEnding": "2022-12-31", "reportedCurrency": "USD", "grossProfit": "8924864", "totalRevenue": "19394492", "costOfRevenue": "10469628", "costofGoodsAndServicesSold": "10469628", "operatingIncome": "150957", "sellingGeneralAndAdministrative": "7631250", "researchAndDevelopment": "1024127", "operatingExpenses": "8773907", "investmentIncomeNet": "None", "netInterestIncome": "-13013", "interestIncome": "None", "interestExpense": "13013", "nonInterestIncome": "None", "otherNonOperatingIncome": "None", "depreciation": "None", "depreciationAndAmortization": "957255", "incomeBeforeTax": "-677107", "incomeTaxExpense": "813445", "interestAndDebtExpense": "None", "netIncomeFromContinuingOperations": "-677107", "comprehensiveIncomeNetOfTax": "None", "ebit": "271093", "ebitda": "1228348", "netIncome": "-677107"}, {"fiscalDateEnding": "2021-12-31", "reportedCurrency": "USD", "grossProfit": "1293000", "totalRevenue": "5275000", "costOfRevenue": "3983000", "costofGoodsAndServicesSold": "3983000", "operatingIncome": "-5105000", "sellingGeneralAndAdministrative": "4564658", "researchAndDevelopment": "1833000", "operatingExpenses": "6398000", "investmentIncomeNet": "None", "netInterestIncome": "-42806", "interestIncome": "None", "interestExpense": "42806", "nonInterestIncome": "None", "otherNonOperatingIncome": "None", "depreciation": "None", "depreciationAndAmortization": "236696", "incomeBeforeTax": "-4759000", "incomeTaxExpense": "297889", "interestAndDebtExpense": "None", "netIncomeFromContinuingOperations": "-4758805", "comprehensiveIncomeNetOfTax": "None", "ebit": "-4715696", "ebitda": "-4479000", "netIncome": "-4759000"}, {"fiscalDateEnding": "2020-12-31", "reportedCurrency": "USD", "grossProfit": "1254000", "totalRevenue": "3458000", "costOfRevenue": "2204000", "costofGoodsAndServicesSold": "2204000", "operatingIncome": "-916000", "sellingGeneralAndAdministrative": "2170183", "researchAndDevelopment": "61953", "operatingExpenses": "2170000", "investmentIncomeNet": "None", "netInterestIncome": "-109613", "interestIncome": "None", "interestExpense": "109613", "nonInterestIncome": "None", "otherNonOperatingIncome": "None", "depreciation": "None", "depreciationAndAmortization": "226912", "incomeBeforeTax": "-1026000", "incomeTaxExpense": "109613", "interestAndDebtExpense": "None", "netIncomeFromContinuingOperations": "-1025559", "comprehensiveIncomeNetOfTax": "None", "ebit": "-915912", "ebitda": "-689000", "netIncome": "-1026000"}, {"fiscalDateEnding": "2019-12-31", "reportedCurrency": "USD", "grossProfit": "1565976", "totalRevenue": "3122630", "costOfRevenue": "1556654", "costofGoodsAndServicesSold": "1556654", "operatingIncome": "158997", "sellingGeneralAndAdministrative": "1483979", "researchAndDevelopment": "56507", "operatingExpenses": "1406979", "investmentIncomeNet": "None", "netInterestIncome": "-76052", "interestIncome": "None", "interestExpense": "76052", "nonInterestIncome": "None", "otherNonOperatingIncome": "None", "depreciation": "None", "depreciationAndAmortization": "129437", "incomeBeforeTax": "5945", "incomeTaxExpense": "76052", "interestAndDebtExpense": "None", "netIncomeFromContinuingOperations": "5945", "comprehensiveIncomeNetOfTax": "None", "ebit": "81997", "ebitda": "211434", "netIncome": "5945"}, {"fiscalDateEnding": "2018-12-31", "reportedCurrency": "USD", "grossProfit": "1381000", "totalRevenue": "2397000", "costOfRevenue": "1016000", "costofGoodsAndServicesSold": "1016000", "operatingIncome": "341424", "sellingGeneralAndAdministrative": "1040000", "researchAndDevelopment": "42941", "operatingExpenses": "1040000", "investmentIncomeNet": "None", "netInterestIncome": "-12431", "interestIncome": "None", "interestExpense": "12431", "nonInterestIncome": "None", "otherNonOperatingIncome": "None", "depreciation": "None", "depreciationAndAmortization": "38821", "incomeBeforeTax": "328993", "incomeTaxExpense": "-122000", "interestAndDebtExpense": "None", "netIncomeFromContinuingOperations": "328993", "comprehensiveIncomeNetOfTax": "None", "ebit": "341424", "ebitda": "380245", "netIncome": "328993"}, {"fiscalDateEnding": "2017-12-31", "reportedCurrency": "USD", "grossProfit": "728299", "totalRevenue": "1381000", "costOfRevenue": "652444", "costofGoodsAndServicesSold": "652444", "operatingIncome": "-90096", "sellingGeneralAndAdministrative": "818395", "researchAndDevelopment": "68447", "operatingExpenses": "818395", "investmentIncomeNet": "None", "netInterestIncome": "-6953", "interestIncome": "None", "interestExpense": "6953", "nonInterestIncome": "None", "otherNonOperatingIncome": "None", "depreciation": "None", "depreciationAndAmortization": "26863", "incomeBeforeTax": "-97049", "incomeTaxExpense": "0", "interestAndDebtExpense": "None", "netIncomeFromContinuingOperations": "-97049", "comprehensiveIncomeNetOfTax": "None", "ebit": "-90096", "ebitda": "-63233", "netIncome": "-97049"}, {"fiscalDateEnding": "2016-12-31", "reportedCurrency": "USD", "grossProfit": "1209000", "totalRevenue": "2036000", "costOfRevenue": "827600", "costofGoodsAndServicesSold": "827600", "operatingIncome": "471916", "sellingGeneralAndAdministrative": "736927", "researchAndDevelopment": "35369", "operatingExpenses": "736927", "investmentIncomeNet": "None", "netInterestIncome": "-15628", "interestIncome": "None", "interestExpense": "15628", "nonInterestIncome": "None", "otherNonOperatingIncome": "None", "depreciation": "None", "depreciationAndAmortization": "28859", "incomeBeforeTax": "456288", "incomeTaxExpense": "41092", "interestAndDebtExpense": "None", "netIncomeFromContinuingOperations": "415196", "comprehensiveIncomeNetOfTax": "None", "ebit": "471916", "ebitda": "500775", "netIncome": "456288"}, {"fiscalDateEnding": "2015-12-31", "reportedCurrency": "USD", "grossProfit": "733086", "totalRevenue": "1484793", "costOfRevenue": "751707", "costofGoodsAndServicesSold": "751707", "operatingIncome": "86580", "sellingGeneralAndAdministrative": "646506", "researchAndDevelopment": "None", "operatingExpenses": "646506", "investmentIncomeNet": "None", "netInterestIncome": "None", "interestIncome": "None", "interestExpense": "36530", "nonInterestIncome": "None", "otherNonOperatingIncome": "None", "depreciation": "None", "depreciationAndAmortization": "29604", "incomeBeforeTax": "50050", "incomeTaxExpense": "0", "interestAndDebtExpense": "None", "netIncomeFromContinuingOperations": "50050", "comprehensiveIncomeNetOfTax": "None", "ebit": "86580", "ebitda": "116184", "netIncome": "50050"}, {"fiscalDateEnding": "2014-12-31", "reportedCurrency": "USD", "grossProfit": "613055", "totalRevenue": "1276000", "costOfRevenue": "663056", "costofGoodsAndServicesSold": "663056", "operatingIncome": "-70830", "sellingGeneralAndAdministrative": "683885", "researchAndDevelopment": "None", "operatingExpenses": "683885", "investmentIncomeNet": "None", "netInterestIncome": "None", "interestIncome": "None", "interestExpense": "200120", "nonInterestIncome": "None", "otherNonOperatingIncome": "None", "depreciation": "None", "depreciationAndAmortization": "38202", "incomeBeforeTax": "-770000", "incomeTaxExpense": "200120", "interestAndDebtExpense": "None", "netIncomeFromContinuingOperations": "-770070", "comprehensiveIncomeNetOfTax": "None", "ebit": "-570202", "ebitda": "-532000", "netIncome": "-770000"}, {"fiscalDateEnding": "2013-12-31", "reportedCurrency": "USD", "grossProfit": "643411", "totalRevenue": "1223000", "costOfRevenue": "579100", "costofGoodsAndServicesSold": "579100", "operatingIncome": "-11629", "sellingGeneralAndAdministrative": "655040", "researchAndDevelopment": "None", "operatingExpenses": "655040", "investmentIncomeNet": "None", "netInterestIncome": "None", "interestIncome": "None", "interestExpense": "85765", "nonInterestIncome": "None", "otherNonOperatingIncome": "None", "depreciation": "None", "depreciationAndAmortization": "63313", "incomeBeforeTax": "-144000", "incomeTaxExpense": "85765", "interestAndDebtExpense": "None", "netIncomeFromContinuingOperations": "None", "comprehensiveIncomeNetOfTax": "None", "ebit": "-58729", "ebitda": "4584", "netIncome": "-144000"}, {"fiscalDateEnding": "2012-12-31", "reportedCurrency": "USD", "grossProfit": "399905", "totalRevenue": "996995", "costOfRevenue": "597090", "costofGoodsAndServicesSold": "597090", "operatingIncome": "-116000", "sellingGeneralAndAdministrative": "516328", "researchAndDevelopment": "None", "operatingExpenses": "516328", "investmentIncomeNet": "None", "netInterestIncome": "None", "interestIncome": "None", "interestExpense": "76572", "nonInterestIncome": "None", "otherNonOperatingIncome": "None", "depreciation": "None", "depreciationAndAmortization": "53792", "incomeBeforeTax": "-193000", "incomeTaxExpense": "None", "interestAndDebtExpense": "None", "netIncomeFromContinuingOperations": "None", "comprehensiveIncomeNetOfTax": "None", "ebit": "-116423", "ebitda": "-62631", "netIncome": "-193000"}, {"fiscalDateEnding": "2011-12-31", "reportedCurrency": "USD", "grossProfit": "558635", "totalRevenue": "906829", "costOfRevenue": "348194", "costofGoodsAndServicesSold": "348194", "operatingIncome": "-5605", "sellingGeneralAndAdministrative": "5605", "researchAndDevelopment": "None", "operatingExpenses": "5605", "investmentIncomeNet": "None", "netInterestIncome": "None", "interestIncome": "None", "interestExpense": "58335", "nonInterestIncome": "None", "otherNonOperatingIncome": "None", "depreciation": "None", "depreciationAndAmortization": "43017", "incomeBeforeTax": "-5605", "incomeTaxExpense": "None", "interestAndDebtExpense": "None", "netIncomeFromContinuingOperations": "None", "comprehensiveIncomeNetOfTax": "None", "ebit": "-5605", "ebitda": "-5605", "netIncome": "-5605"}, {"fiscalDateEnding": "2010-12-31", "reportedCurrency": "USD", "grossProfit": "None", "totalRevenue": "None", "costOfRevenue": "None", "costofGoodsAndServicesSold": "None", "operatingIncome": "-3117", "sellingGeneralAndAdministrative": "3117", "researchAndDevelopment": "None", "operatingExpenses": "3117", "investmentIncomeNet": "None", "netInterestIncome": "None", "interestIncome": "None", "interestExpense": "0", "nonInterestIncome": "None", "otherNonOperatingIncome": "None", "depreciation": "None", "depreciationAndAmortization": "None", "incomeBeforeTax": "-3117", "incomeTaxExpense": "None", "interestAndDebtExpense": "None", "netIncomeFromContinuingOperations": "None", "comprehensiveIncomeNetOfTax": "None", "ebit": "-3117", "ebitda": "-3117", "netIncome": "-3117"}], "quarterlyReports": [{"fiscalDateEnding": "2025-09-30", "reportedCurrency": "USD", "grossProfit": "2959643", "totalRevenue": "6093832", "costOfRevenue": "3134189", "costofGoodsAndServicesSold": "3134189", "operatingIncome": "-221256", "sellingGeneralAndAdministrative": "2481580", "researchAndDevelopment": "699319", "operatingExpenses": "3180899", "investmentIncomeNet": "None", "netInterestIncome": "32867", "interestIncome": "None", "interestExpense": "32867", "nonInterestIncome": "None", "otherNonOperatingIncome": "None", "depreciation": "None", "depreciationAndAmortization": "381094", "incomeBeforeTax": "-188373", "incomeTaxExpense": "None", "interestAndDebtExpense": "None", "netIncomeFromContinuingOperations": "-188373", "comprehensiveIncomeNetOfTax": "None", "ebit": "-155506", "ebitda": "225588", "netIncome": "-188373"}, {"fiscalDateEnding": "2025-06-30", "reportedCurrency": "USD", "grossProfit": "862879", "totalRevenue": "11025927", "costOfRevenue": "10163048", "costofGoodsAndServicesSold": "10163048", "operatingIncome": "-1925059", "sellingGeneralAndAdministrative": "2129143", "researchAndDevelopment": "658795", "operatingExpenses": "2787938", "investmentIncomeNet": "None", "netInterestIncome": "29193", "interestIncome": "None", "interestExpense": "None", "nonInterestIncome": "None", "otherNonOperatingIncome": "None", "depreciation": "None", "depreciationAndAmortization": "256158", "incomeBeforeTax": "-1771625", "incomeTaxExpense": "None", "interestAndDebtExpense": "None", "netIncomeFromContinuingOperations": "-1771625", "comprehensiveIncomeNetOfTax": "None", "ebit": "-1925059", "ebitda": "-1668901", "netIncome": "-1771625"}, {"fiscalDateEnding": "2025-03-31", "reportedCurrency": "USD", "grossProfit": "1187870", "totalRevenue": "3599099", "costOfRevenue": "2411229", "costofGoodsAndServicesSold": "2411229", "operatingIncome": "-1890018", "sellingGeneralAndAdministrative": "2338215", "researchAndDevelopment": "739673", "operatingExpenses": "3077888", "investmentIncomeNet": "None", "netInterestIncome": "49497", "interestIncome": "None", "interestExpense": "49497", "nonInterestIncome": "None", "otherNonOperatingIncome": "None", "depreciation": "None", "depreciationAndAmortization": "122060", "incomeBeforeTax": "-1840521", "incomeTaxExpense": "None", "interestAndDebtExpense": "None", "netIncomeFromContinuingOperations": "-1840521", "comprehensiveIncomeNetOfTax": "None", "ebit": "-1840521", "ebitda": "-1718461", "netIncome": "-1840521"}, {"fiscalDateEnding": "2024-12-31", "reportedCurrency": "USD", "grossProfit": "197461", "totalRevenue": "1853000", "costOfRevenue": "1656000", "costofGoodsAndServicesSold": "1656000", "operatingIncome": "-4345000", "sellingGeneralAndAdministrative": "1793424", "researchAndDevelopment": "721299", "operatingExpenses": "4543000", "investmentIncomeNet": "None", "netInterestIncome": "-178723", "interestIncome": "None", "interestExpense": "178723", "nonInterestIncome": "None", "otherNonOperatingIncome": "None", "depreciation": "None", "depreciationAndAmortization": "150169", "incomeBeforeTax": "-3806000", "incomeTaxExpense": "15000", "interestAndDebtExpense": "None", "netIncomeFromContinuingOperations": "-3821286", "comprehensiveIncomeNetOfTax": "None", "ebit": "-3877000", "ebitda": "-3726831", "netIncome": "-3821000"}, {"fiscalDateEnding": "2024-09-30", "reportedCurrency": "USD", "grossProfit": "1348000", "totalRevenue": "2835000", "costOfRevenue": "1487000", "costofGoodsAndServicesSold": "1487000", "operatingIncome": "-1089000", "sellingGeneralAndAdministrative": "1864245", "researchAndDevelopment": "572422", "operatingExpenses": "2437000", "investmentIncomeNet": "None", "netInterestIncome": "-100945", "interestIncome": "None", "interestExpense": "100945", "nonInterestIncome": "None", "otherNonOperatingIncome": "None", "depreciation": "None", "depreciationAndAmortization": "130145", "incomeBeforeTax": "-1190000", "incomeTaxExpense": "None", "interestAndDebtExpense": "None", "netIncomeFromContinuingOperations": "-1189683", "comprehensiveIncomeNetOfTax": "None", "ebit": "-1089145", "ebitda": "-959000", "netIncome": "-1190000"}, {"fiscalDateEnding": "2024-06-30", "reportedCurrency": "USD", "grossProfit": "1057087", "totalRevenue": "2527442", "costOfRevenue": "1470355", "costofGoodsAndServicesSold": "1470355", "operatingIncome": "-1568090", "sellingGeneralAndAdministrative": "2165055", "researchAndDevelopment": "460122", "operatingExpenses": "2625177", "investmentIncomeNet": "None", "netInterestIncome": "-8184", "interestIncome": "None", "interestExpense": "8184", "nonInterestIncome": "None", "otherNonOperatingIncome": "None", "depreciation": "None", "depreciationAndAmortization": "129321", "incomeBeforeTax": "-1576274", "incomeTaxExpense": "-1", "interestAndDebtExpense": "None", "netIncomeFromContinuingOperations": "-1576274", "comprehensiveIncomeNetOfTax": "None", "ebit": "-1568089", "ebitda": "-1438768", "netIncome": "-1576274"}, {"fiscalDateEnding": "2024-03-31", "reportedCurrency": "USD", "grossProfit": "882630", "totalRevenue": "2293331", "costOfRevenue": "1410701", "costofGoodsAndServicesSold": "1410701", "operatingIncome": "-1427872", "sellingGeneralAndAdministrative": "2033747", "researchAndDevelopment": "276755", "operatingExpenses": "2310502", "investmentIncomeNet": "None", "netInterestIncome": "-4343", "interestIncome": "None", "interestExpense": "4343", "nonInterestIncome": "None", "otherNonOperatingIncome": "None", "depreciation": "None", "depreciationAndAmortization": "129122", "incomeBeforeTax": "-4655161", "incomeTaxExpense": "24000", "interestAndDebtExpense": "None", "netIncomeFromContinuingOperations": "-4655161", "comprehensiveIncomeNetOfTax": "None", "ebit": "-4650822", "ebitda": "-4521700", "netIncome": "-4655161"}, {"fiscalDateEnding": "2023-12-31", "reportedCurrency": "USD", "grossProfit": "2008857", "totalRevenue": "4011878", "costOfRevenue": "2003021", "costofGoodsAndServicesSold": "2003021", "operatingIncome": "-523071", "sellingGeneralAndAdministrative": "1833541", "researchAndDevelopment": "698387", "operatingExpenses": "4534949", "investmentIncomeNet": "None", "netInterestIncome": "-1054", "interestIncome": "None", "interestExpense": "None", "nonInterestIncome": "None", "otherNonOperatingIncome": "None", "depreciation": "None", "depreciationAndAmortization": "None", "incomeBeforeTax": "-499003", "incomeTaxExpense": "None", "interestAndDebtExpense": "None", "netIncomeFromContinuingOperations": "-523003", "comprehensiveIncomeNetOfTax": "None", "ebit": "None", "ebitda": "None", "netIncome": "-523003"}, {"fiscalDateEnding": "2023-09-30", "reportedCurrency": "USD", "grossProfit": "1482781", "totalRevenue": "3387169", "costOfRevenue": "1904388", "costofGoodsAndServicesSold": "1904388", "operatingIncome": "-927244", "sellingGeneralAndAdministrative": "1984452", "researchAndDevelopment": "425573", "operatingExpenses": "2410025", "investmentIncomeNet": "None", "netInterestIncome": "-750", "interestIncome": "None", "interestExpense": "750", "nonInterestIncome": "None", "otherNonOperatingIncome": "None", "depreciation": "None", "depreciationAndAmortization": "129292", "incomeBeforeTax": "-887709", "incomeTaxExpense": "110827", "interestAndDebtExpense": "None", "netIncomeFromContinuingOperations": "-887709", "comprehensiveIncomeNetOfTax": "None", "ebit": "-886955", "ebitda": "-757663", "netIncome": "-887709"}, {"fiscalDateEnding": "2023-06-30", "reportedCurrency": "USD", "grossProfit": "1921209", "totalRevenue": "4073231", "costOfRevenue": "2152022", "costofGoodsAndServicesSold": "2152022", "operatingIncome": "-508109", "sellingGeneralAndAdministrative": "1731414", "researchAndDevelopment": "697905", "operatingExpenses": "2429319", "investmentIncomeNet": "None", "netInterestIncome": "7314", "interestIncome": "None", "interestExpense": "7314", "nonInterestIncome": "None", "otherNonOperatingIncome": "None", "depreciation": "None", "depreciationAndAmortization": "245288", "incomeBeforeTax": "-472761", "incomeTaxExpense": "-35349", "interestAndDebtExpense": "None", "netIncomeFromContinuingOperations": "-472761", "comprehensiveIncomeNetOfTax": "None", "ebit": "-472759", "ebitda": "-227471", "netIncome": "-472761"}, {"fiscalDateEnding": "2023-03-31", "reportedCurrency": "USD", "grossProfit": "1816531", "totalRevenue": "4112299", "costOfRevenue": "2295768", "costofGoodsAndServicesSold": "2295768", "operatingIncome": "-619111", "sellingGeneralAndAdministrative": "2086912", "researchAndDevelopment": "348730", "operatingExpenses": "2435642", "investmentIncomeNet": "None", "netInterestIncome": "13771", "interestIncome": "None", "interestExpense": "13771", "nonInterestIncome": "None", "otherNonOperatingIncome": "None", "depreciation": "None", "depreciationAndAmortization": "264490", "incomeBeforeTax": "-581966", "incomeTaxExpense": "-50916", "interestAndDebtExpense": "None", "netIncomeFromContinuingOperations": "-581966", "comprehensiveIncomeNetOfTax": "None", "ebit": "-581964", "ebitda": "-317474", "netIncome": "-581966"}, {"fiscalDateEnding": "2022-12-31", "reportedCurrency": "USD", "grossProfit": "1902632", "totalRevenue": "4275276", "costOfRevenue": "2372644", "costofGoodsAndServicesSold": "2372644", "operatingIncome": "-84147", "sellingGeneralAndAdministrative": "1655810", "researchAndDevelopment": "212439", "operatingExpenses": "1986779", "investmentIncomeNet": "None", "netInterestIncome": "11303", "interestIncome": "None", "interestExpense": "11303", "nonInterestIncome": "None", "otherNonOperatingIncome": "None", "depreciation": "None", "depreciationAndAmortization": "118546", "incomeBeforeTax": "-888108", "incomeTaxExpense": "813658", "interestAndDebtExpense": "None", "netIncomeFromContinuingOperations": "-888108", "comprehensiveIncomeNetOfTax": "None", "ebit": "35989", "ebitda": "154535", "netIncome": "-888108"}, {"fiscalDateEnding": "2022-09-30", "reportedCurrency": "USD", "grossProfit": "2660915", "totalRevenue": "5435654", "costOfRevenue": "2774739", "costofGoodsAndServicesSold": "2774739", "operatingIncome": "586021", "sellingGeneralAndAdministrative": "1852345", "researchAndDevelopment": "222549", "operatingExpenses": "2074894", "investmentIncomeNet": "None", "netInterestIncome": "-9318", "interestIncome": "None", "interestExpense": "9318", "nonInterestIncome": "None", "otherNonOperatingIncome": "None", "depreciation": "None", "depreciationAndAmortization": "261171", "incomeBeforeTax": "576916", "incomeTaxExpense": "9105", "interestAndDebtExpense": "None", "netIncomeFromContinuingOperations": "576916", "comprehensiveIncomeNetOfTax": "None", "ebit": "586234", "ebitda": "847405", "netIncome": "576916"}, {"fiscalDateEnding": "2022-06-30", "reportedCurrency": "USD", "grossProfit": "2037719", "totalRevenue": "4584042", "costOfRevenue": "2546323", "costofGoodsAndServicesSold": "2546323", "operatingIncome": "-359902", "sellingGeneralAndAdministrative": "2221785", "researchAndDevelopment": "175836", "operatingExpenses": "2397621", "investmentIncomeNet": "None", "netInterestIncome": "-9638", "interestIncome": "None", "interestExpense": "9638", "nonInterestIncome": "None", "otherNonOperatingIncome": "None", "depreciation": "None", "depreciationAndAmortization": "241120", "incomeBeforeTax": "-369540", "incomeTaxExpense": "9638", "interestAndDebtExpense": "None", "netIncomeFromContinuingOperations": "-369540", "comprehensiveIncomeNetOfTax": "None", "ebit": "-359902", "ebitda": "-118782", "netIncome": "-369540"}, {"fiscalDateEnding": "2022-03-31", "reportedCurrency": "USD", "grossProfit": "2323598", "totalRevenue": "5099520", "costOfRevenue": "2775922", "costofGoodsAndServicesSold": "2775922", "operatingIncome": "8985", "sellingGeneralAndAdministrative": "1901310", "researchAndDevelopment": "413303", "operatingExpenses": "2314613", "investmentIncomeNet": "None", "netInterestIncome": "-5360", "interestIncome": "None", "interestExpense": "5360", "nonInterestIncome": "None", "otherNonOperatingIncome": "None", "depreciation": "None", "depreciationAndAmortization": "85201", "incomeBeforeTax": "3625", "incomeTaxExpense": "5360", "interestAndDebtExpense": "None", "netIncomeFromContinuingOperations": "3625", "comprehensiveIncomeNetOfTax": "None", "ebit": "8985", "ebitda": "94186", "netIncome": "3625"}, {"fiscalDateEnding": "2021-12-31", "reportedCurrency": "USD", "grossProfit": "579419", "totalRevenue": "2721452", "costOfRevenue": "2142033", "costofGoodsAndServicesSold": "2142033", "operatingIncome": "-2666204", "sellingGeneralAndAdministrative": "1762224", "researchAndDevelopment": "1794257", "operatingExpenses": "3245623", "investmentIncomeNet": "None", "netInterestIncome": "-5966", "interestIncome": "None", "interestExpense": "5966", "nonInterestIncome": "None", "otherNonOperatingIncome": "None", "depreciation": "None", "depreciationAndAmortization": "74123", "incomeBeforeTax": "-2813334", "incomeTaxExpense": "5966", "interestAndDebtExpense": "None", "netIncomeFromContinuingOperations": "-2813334", "comprehensiveIncomeNetOfTax": "None", "ebit": "-2807371", "ebitda": "-2733248", "netIncome": "-2813334"}, {"fiscalDateEnding": "2021-09-30", "reportedCurrency": "USD", "grossProfit": "313613", "totalRevenue": "1056596", "costOfRevenue": "742983", "costofGoodsAndServicesSold": "742983", "operatingIncome": "-536716", "sellingGeneralAndAdministrative": "850329", "researchAndDevelopment": "16755", "operatingExpenses": "850329", "investmentIncomeNet": "None", "netInterestIncome": "-3842", "interestIncome": "None", "interestExpense": "3842", "nonInterestIncome": "None", "otherNonOperatingIncome": "None", "depreciation": "None", "depreciationAndAmortization": "65670", "incomeBeforeTax": "-592845", "incomeTaxExpense": "15362", "interestAndDebtExpense": "None", "netIncomeFromContinuingOperations": "-592845", "comprehensiveIncomeNetOfTax": "None", "ebit": "-589003", "ebitda": "-523333", "netIncome": "-592845"}, {"fiscalDateEnding": "2021-06-30", "reportedCurrency": "USD", "grossProfit": "344623", "totalRevenue": "1024410", "costOfRevenue": "679787", "costofGoodsAndServicesSold": "679787", "operatingIncome": "-698927", "sellingGeneralAndAdministrative": "1043550", "researchAndDevelopment": "55732", "operatingExpenses": "1043550", "investmentIncomeNet": "None", "netInterestIncome": "-6640", "interestIncome": "None", "interestExpense": "6640", "nonInterestIncome": "None", "otherNonOperatingIncome": "None", "depreciation": "None", "depreciationAndAmortization": "46990", "incomeBeforeTax": "-472695", "incomeTaxExpense": "6640", "interestAndDebtExpense": "None", "netIncomeFromContinuingOperations": "-472695", "comprehensiveIncomeNetOfTax": "None", "ebit": "-466055", "ebitda": "-419065", "netIncome": "-472695"}, {"fiscalDateEnding": "2021-03-31", "reportedCurrency": "USD", "grossProfit": "54981", "totalRevenue": "472974", "costOfRevenue": "417993", "costofGoodsAndServicesSold": "417993", "operatingIncome": "-853573", "sellingGeneralAndAdministrative": "908554", "researchAndDevelopment": "7229", "operatingExpenses": "908554", "investmentIncomeNet": "None", "netInterestIncome": "-26358", "interestIncome": "None", "interestExpense": "26358", "nonInterestIncome": "None", "otherNonOperatingIncome": "None", "depreciation": "None", "depreciationAndAmortization": "49913", "incomeBeforeTax": "-879931", "incomeTaxExpense": "None", "interestAndDebtExpense": "None", "netIncomeFromContinuingOperations": "-879931", "comprehensiveIncomeNetOfTax": "None", "ebit": "-853573", "ebitda": "-803660", "netIncome": "-879931"}, {"fiscalDateEnding": "2020-12-31", "reportedCurrency": "USD", "grossProfit": "268689", "totalRevenue": "890702", "costOfRevenue": "622013", "costofGoodsAndServicesSold": "622013", "operatingIncome": "-445228", "sellingGeneralAndAdministrative": "1456000", "researchAndDevelopment": "20870", "operatingExpenses": "713917", "investmentIncomeNet": "None", "netInterestIncome": "-31112", "interestIncome": "None", "interestExpense": "31112", "nonInterestIncome": "None", "otherNonOperatingIncome": "None", "depreciation": "None", "depreciationAndAmortization": "59206", "incomeBeforeTax": "-476340", "incomeTaxExpense": "None", "interestAndDebtExpense": "None", "netIncomeFromContinuingOperations": "-476340", "comprehensiveIncomeNetOfTax": "None", "ebit": "-445228", "ebitda": "-386022", "netIncome": "-476340"}, {"fiscalDateEnding": "2020-09-30", "reportedCurrency": "USD", "grossProfit": "520246", "totalRevenue": "1150732", "costOfRevenue": "630486", "costofGoodsAndServicesSold": "630486", "operatingIncome": "44998", "sellingGeneralAndAdministrative": "475248", "researchAndDevelopment": "17368", "operatingExpenses": "475248", "investmentIncomeNet": "None", "netInterestIncome": "-27988", "interestIncome": "None", "interestExpense": "27988", "nonInterestIncome": "None", "otherNonOperatingIncome": "None", "depreciation": "None", "depreciationAndAmortization": "58019", "incomeBeforeTax": "17010", "incomeTaxExpense": "None", "interestAndDebtExpense": "None", "netIncomeFromContinuingOperations": "17010", "comprehensiveIncomeNetOfTax": "None", "ebit": "44998", "ebitda": "103017", "netIncome": "17010"}, {"fiscalDateEnding": "2020-06-30", "reportedCurrency": "USD", "grossProfit": "225988", "totalRevenue": "660699", "costOfRevenue": "434711", "costofGoodsAndServicesSold": "434711", "operatingIncome": "-216469", "sellingGeneralAndAdministrative": "442457", "researchAndDevelopment": "3689", "operatingExpenses": "442457", "investmentIncomeNet": "None", "netInterestIncome": "-26799", "interestIncome": "None", "interestExpense": "26799", "nonInterestIncome": "None", "otherNonOperatingIncome": "None", "depreciation": "None", "depreciationAndAmortization": "55767", "incomeBeforeTax": "-243268", "incomeTaxExpense": "None", "interestAndDebtExpense": "None", "netIncomeFromContinuingOperations": "-243268", "comprehensiveIncomeNetOfTax": "None", "ebit": "-216469", "ebitda": "-160702", "netIncome": "-243268"}, {"fiscalDateEnding": "2020-03-31", "reportedCurrency": "USD", "grossProfit": "239314", "totalRevenue": "755948", "costOfRevenue": "516634", "costofGoodsAndServicesSold": "516634", "operatingIncome": "-299247", "sellingGeneralAndAdministrative": "538561", "researchAndDevelopment": "20026", "operatingExpenses": "538561", "investmentIncomeNet": "None", "netInterestIncome": "-23714", "interestIncome": "None", "interestExpense": "23714", "nonInterestIncome": "None", "otherNonOperatingIncome": "None", "depreciation": "None", "depreciationAndAmortization": "53920", "incomeBeforeTax": "-322961", "incomeTaxExpense": "None", "interestAndDebtExpense": "None", "netIncomeFromContinuingOperations": "-322961", "comprehensiveIncomeNetOfTax": "None", "ebit": "-299247", "ebitda": "-245327", "netIncome": "-322961"}, {"fiscalDateEnding": "2019-12-31", "reportedCurrency": "USD", "grossProfit": "530722", "totalRevenue": "1104208", "costOfRevenue": "573486", "costofGoodsAndServicesSold": "573486", "operatingIncome": "68191", "sellingGeneralAndAdministrative": "462531", "researchAndDevelopment": "8245", "operatingExpenses": "462531", "investmentIncomeNet": "None", "netInterestIncome": "-51081", "interestIncome": "None", "interestExpense": "51081", "nonInterestIncome": "None", "otherNonOperatingIncome": "None", "depreciation": "None", "depreciationAndAmortization": "53211", "incomeBeforeTax": "17110", "incomeTaxExpense": "None", "interestAndDebtExpense": "None", "netIncomeFromContinuingOperations": "17110", "comprehensiveIncomeNetOfTax": "None", "ebit": "68191", "ebitda": "121402", "netIncome": "17110"}, {"fiscalDateEnding": "2019-09-30", "reportedCurrency": "USD", "grossProfit": "350370", "totalRevenue": "708896", "costOfRevenue": "358526", "costofGoodsAndServicesSold": "358526", "operatingIncome": "-128000", "sellingGeneralAndAdministrative": "478297", "researchAndDevelopment": "20886", "operatingExpenses": "478297", "investmentIncomeNet": "None", "netInterestIncome": "-10457", "interestIncome": "None", "interestExpense": "10457", "nonInterestIncome": "None", "otherNonOperatingIncome": "None", "depreciation": "None", "depreciationAndAmortization": "23729", "incomeBeforeTax": "-138000", "incomeTaxExpense": "None", "interestAndDebtExpense": "None", "netIncomeFromContinuingOperations": "-138384", "comprehensiveIncomeNetOfTax": "None", "ebit": "-127729", "ebitda": "-104000", "netIncome": "-138000"}, {"fiscalDateEnding": "2019-06-30", "reportedCurrency": "USD", "grossProfit": "360766", "totalRevenue": "631208", "costOfRevenue": "270442", "costofGoodsAndServicesSold": "270442", "operatingIncome": "59085", "sellingGeneralAndAdministrative": "301681", "researchAndDevelopment": "9747", "operatingExpenses": "301681", "investmentIncomeNet": "None", "netInterestIncome": "-10669", "interestIncome": "None", "interestExpense": "10669", "nonInterestIncome": "None", "otherNonOperatingIncome": "None", "depreciation": "None", "depreciationAndAmortization": "26248", "incomeBeforeTax": "48416", "incomeTaxExpense": "None", "interestAndDebtExpense": "None", "netIncomeFromContinuingOperations": "48416", "comprehensiveIncomeNetOfTax": "None", "ebit": "59085", "ebitda": "85333", "netIncome": "48416"}, {"fiscalDateEnding": "2019-03-31", "reportedCurrency": "USD", "grossProfit": "324118", "totalRevenue": "678318", "costOfRevenue": "354200", "costofGoodsAndServicesSold": "354200", "operatingIncome": "82647", "sellingGeneralAndAdministrative": "241471", "researchAndDevelopment": "17629", "operatingExpenses": "241471", "investmentIncomeNet": "None", "netInterestIncome": "-3845", "interestIncome": "None", "interestExpense": "3845", "nonInterestIncome": "None", "otherNonOperatingIncome": "None", "depreciation": "None", "depreciationAndAmortization": "12622", "incomeBeforeTax": "78802", "incomeTaxExpense": "None", "interestAndDebtExpense": "None", "netIncomeFromContinuingOperations": "78802", "comprehensiveIncomeNetOfTax": "None", "ebit": "82647", "ebitda": "95269", "netIncome": "78802"}, {"fiscalDateEnding": "2018-12-31", "reportedCurrency": "USD", "grossProfit": "481365", "totalRevenue": "819977", "costOfRevenue": "338612", "costofGoodsAndServicesSold": "338612", "operatingIncome": "211774", "sellingGeneralAndAdministrative": "269591", "researchAndDevelopment": "11565", "operatingExpenses": "269591", "investmentIncomeNet": "None", "netInterestIncome": "None", "interestIncome": "None", "interestExpense": "3734", "nonInterestIncome": "None", "otherNonOperatingIncome": "None", "depreciation": "None", "depreciationAndAmortization": "13572", "incomeBeforeTax": "208040", "incomeTaxExpense": "0", "interestAndDebtExpense": "None", "netIncomeFromContinuingOperations": "208040", "comprehensiveIncomeNetOfTax": "None", "ebit": "211774", "ebitda": "225346", "netIncome": "208040"}, {"fiscalDateEnding": "2018-09-30", "reportedCurrency": "USD", "grossProfit": "280329", "totalRevenue": "530113", "costOfRevenue": "249784", "costofGoodsAndServicesSold": "249784", "operatingIncome": "11432", "sellingGeneralAndAdministrative": "268897", "researchAndDevelopment": "10951", "operatingExpenses": "268897", "investmentIncomeNet": "None", "netInterestIncome": "None", "interestIncome": "None", "interestExpense": "4704", "nonInterestIncome": "None", "otherNonOperatingIncome": "None", "depreciation": "None", "depreciationAndAmortization": "11499", "incomeBeforeTax": "6728", "incomeTaxExpense": "0", "interestAndDebtExpense": "None", "netIncomeFromContinuingOperations": "6728", "comprehensiveIncomeNetOfTax": "None", "ebit": "11432", "ebitda": "22931", "netIncome": "6728"}, {"fiscalDateEnding": "2018-06-30", "reportedCurrency": "USD", "grossProfit": "364610", "totalRevenue": "618787", "costOfRevenue": "254177", "costofGoodsAndServicesSold": "254177", "operatingIncome": "74000", "sellingGeneralAndAdministrative": "290610", "researchAndDevelopment": "13290", "operatingExpenses": "290610", "investmentIncomeNet": "None", "netInterestIncome": "None", "interestIncome": "None", "interestExpense": "2545", "nonInterestIncome": "None", "otherNonOperatingIncome": "None", "depreciation": "None", "depreciationAndAmortization": "6900", "incomeBeforeTax": "71455", "incomeTaxExpense": "0", "interestAndDebtExpense": "None", "netIncomeFromContinuingOperations": "71455", "comprehensiveIncomeNetOfTax": "None", "ebit": "74000", "ebitda": "80900", "netIncome": "71455"}, {"fiscalDateEnding": "2018-03-31", "reportedCurrency": "USD", "grossProfit": "254888", "totalRevenue": "428541", "costOfRevenue": "173653", "costofGoodsAndServicesSold": "173653", "operatingIncome": "44218", "sellingGeneralAndAdministrative": "210670", "researchAndDevelopment": "7135", "operatingExpenses": "210670", "investmentIncomeNet": "None", "netInterestIncome": "None", "interestIncome": "None", "interestExpense": "1448", "nonInterestIncome": "None", "otherNonOperatingIncome": "None", "depreciation": "None", "depreciationAndAmortization": "6850", "incomeBeforeTax": "42770", "incomeTaxExpense": "0", "interestAndDebtExpense": "None", "netIncomeFromContinuingOperations": "42770", "comprehensiveIncomeNetOfTax": "None", "ebit": "44218", "ebitda": "51068", "netIncome": "42770"}, {"fiscalDateEnding": "2017-12-31", "reportedCurrency": "USD", "grossProfit": "152313", "totalRevenue": "336688", "costOfRevenue": "184375", "costofGoodsAndServicesSold": "184375", "operatingIncome": "-15697", "sellingGeneralAndAdministrative": "168010", "researchAndDevelopment": "None", "operatingExpenses": "352385", "investmentIncomeNet": "None", "netInterestIncome": "None", "interestIncome": "None", "interestExpense": "1360", "nonInterestIncome": "None", "otherNonOperatingIncome": "None", "depreciation": "None", "depreciationAndAmortization": "6832", "incomeBeforeTax": "-17057", "incomeTaxExpense": "0", "interestAndDebtExpense": "None", "netIncomeFromContinuingOperations": "-17057", "comprehensiveIncomeNetOfTax": "None", "ebit": "-15697", "ebitda": "-8865", "netIncome": "-17057"}, {"fiscalDateEnding": "2017-09-30", "reportedCurrency": "USD", "grossProfit": "142163", "totalRevenue": "284151", "costOfRevenue": "141988", "costofGoodsAndServicesSold": "141988", "operatingIncome": "-53244", "sellingGeneralAndAdministrative": "195407", "researchAndDevelopment": "None", "operatingExpenses": "195407", "investmentIncomeNet": "None", "netInterestIncome": "None", "interestIncome": "None", "interestExpense": "1189", "nonInterestIncome": "None", "otherNonOperatingIncome": "None", "depreciation": "None", "depreciationAndAmortization": "6732", "incomeBeforeTax": "-54433", "incomeTaxExpense": "0", "interestAndDebtExpense": "None", "netIncomeFromContinuingOperations": "-54433", "comprehensiveIncomeNetOfTax": "None", "ebit": "-53244", "ebitda": "-46512", "netIncome": "-54433"}, {"fiscalDateEnding": "2017-06-30", "reportedCurrency": "USD", "grossProfit": "172335", "totalRevenue": "301305", "costOfRevenue": "128970", "costofGoodsAndServicesSold": "128970", "operatingIncome": "-57150", "sellingGeneralAndAdministrative": "229485", "researchAndDevelopment": "None", "operatingExpenses": "229485", "investmentIncomeNet": "None", "netInterestIncome": "None", "interestIncome": "None", "interestExpense": "2073", "nonInterestIncome": "None", "otherNonOperatingIncome": "None", "depreciation": "None", "depreciationAndAmortization": "6666", "incomeBeforeTax": "-59223", "incomeTaxExpense": "0", "interestAndDebtExpense": "None", "netIncomeFromContinuingOperations": "-59223", "comprehensiveIncomeNetOfTax": "None", "ebit": "-57150", "ebitda": "-50484", "netIncome": "-59223"}, {"fiscalDateEnding": "2017-03-31", "reportedCurrency": "USD", "grossProfit": "261489", "totalRevenue": "458600", "costOfRevenue": "197111", "costofGoodsAndServicesSold": "197111", "operatingIncome": "35996", "sellingGeneralAndAdministrative": "225493", "researchAndDevelopment": "None", "operatingExpenses": "225493", "investmentIncomeNet": "None", "netInterestIncome": "None", "interestIncome": "None", "interestExpense": "2332", "nonInterestIncome": "None", "otherNonOperatingIncome": "None", "depreciation": "None", "depreciationAndAmortization": "6633", "incomeBeforeTax": "33664", "incomeTaxExpense": "0", "interestAndDebtExpense": "None", "netIncomeFromContinuingOperations": "33664", "comprehensiveIncomeNetOfTax": "None", "ebit": "35996", "ebitda": "42629", "netIncome": "33664"}, {"fiscalDateEnding": "2016-12-31", "reportedCurrency": "USD", "grossProfit": "411870", "totalRevenue": "663916", "costOfRevenue": "252046", "costofGoodsAndServicesSold": "252046", "operatingIncome": "221991", "sellingGeneralAndAdministrative": "189879", "researchAndDevelopment": "35369", "operatingExpenses": "189879", "investmentIncomeNet": "None", "netInterestIncome": "None", "interestIncome": "None", "interestExpense": "2738", "nonInterestIncome": "None", "otherNonOperatingIncome": "None", "depreciation": "None", "depreciationAndAmortization": "7214", "incomeBeforeTax": "219253", "incomeTaxExpense": "41092", "interestAndDebtExpense": "None", "netIncomeFromContinuingOperations": "178161", "comprehensiveIncomeNetOfTax": "None", "ebit": "221991", "ebitda": "229205", "netIncome": "178161"}, {"fiscalDateEnding": "2016-09-30", "reportedCurrency": "USD", "grossProfit": "411720", "totalRevenue": "721482", "costOfRevenue": "309762", "costofGoodsAndServicesSold": "309762", "operatingIncome": "243634", "sellingGeneralAndAdministrative": "168086", "researchAndDevelopment": "None", "operatingExpenses": "168086", "investmentIncomeNet": "None", "netInterestIncome": "None", "interestIncome": "None", "interestExpense": "4428", "nonInterestIncome": "None", "otherNonOperatingIncome": "None", "depreciation": "None", "depreciationAndAmortization": "7215", "incomeBeforeTax": "239206", "incomeTaxExpense": "None", "interestAndDebtExpense": "None", "netIncomeFromContinuingOperations": "None", "comprehensiveIncomeNetOfTax": "None", "ebit": "243634", "ebitda": "250849", "netIncome": "239206"}, {"fiscalDateEnding": "2016-06-30", "reportedCurrency": "USD", "grossProfit": "354440", "totalRevenue": "504565", "costOfRevenue": "150125", "costofGoodsAndServicesSold": "150125", "operatingIncome": "159585", "sellingGeneralAndAdministrative": "194855", "researchAndDevelopment": "None", "operatingExpenses": "194855", "investmentIncomeNet": "None", "netInterestIncome": "None", "interestIncome": "None", "interestExpense": "4824", "nonInterestIncome": "None", "otherNonOperatingIncome": "None", "depreciation": "None", "depreciationAndAmortization": "7215", "incomeBeforeTax": "154761", "incomeTaxExpense": "None", "interestAndDebtExpense": "None", "netIncomeFromContinuingOperations": "None", "comprehensiveIncomeNetOfTax": "None", "ebit": "159585", "ebitda": "166800", "netIncome": "154761"}, {"fiscalDateEnding": "2016-03-31", "reportedCurrency": "USD", "grossProfit": "38484", "totalRevenue": "146480", "costOfRevenue": "107996", "costofGoodsAndServicesSold": "107996", "operatingIncome": "-138000", "sellingGeneralAndAdministrative": "176065", "researchAndDevelopment": "None", "operatingExpenses": "176065", "investmentIncomeNet": "None", "netInterestIncome": "None", "interestIncome": "None", "interestExpense": "3638", "nonInterestIncome": "None", "otherNonOperatingIncome": "None", "depreciation": "None", "depreciationAndAmortization": "7215", "incomeBeforeTax": "-141000", "incomeTaxExpense": "None", "interestAndDebtExpense": "None", "netIncomeFromContinuingOperations": "None", "comprehensiveIncomeNetOfTax": "None", "ebit": "-137215", "ebitda": "-130000", "netIncome": "-141000"}, {"fiscalDateEnding": "2015-12-31", "reportedCurrency": "USD", "grossProfit": "171768", "totalRevenue": "377321", "costOfRevenue": "205553", "costofGoodsAndServicesSold": "205553", "operatingIncome": "3594", "sellingGeneralAndAdministrative": "168174", "researchAndDevelopment": "None", "operatingExpenses": "168174", "investmentIncomeNet": "None", "netInterestIncome": "None", "interestIncome": "None", "interestExpense": "9313", "nonInterestIncome": "None", "otherNonOperatingIncome": "None", "depreciation": "None", "depreciationAndAmortization": "7563", "incomeBeforeTax": "-5719", "incomeTaxExpense": "None", "interestAndDebtExpense": "None", "netIncomeFromContinuingOperations": "None", "comprehensiveIncomeNetOfTax": "None", "ebit": "3594", "ebitda": "11157", "netIncome": "-5719"}, {"fiscalDateEnding": "2015-09-30", "reportedCurrency": "USD", "grossProfit": "168242", "totalRevenue": "380233", "costOfRevenue": "211991", "costofGoodsAndServicesSold": "211991", "operatingIncome": "23350", "sellingGeneralAndAdministrative": "144892", "researchAndDevelopment": "None", "operatingExpenses": "144892", "investmentIncomeNet": "None", "netInterestIncome": "None", "interestIncome": "None", "interestExpense": "7844", "nonInterestIncome": "None", "otherNonOperatingIncome": "None", "depreciation": "None", "depreciationAndAmortization": "7347", "incomeBeforeTax": "15506", "incomeTaxExpense": "None", "interestAndDebtExpense": "None", "netIncomeFromContinuingOperations": "None", "comprehensiveIncomeNetOfTax": "None", "ebit": "23350", "ebitda": "30697", "netIncome": "15506"}, {"fiscalDateEnding": "2015-06-30", "reportedCurrency": "USD", "grossProfit": "185897", "totalRevenue": "378788", "costOfRevenue": "192891", "costofGoodsAndServicesSold": "192891", "operatingIncome": "18932", "sellingGeneralAndAdministrative": "166965", "researchAndDevelopment": "None", "operatingExpenses": "166965", "investmentIncomeNet": "None", "netInterestIncome": "None", "interestIncome": "None", "interestExpense": "9479", "nonInterestIncome": "None", "otherNonOperatingIncome": "None", "depreciation": "None", "depreciationAndAmortization": "7347", "incomeBeforeTax": "9453", "incomeTaxExpense": "None", "interestAndDebtExpense": "None", "netIncomeFromContinuingOperations": "None", "comprehensiveIncomeNetOfTax": "None", "ebit": "18932", "ebitda": "26279", "netIncome": "9453"}, {"fiscalDateEnding": "2015-03-31", "reportedCurrency": "USD", "grossProfit": "207179", "totalRevenue": "348452", "costOfRevenue": "141273", "costofGoodsAndServicesSold": "141273", "operatingIncome": "40703", "sellingGeneralAndAdministrative": "166476", "researchAndDevelopment": "None", "operatingExpenses": "166476", "investmentIncomeNet": "None", "netInterestIncome": "None", "interestIncome": "None", "interestExpense": "9894", "nonInterestIncome": "None", "otherNonOperatingIncome": "None", "depreciation": "None", "depreciationAndAmortization": "7347", "incomeBeforeTax": "30809", "incomeTaxExpense": "None", "interestAndDebtExpense": "None", "netIncomeFromContinuingOperations": "None", "comprehensiveIncomeNetOfTax": "None", "ebit": "40703", "ebitda": "48050", "netIncome": "30809"}, {"fiscalDateEnding": "2014-12-31", "reportedCurrency": "USD", "grossProfit": "157369", "totalRevenue": "323917", "costOfRevenue": "166548", "costofGoodsAndServicesSold": "166548", "operatingIncome": "-15112", "sellingGeneralAndAdministrative": "172481", "researchAndDevelopment": "None", "operatingExpenses": "172481", "investmentIncomeNet": "None", "netInterestIncome": "None", "interestIncome": "None", "interestExpense": "30934", "nonInterestIncome": "None", "otherNonOperatingIncome": "None", "depreciation": "None", "depreciationAndAmortization": "7551", "incomeBeforeTax": "-44998", "incomeTaxExpense": "30934", "interestAndDebtExpense": "None", "netIncomeFromContinuingOperations": "None", "comprehensiveIncomeNetOfTax": "None", "ebit": "-14064", "ebitda": "-6513", "netIncome": "-44998"}, {"fiscalDateEnding": "2014-09-30", "reportedCurrency": "USD", "grossProfit": "133283", "totalRevenue": "308831", "costOfRevenue": "175548", "costofGoodsAndServicesSold": "175548", "operatingIncome": "-43400", "sellingGeneralAndAdministrative": "176683", "researchAndDevelopment": "None", "operatingExpenses": "176683", "investmentIncomeNet": "None", "netInterestIncome": "None", "interestIncome": "None", "interestExpense": "43054", "nonInterestIncome": "None", "otherNonOperatingIncome": "None", "depreciation": "None", "depreciationAndAmortization": "14667", "incomeBeforeTax": "-86454", "incomeTaxExpense": "None", "interestAndDebtExpense": "None", "netIncomeFromContinuingOperations": "None", "comprehensiveIncomeNetOfTax": "None", "ebit": "-43400", "ebitda": "-28733", "netIncome": "-86454"}, {"fiscalDateEnding": "2014-06-30", "reportedCurrency": "USD", "grossProfit": "165984", "totalRevenue": "319487", "costOfRevenue": "153503", "costofGoodsAndServicesSold": "153503", "operatingIncome": "20833", "sellingGeneralAndAdministrative": "145151", "researchAndDevelopment": "None", "operatingExpenses": "145151", "investmentIncomeNet": "None", "netInterestIncome": "None", "interestIncome": "None", "interestExpense": "72789", "nonInterestIncome": "None", "otherNonOperatingIncome": "None", "depreciation": "None", "depreciationAndAmortization": "7992", "incomeBeforeTax": "-557000", "incomeTaxExpense": "72789", "interestAndDebtExpense": "None", "netIncomeFromContinuingOperations": "None", "comprehensiveIncomeNetOfTax": "None", "ebit": "-483992", "ebitda": "-476000", "netIncome": "-557000"}, {"fiscalDateEnding": "2014-03-31", "reportedCurrency": "USD", "grossProfit": "154079", "totalRevenue": "323876", "costOfRevenue": "169797", "costofGoodsAndServicesSold": "169797", "operatingIncome": "-34347", "sellingGeneralAndAdministrative": "188426", "researchAndDevelopment": "None", "operatingExpenses": "188426", "investmentIncomeNet": "None", "netInterestIncome": "None", "interestIncome": "None", "interestExpense": "53343", "nonInterestIncome": "None", "otherNonOperatingIncome": "None", "depreciation": "None", "depreciationAndAmortization": "7992", "incomeBeforeTax": "-82110", "incomeTaxExpense": "53343", "interestAndDebtExpense": "None", "netIncomeFromContinuingOperations": "None", "comprehensiveIncomeNetOfTax": "None", "ebit": "-28767", "ebitda": "-20775", "netIncome": "-82110"}, {"fiscalDateEnding": "2013-12-31", "reportedCurrency": "USD", "grossProfit": "202928", "totalRevenue": "463265", "costOfRevenue": "260337", "costofGoodsAndServicesSold": "260337", "operatingIncome": "23611", "sellingGeneralAndAdministrative": "179317", "researchAndDevelopment": "None", "operatingExpenses": "179317", "investmentIncomeNet": "None", "netInterestIncome": "None", "interestIncome": "None", "interestExpense": "23769", "nonInterestIncome": "None", "otherNonOperatingIncome": "None", "depreciation": "None", "depreciationAndAmortization": "15829", "incomeBeforeTax": "-47258", "incomeTaxExpense": "-23331", "interestAndDebtExpense": "None", "netIncomeFromContinuingOperations": "None", "comprehensiveIncomeNetOfTax": "None", "ebit": "-23489", "ebitda": "-7660", "netIncome": "-47258"}, {"fiscalDateEnding": "2013-09-30", "reportedCurrency": "USD", "grossProfit": "210630", "totalRevenue": "301155", "costOfRevenue": "90525", "costofGoodsAndServicesSold": "90525", "operatingIncome": "62552", "sellingGeneralAndAdministrative": "148078", "researchAndDevelopment": "None", "operatingExpenses": "148078", "investmentIncomeNet": "None", "netInterestIncome": "None", "interestIncome": "None", "interestExpense": "27417", "nonInterestIncome": "None", "otherNonOperatingIncome": "None", "depreciation": "None", "depreciationAndAmortization": "15828", "incomeBeforeTax": "35135", "incomeTaxExpense": "None", "interestAndDebtExpense": "None", "netIncomeFromContinuingOperations": "None", "comprehensiveIncomeNetOfTax": "None", "ebit": "62552", "ebitda": "78380", "netIncome": "35135"}, {"fiscalDateEnding": "2013-06-30", "reportedCurrency": "USD", "grossProfit": "42559", "totalRevenue": "148907", "costOfRevenue": "106348", "costofGoodsAndServicesSold": "106348", "operatingIncome": "-144000", "sellingGeneralAndAdministrative": "186326", "researchAndDevelopment": "None", "operatingExpenses": "186326", "investmentIncomeNet": "None", "netInterestIncome": "None", "interestIncome": "None", "interestExpense": "18963", "nonInterestIncome": "None", "otherNonOperatingIncome": "None", "depreciation": "None", "depreciationAndAmortization": "15828", "incomeBeforeTax": "-163000", "incomeTaxExpense": "None", "interestAndDebtExpense": "None", "netIncomeFromContinuingOperations": "None", "comprehensiveIncomeNetOfTax": "None", "ebit": "-143828", "ebitda": "-128000", "netIncome": "-163000"}, {"fiscalDateEnding": "2013-03-31", "reportedCurrency": "USD", "grossProfit": "187542", "totalRevenue": "309183", "costOfRevenue": "121641", "costofGoodsAndServicesSold": "121641", "operatingIncome": "31272", "sellingGeneralAndAdministrative": "156270", "researchAndDevelopment": "None", "operatingExpenses": "156270", "investmentIncomeNet": "None", "netInterestIncome": "None", "interestIncome": "None", "interestExpense": "15913", "nonInterestIncome": "None", "otherNonOperatingIncome": "None", "depreciation": "None", "depreciationAndAmortization": "15828", "incomeBeforeTax": "15359", "incomeTaxExpense": "None", "interestAndDebtExpense": "None", "netIncomeFromContinuingOperations": "None", "comprehensiveIncomeNetOfTax": "None", "ebit": "31272", "ebitda": "47100", "netIncome": "15359"}, {"fiscalDateEnding": "2012-12-31", "reportedCurrency": "USD", "grossProfit": "23430", "totalRevenue": "280736", "costOfRevenue": "257306", "costofGoodsAndServicesSold": "257306", "operatingIncome": "-177997", "sellingGeneralAndAdministrative": "201427", "researchAndDevelopment": "None", "operatingExpenses": "201427", "investmentIncomeNet": "None", "netInterestIncome": "None", "interestIncome": "None", "interestExpense": "21809", "nonInterestIncome": "None", "otherNonOperatingIncome": "None", "depreciation": "None", "depreciationAndAmortization": "13752", "incomeBeforeTax": "-132896", "incomeTaxExpense": "None", "interestAndDebtExpense": "None", "netIncomeFromContinuingOperations": "None", "comprehensiveIncomeNetOfTax": "None", "ebit": "-177997", "ebitda": "-164245", "netIncome": "-132896"}, {"fiscalDateEnding": "2012-09-30", "reportedCurrency": "USD", "grossProfit": "37401", "totalRevenue": "135522", "costOfRevenue": "98121", "costofGoodsAndServicesSold": "98121", "operatingIncome": "-98298", "sellingGeneralAndAdministrative": "110314", "researchAndDevelopment": "None", "operatingExpenses": "110314", "investmentIncomeNet": "None", "netInterestIncome": "None", "interestIncome": "None", "interestExpense": "18874", "nonInterestIncome": "None", "otherNonOperatingIncome": "None", "depreciation": "None", "depreciationAndAmortization": "16605", "incomeBeforeTax": "-117000", "incomeTaxExpense": "2269", "interestAndDebtExpense": "None", "netIncomeFromContinuingOperations": "None", "comprehensiveIncomeNetOfTax": "None", "ebit": "-98298", "ebitda": "-81693", "netIncome": "-117000"}, {"fiscalDateEnding": "2012-06-30", "reportedCurrency": "USD", "grossProfit": "200236", "totalRevenue": "317985", "costOfRevenue": "117749", "costofGoodsAndServicesSold": "117749", "operatingIncome": "61433", "sellingGeneralAndAdministrative": "2570", "researchAndDevelopment": "None", "operatingExpenses": "2570", "investmentIncomeNet": "None", "netInterestIncome": "None", "interestIncome": "None", "interestExpense": "18333", "nonInterestIncome": "None", "otherNonOperatingIncome": "None", "depreciation": "None", "depreciationAndAmortization": "None", "incomeBeforeTax": "-2570", "incomeTaxExpense": "None", "interestAndDebtExpense": "None", "netIncomeFromContinuingOperations": "None", "comprehensiveIncomeNetOfTax": "None", "ebit": "-2570", "ebitda": "61433", "netIncome": "43100"}, {"fiscalDateEnding": "2012-03-31", "reportedCurrency": "USD", "grossProfit": "138838", "totalRevenue": "262752", "costOfRevenue": "123914", "costofGoodsAndServicesSold": "123914", "operatingIncome": "34045", "sellingGeneralAndAdministrative": "1254", "researchAndDevelopment": "None", "operatingExpenses": "1254", "investmentIncomeNet": "None", "netInterestIncome": "None", "interestIncome": "None", "interestExpense": "17493", "nonInterestIncome": "None", "otherNonOperatingIncome": "None", "depreciation": "None", "depreciationAndAmortization": "10739", "incomeBeforeTax": "-1254", "incomeTaxExpense": "-10739", "interestAndDebtExpense": "None", "netIncomeFromContinuingOperations": "None", "comprehensiveIncomeNetOfTax": "None", "ebit": "-11993", "ebitda": "44784", "netIncome": "16552"}, {"fiscalDateEnding": "2011-12-31", "reportedCurrency": "USD", "grossProfit": "None", "totalRevenue": "None", "costOfRevenue": "None", "costofGoodsAndServicesSold": "None", "operatingIncome": "-3150", "sellingGeneralAndAdministrative": "3150", "researchAndDevelopment": "None", "operatingExpenses": "None", "investmentIncomeNet": "None", "netInterestIncome": "None", "interestIncome": "None", "interestExpense": "None", "nonInterestIncome": "None", "otherNonOperatingIncome": "None", "depreciation": "None", "depreciationAndAmortization": "None", "incomeBeforeTax": "-3150", "incomeTaxExpense": "None", "interestAndDebtExpense": "None", "netIncomeFromContinuingOperations": "None", "comprehensiveIncomeNetOfTax": "None", "ebit": "-3150", "ebitda": "-3150", "netIncome": "-3150"}, {"fiscalDateEnding": "2011-09-30", "reportedCurrency": "USD", "grossProfit": "37165", "totalRevenue": "126525", "costOfRevenue": "89360", "costofGoodsAndServicesSold": "89360", "operatingIncome": "-99246", "sellingGeneralAndAdministrative": "1015", "researchAndDevelopment": "None", "operatingExpenses": "1015", "investmentIncomeNet": "None", "netInterestIncome": "None", "interestIncome": "None", "interestExpense": "11055", "nonInterestIncome": "None", "otherNonOperatingIncome": "None", "depreciation": "None", "depreciationAndAmortization": "None", "incomeBeforeTax": "-1015", "incomeTaxExpense": "None", "interestAndDebtExpense": "None", "netIncomeFromContinuingOperations": "None", "comprehensiveIncomeNetOfTax": "None", "ebit": "-1015", "ebitda": "-99468", "netIncome": "-110523"}, {"fiscalDateEnding": "2011-06-30", "reportedCurrency": "USD", "grossProfit": "None", "totalRevenue": "None", "costOfRevenue": "None", "costofGoodsAndServicesSold": "None", "operatingIncome": "-747", "sellingGeneralAndAdministrative": "747", "researchAndDevelopment": "None", "operatingExpenses": "747", "investmentIncomeNet": "None", "netInterestIncome": "None", "interestIncome": "None", "interestExpense": "None", "nonInterestIncome": "None", "otherNonOperatingIncome": "None", "depreciation": "None", "depreciationAndAmortization": "None", "incomeBeforeTax": "-747", "incomeTaxExpense": "None", "interestAndDebtExpense": "None", "netIncomeFromContinuingOperations": "None", "comprehensiveIncomeNetOfTax": "None", "ebit": "-747", "ebitda": "-747", "netIncome": "-747"}, {"fiscalDateEnding": "2011-03-31", "reportedCurrency": "USD", "grossProfit": "None", "totalRevenue": "None", "costOfRevenue": "None", "costofGoodsAndServicesSold": "None", "operatingIncome": "-693", "sellingGeneralAndAdministrative": "693", "researchAndDevelopment": "None", "operatingExpenses": "693", "investmentIncomeNet": "None", "netInterestIncome": "None", "interestIncome": "None", "interestExpense": "None", "nonInterestIncome": "None", "otherNonOperatingIncome": "None", "depreciation": "None", "depreciationAndAmortization": "None", "incomeBeforeTax": "-693", "incomeTaxExpense": "None", "interestAndDebtExpense": "None", "netIncomeFromContinuingOperations": "None", "comprehensiveIncomeNetOfTax": "None", "ebit": "-693", "ebitda": "-693", "netIncome": "-693"}]}