{"symbol": "AMBR", "annualReports": [{"fiscalDateEnding": "2024-12-31", "reportedCurrency": "USD", "grossProfit": "16747000", "totalRevenue": "32806000", "costOfRevenue": "16059000", "costofGoodsAndServicesSold": "16059000", "operatingIncome": "-17360000", "sellingGeneralAndAdministrative": "26058000", "researchAndDevelopment": "878000", "operatingExpenses": "34107000", "investmentIncomeNet": "None", "netInterestIncome": "572000", "interestIncome": "1083000", "interestExpense": "511000", "nonInterestIncome": "None", "otherNonOperatingIncome": "None", "depreciation": "None", "depreciationAndAmortization": "133000", "incomeBeforeTax": "-24074000", "incomeTaxExpense": "-68000", "interestAndDebtExpense": "None", "netIncomeFromContinuingOperations": "-24006000", "comprehensiveIncomeNetOfTax": "None", "ebit": "-23563000", "ebitda": "-23430000", "netIncome": "-29007000"}, {"fiscalDateEnding": "2023-12-31", "reportedCurrency": "USD", "grossProfit": "34842000", "totalRevenue": "133217000", "costOfRevenue": "98375000", "costofGoodsAndServicesSold": "98375000", "operatingIncome": "-40811000", "sellingGeneralAndAdministrative": "28055000", "researchAndDevelopment": "7548000", "operatingExpenses": "76064000", "investmentIncomeNet": "None", "netInterestIncome": "969000", "interestIncome": "1162000", "interestExpense": "1428000", "nonInterestIncome": "None", "otherNonOperatingIncome": "None", "depreciation": "None", "depreciationAndAmortization": "1181000", "incomeBeforeTax": "-38162000", "incomeTaxExpense": "647000", "interestAndDebtExpense": "None", "netIncomeFromContinuingOperations": "-13683000", "comprehensiveIncomeNetOfTax": "None", "ebit": "-36734000", "ebitda": "-35553000", "netIncome": "-38690000"}, {"fiscalDateEnding": "2022-12-31", "reportedCurrency": "USD", "grossProfit": "-4132000", "totalRevenue": "169080000", "costOfRevenue": "173212000", "costofGoodsAndServicesSold": "173212000", "operatingIncome": "-194169000", "sellingGeneralAndAdministrative": "51668000", "researchAndDevelopment": "9216000", "operatingExpenses": "101039000", "investmentIncomeNet": "None", "netInterestIncome": "650000", "interestIncome": "711000", "interestExpense": "2057000", "nonInterestIncome": "None", "otherNonOperatingIncome": "None", "depreciation": "None", "depreciationAndAmortization": "6482000", "incomeBeforeTax": "-213913000", "incomeTaxExpense": "-11182000", "interestAndDebtExpense": "None", "netIncomeFromContinuingOperations": "-43692000", "comprehensiveIncomeNetOfTax": "None", "ebit": "-211856000", "ebitda": "-205374000", "netIncome": "-202731000"}, {"fiscalDateEnding": "2021-12-31", "reportedCurrency": "USD", "grossProfit": "89153000", "totalRevenue": "307702000", "costOfRevenue": "218549000", "costofGoodsAndServicesSold": "218549000", "operatingIncome": "-12889000", "sellingGeneralAndAdministrative": "39643000", "researchAndDevelopment": "9527000", "operatingExpenses": "102042000", "investmentIncomeNet": "None", "netInterestIncome": "-3265000", "interestIncome": "824000", "interestExpense": "4089000", "nonInterestIncome": "None", "otherNonOperatingIncome": "None", "depreciation": "None", "depreciationAndAmortization": "6671000", "incomeBeforeTax": "-13951000", "incomeTaxExpense": "2540000", "interestAndDebtExpense": "None", "netIncomeFromContinuingOperations": "-16598000", "comprehensiveIncomeNetOfTax": "None", "ebit": "-9862000", "ebitda": "-3191000", "netIncome": "-16491000"}, {"fiscalDateEnding": "2020-12-31", "reportedCurrency": "None", "grossProfit": "73263000", "totalRevenue": "254745000", "costOfRevenue": "181482000", "costofGoodsAndServicesSold": "181482000", "operatingIncome": "-5546000", "sellingGeneralAndAdministrative": "31648000", "researchAndDevelopment": "5349000", "operatingExpenses": "75025000", "investmentIncomeNet": "None", "netInterestIncome": "None", "interestIncome": "None", "interestExpense": "2650000", "nonInterestIncome": "None", "otherNonOperatingIncome": "None", "depreciation": "None", "depreciationAndAmortization": "6500000", "incomeBeforeTax": "-13162000", "incomeTaxExpense": "1633000", "interestAndDebtExpense": "None", "netIncomeFromContinuingOperations": "None", "comprehensiveIncomeNetOfTax": "None", "ebit": "-10512000", "ebitda": "-4012000", "netIncome": "-14795000"}, {"fiscalDateEnding": "2019-12-31", "reportedCurrency": "None", "grossProfit": "56705000", "totalRevenue": "199408000", "costOfRevenue": "142703000", "costofGoodsAndServicesSold": "142703000", "operatingIncome": "-12141000", "sellingGeneralAndAdministrative": "20304000", "researchAndDevelopment": "5574000", "operatingExpenses": "68846000", "investmentIncomeNet": "None", "netInterestIncome": "None", "interestIncome": "None", "interestExpense": "1915000", "nonInterestIncome": "None", "otherNonOperatingIncome": "None", "depreciation": "None", "depreciationAndAmortization": "6656000", "incomeBeforeTax": "-10394000", "incomeTaxExpense": "47000", "interestAndDebtExpense": "None", "netIncomeFromContinuingOperations": "None", "comprehensiveIncomeNetOfTax": "None", "ebit": "-8479000", "ebitda": "-1823000", "netIncome": "-10441000"}, {"fiscalDateEnding": "2018-12-31", "reportedCurrency": "None", "grossProfit": "39120000", "totalRevenue": "160017000", "costOfRevenue": "120897000", "costofGoodsAndServicesSold": "120897000", "operatingIncome": "-27454000", "sellingGeneralAndAdministrative": "23757000", "researchAndDevelopment": "10737000", "operatingExpenses": "66574000", "investmentIncomeNet": "None", "netInterestIncome": "None", "interestIncome": "None", "interestExpense": "773000", "nonInterestIncome": "None", "otherNonOperatingIncome": "None", "depreciation": "None", "depreciationAndAmortization": "5226000", "incomeBeforeTax": "-31956000", "incomeTaxExpense": "655000", "interestAndDebtExpense": "None", "netIncomeFromContinuingOperations": "None", "comprehensiveIncomeNetOfTax": "None", "ebit": "-31183000", "ebitda": "-25957000", "netIncome": "-32409000"}, {"fiscalDateEnding": "2017-12-31", "reportedCurrency": "None", "grossProfit": "29525000", "totalRevenue": "125258000", "costOfRevenue": "95733000", "costofGoodsAndServicesSold": "95733000", "operatingIncome": "-15171000", "sellingGeneralAndAdministrative": "12983000", "researchAndDevelopment": "5778000", "operatingExpenses": "44696000", "investmentIncomeNet": "None", "netInterestIncome": "None", "interestIncome": "None", "interestExpense": "551000", "nonInterestIncome": "None", "otherNonOperatingIncome": "None", "depreciation": "None", "depreciationAndAmortization": "5584000", "incomeBeforeTax": "-24071000", "incomeTaxExpense": "548000", "interestAndDebtExpense": "None", "netIncomeFromContinuingOperations": "None", "comprehensiveIncomeNetOfTax": "None", "ebit": "-23520000", "ebitda": "-17936000", "netIncome": "-24619000"}, {"fiscalDateEnding": "2016-12-31", "reportedCurrency": "None", "grossProfit": "34309000", "totalRevenue": "95357000", "costOfRevenue": "61048000", "costofGoodsAndServicesSold": "61048000", "operatingIncome": "-29308000", "sellingGeneralAndAdministrative": "26767000", "researchAndDevelopment": "8584000", "operatingExpenses": "63617000", "investmentIncomeNet": "None", "netInterestIncome": "None", "interestIncome": "None", "interestExpense": "713000", "nonInterestIncome": "None", "otherNonOperatingIncome": "None", "depreciation": "None", "depreciationAndAmortization": "5824000", "incomeBeforeTax": "-27108000", "incomeTaxExpense": "222000", "interestAndDebtExpense": "None", "netIncomeFromContinuingOperations": "None", "comprehensiveIncomeNetOfTax": "None", "ebit": "-26395000", "ebitda": "-20571000", "netIncome": "-27330000"}, {"fiscalDateEnding": "2015-12-31", "reportedCurrency": "None", "grossProfit": "30711000", "totalRevenue": "65242000", "costOfRevenue": "34531000", "costofGoodsAndServicesSold": "34531000", "operatingIncome": "-21525000", "sellingGeneralAndAdministrative": "12745000", "researchAndDevelopment": "8106000", "operatingExpenses": "52236000", "investmentIncomeNet": "None", "netInterestIncome": "None", "interestIncome": "None", "interestExpense": "107000", "nonInterestIncome": "None", "otherNonOperatingIncome": "None", "depreciation": "None", "depreciationAndAmortization": "3181000", "incomeBeforeTax": "-40231000", "incomeTaxExpense": "-555000", "interestAndDebtExpense": "None", "netIncomeFromContinuingOperations": "None", "comprehensiveIncomeNetOfTax": "None", "ebit": "-40124000", "ebitda": "-36943000", "netIncome": "-39714000"}, {"fiscalDateEnding": "2014-12-31", "reportedCurrency": "None", "grossProfit": "37345286", "totalRevenue": "64833466", "costOfRevenue": "27488180", "costofGoodsAndServicesSold": "27488180", "operatingIncome": "-26878274", "sellingGeneralAndAdministrative": "4271356", "researchAndDevelopment": "9745137", "operatingExpenses": "64223560", "investmentIncomeNet": "None", "netInterestIncome": "None", "interestIncome": "None", "interestExpense": "275074", "nonInterestIncome": "None", "otherNonOperatingIncome": "None", "depreciation": "None", "depreciationAndAmortization": "4940571", "incomeBeforeTax": "-27151339", "incomeTaxExpense": "552619", "interestAndDebtExpense": "None", "netIncomeFromContinuingOperations": "None", "comprehensiveIncomeNetOfTax": "None", "ebit": "-26876265", "ebitda": "-21935694", "netIncome": "-27703958"}], "quarterlyReports": [{"fiscalDateEnding": "2025-09-30", "reportedCurrency": "USD", "grossProfit": "11777000", "totalRevenue": "16297000", "costOfRevenue": "4520000", "costofGoodsAndServicesSold": "4520000", "operatingIncome": "1375000", "sellingGeneralAndAdministrative": "6123000", "researchAndDevelopment": "1643000", "operatingExpenses": "10402000", "investmentIncomeNet": "None", "netInterestIncome": "260000", "interestIncome": "260000", "interestExpense": "None", "nonInterestIncome": "None", "otherNonOperatingIncome": "None", "depreciation": "None", "depreciationAndAmortization": "None", "incomeBeforeTax": "2138000", "incomeTaxExpense": "-13000", "interestAndDebtExpense": "None", "netIncomeFromContinuingOperations": "2151000", "comprehensiveIncomeNetOfTax": "None", "ebit": "None", "ebitda": "1375000", "netIncome": "1509000"}, {"fiscalDateEnding": "2025-06-30", "reportedCurrency": "USD", "grossProfit": "14956000", "totalRevenue": "20963000", "costOfRevenue": "6007000", "costofGoodsAndServicesSold": "6007000", "operatingIncome": "-798000", "sellingGeneralAndAdministrative": "8327000", "researchAndDevelopment": "4621000", "operatingExpenses": "15754000", "investmentIncomeNet": "None", "netInterestIncome": "0", "interestIncome": "30000", "interestExpense": "None", "nonInterestIncome": "None", "otherNonOperatingIncome": "None", "depreciation": "None", "depreciationAndAmortization": "108000", "incomeBeforeTax": "727000", "incomeTaxExpense": "1000", "interestAndDebtExpense": "None", "netIncomeFromContinuingOperations": "728000", "comprehensiveIncomeNetOfTax": "None", "ebit": "-798000", "ebitda": "-690000", "netIncome": "741000"}, {"fiscalDateEnding": "2025-03-31", "reportedCurrency": "USD", "grossProfit": "11005000", "totalRevenue": "14940000", "costOfRevenue": "3935000", "costofGoodsAndServicesSold": "3935000", "operatingIncome": "827000", "sellingGeneralAndAdministrative": "5975000", "researchAndDevelopment": "3393000", "operatingExpenses": "10178000", "investmentIncomeNet": "None", "netInterestIncome": "38000", "interestIncome": "68000", "interestExpense": "30000", "nonInterestIncome": "None", "otherNonOperatingIncome": "None", "depreciation": "None", "depreciationAndAmortization": "None", "incomeBeforeTax": "921000", "incomeTaxExpense": "5000", "interestAndDebtExpense": "None", "netIncomeFromContinuingOperations": "916000", "comprehensiveIncomeNetOfTax": "None", "ebit": "None", "ebitda": "951000", "netIncome": "931000"}, {"fiscalDateEnding": "2024-12-31", "reportedCurrency": "USD", "grossProfit": "15639000", "totalRevenue": "30127000", "costOfRevenue": "14488000", "costofGoodsAndServicesSold": "14488000", "operatingIncome": "-12989000", "sellingGeneralAndAdministrative": "28140000", "researchAndDevelopment": "555000", "operatingExpenses": "43116000", "investmentIncomeNet": "None", "netInterestIncome": "487000", "interestIncome": "998000", "interestExpense": "None", "nonInterestIncome": "None", "otherNonOperatingIncome": "None", "depreciation": "None", "depreciationAndAmortization": "None", "incomeBeforeTax": "-12900000", "incomeTaxExpense": "None", "interestAndDebtExpense": "None", "netIncomeFromContinuingOperations": "-12832000", "comprehensiveIncomeNetOfTax": "None", "ebit": "None", "ebitda": "None", "netIncome": "-17833000"}, {"fiscalDateEnding": "2024-09-30", "reportedCurrency": "USD", "grossProfit": "358000", "totalRevenue": "801000", "costOfRevenue": "443000", "costofGoodsAndServicesSold": "443000", "operatingIncome": "-1788000", "sellingGeneralAndAdministrative": "1932000", "researchAndDevelopment": "165000", "operatingExpenses": "2146000", "investmentIncomeNet": "None", "netInterestIncome": "33000", "interestIncome": "33000", "interestExpense": "None", "nonInterestIncome": "None", "otherNonOperatingIncome": "None", "depreciation": "None", "depreciationAndAmortization": "1788000", "incomeBeforeTax": "-833000", "incomeTaxExpense": "None", "interestAndDebtExpense": "None", "netIncomeFromContinuingOperations": "-833000", "comprehensiveIncomeNetOfTax": "None", "ebit": "None", "ebitda": "None", "netIncome": "-833000"}, {"fiscalDateEnding": "2024-06-30", "reportedCurrency": "USD", "grossProfit": "7632000", "totalRevenue": "13209000", "costOfRevenue": "5577000", "costofGoodsAndServicesSold": "5577000", "operatingIncome": "-3407000", "sellingGeneralAndAdministrative": "6494000", "researchAndDevelopment": "166000", "operatingExpenses": "11039000", "investmentIncomeNet": "None", "netInterestIncome": "577000", "interestIncome": "573000", "interestExpense": "4000", "nonInterestIncome": "None", "otherNonOperatingIncome": "None", "depreciation": "None", "depreciationAndAmortization": "None", "incomeBeforeTax": "10662000", "incomeTaxExpense": "58000", "interestAndDebtExpense": "None", "netIncomeFromContinuingOperations": "10604000", "comprehensiveIncomeNetOfTax": "None", "ebit": "None", "ebitda": "10658000", "netIncome": "5643000"}, {"fiscalDateEnding": "2024-03-31", "reportedCurrency": "USD", "grossProfit": "464000", "totalRevenue": "1011000", "costOfRevenue": "547000", "costofGoodsAndServicesSold": "547000", "operatingIncome": "-893000", "sellingGeneralAndAdministrative": "1210000", "researchAndDevelopment": "145000", "operatingExpenses": "1357000", "investmentIncomeNet": "None", "netInterestIncome": "-11000", "interestIncome": "25000", "interestExpense": "36000", "nonInterestIncome": "None", "otherNonOperatingIncome": "None", "depreciation": "None", "depreciationAndAmortization": "175750", "incomeBeforeTax": "-11873000", "incomeTaxExpense": "275500", "interestAndDebtExpense": "None", "netIncomeFromContinuingOperations": "-11873000", "comprehensiveIncomeNetOfTax": "None", "ebit": "-6820500", "ebitda": "-11837000", "netIncome": "-11873000"}, {"fiscalDateEnding": "2023-09-30", "reportedCurrency": "None", "grossProfit": "9244500", "totalRevenue": "33042000", "costOfRevenue": "23797500", "costofGoodsAndServicesSold": "23797500", "operatingIncome": "-6820500", "sellingGeneralAndAdministrative": "5386000", "researchAndDevelopment": "2125000", "operatingExpenses": "14362500", "investmentIncomeNet": "None", "netInterestIncome": "None", "interestIncome": "None", "interestExpense": "None", "nonInterestIncome": "None", "otherNonOperatingIncome": "None", "depreciation": "None", "depreciationAndAmortization": "958000", "incomeBeforeTax": "-4875000", "incomeTaxExpense": "275500", "interestAndDebtExpense": "None", "netIncomeFromContinuingOperations": "None", "comprehensiveIncomeNetOfTax": "None", "ebit": "-6820500", "ebitda": "-5862500", "netIncome": "-5089500"}, {"fiscalDateEnding": "2023-06-30", "reportedCurrency": "None", "grossProfit": "8382000", "totalRevenue": "33566500", "costOfRevenue": "25184500", "costofGoodsAndServicesSold": "25184500", "operatingIncome": "-11961000", "sellingGeneralAndAdministrative": "8641500", "researchAndDevelopment": "1649000", "operatingExpenses": "22679000", "investmentIncomeNet": "None", "netInterestIncome": "None", "interestIncome": "None", "interestExpense": "None", "nonInterestIncome": "None", "otherNonOperatingIncome": "None", "depreciation": "None", "depreciationAndAmortization": "958000", "incomeBeforeTax": "-14236500", "incomeTaxExpense": "48000", "interestAndDebtExpense": "None", "netIncomeFromContinuingOperations": "None", "comprehensiveIncomeNetOfTax": "None", "ebit": "-11961000", "ebitda": "-11003000", "netIncome": "-14255500"}, {"fiscalDateEnding": "2023-03-31", "reportedCurrency": "None", "grossProfit": "8382000", "totalRevenue": "33566500", "costOfRevenue": "25184500", "costofGoodsAndServicesSold": "25184500", "operatingIncome": "-11961000", "sellingGeneralAndAdministrative": "8641500", "researchAndDevelopment": "1649000", "operatingExpenses": "22679000", "investmentIncomeNet": "None", "netInterestIncome": "None", "interestIncome": "None", "interestExpense": "371000", "nonInterestIncome": "None", "otherNonOperatingIncome": "None", "depreciation": "None", "depreciationAndAmortization": "958000", "incomeBeforeTax": "-14236500", "incomeTaxExpense": "48000", "interestAndDebtExpense": "None", "netIncomeFromContinuingOperations": "None", "comprehensiveIncomeNetOfTax": "None", "ebit": "-11961000", "ebitda": "-11003000", "netIncome": "-14255500"}, {"fiscalDateEnding": "2022-09-30", "reportedCurrency": "None", "grossProfit": "9201000", "totalRevenue": "41028000", "costOfRevenue": "31827000", "costofGoodsAndServicesSold": "31827000", "operatingIncome": "-11618000", "sellingGeneralAndAdministrative": "8376000", "researchAndDevelopment": "2370000", "operatingExpenses": "20819000", "investmentIncomeNet": "None", "netInterestIncome": "None", "interestIncome": "None", "interestExpense": "373000", "nonInterestIncome": "None", "otherNonOperatingIncome": "None", "depreciation": "None", "depreciationAndAmortization": "1633000", "incomeBeforeTax": "-19223000", "incomeTaxExpense": "157000", "interestAndDebtExpense": "None", "netIncomeFromContinuingOperations": "None", "comprehensiveIncomeNetOfTax": "None", "ebit": "-18850000", "ebitda": "-17217000", "netIncome": "-19380000"}, {"fiscalDateEnding": "2022-06-30", "reportedCurrency": "None", "grossProfit": "9255000", "totalRevenue": "38078000", "costOfRevenue": "28823000", "costofGoodsAndServicesSold": "28823000", "operatingIncome": "-17505000", "sellingGeneralAndAdministrative": "13911000", "researchAndDevelopment": "2164000", "operatingExpenses": "26760000", "investmentIncomeNet": "None", "netInterestIncome": "None", "interestIncome": "None", "interestExpense": "617000", "nonInterestIncome": "None", "otherNonOperatingIncome": "None", "depreciation": "None", "depreciationAndAmortization": "1701000", "incomeBeforeTax": "-45787000", "incomeTaxExpense": "-37000", "interestAndDebtExpense": "None", "netIncomeFromContinuingOperations": "None", "comprehensiveIncomeNetOfTax": "None", "ebit": "-45170000", "ebitda": "-43469000", "netIncome": "-45750000"}, {"fiscalDateEnding": "2022-03-31", "reportedCurrency": "None", "grossProfit": "15996000", "totalRevenue": "47376000", "costOfRevenue": "31380000", "costofGoodsAndServicesSold": "31380000", "operatingIncome": "-9575000", "sellingGeneralAndAdministrative": "11433000", "researchAndDevelopment": "2254000", "operatingExpenses": "25571000", "investmentIncomeNet": "None", "netInterestIncome": "None", "interestIncome": "None", "interestExpense": "696000", "nonInterestIncome": "None", "otherNonOperatingIncome": "None", "depreciation": "None", "depreciationAndAmortization": "1735000", "incomeBeforeTax": "-9035000", "incomeTaxExpense": "238000", "interestAndDebtExpense": "None", "netIncomeFromContinuingOperations": "None", "comprehensiveIncomeNetOfTax": "None", "ebit": "-8339000", "ebitda": "-6604000", "netIncome": "-9273000"}, {"fiscalDateEnding": "2021-09-30", "reportedCurrency": "None", "grossProfit": "21718000", "totalRevenue": "86817000", "costOfRevenue": "65099000", "costofGoodsAndServicesSold": "65099000", "operatingIncome": "-2339000", "sellingGeneralAndAdministrative": "9081000", "researchAndDevelopment": "2270000", "operatingExpenses": "24057000", "investmentIncomeNet": "None", "netInterestIncome": "None", "interestIncome": "None", "interestExpense": "1180000", "nonInterestIncome": "None", "otherNonOperatingIncome": "None", "depreciation": "None", "depreciationAndAmortization": "1641000", "incomeBeforeTax": "-2327000", "incomeTaxExpense": "305000", "interestAndDebtExpense": "None", "netIncomeFromContinuingOperations": "None", "comprehensiveIncomeNetOfTax": "None", "ebit": "-1122000", "ebitda": "519000", "netIncome": "-2321000"}, {"fiscalDateEnding": "2021-06-30", "reportedCurrency": "None", "grossProfit": "24337000", "totalRevenue": "78002000", "costOfRevenue": "53665000", "costofGoodsAndServicesSold": "53665000", "operatingIncome": "899000", "sellingGeneralAndAdministrative": "8698000", "researchAndDevelopment": "2386000", "operatingExpenses": "23438000", "investmentIncomeNet": "None", "netInterestIncome": "None", "interestIncome": "None", "interestExpense": "1236000", "nonInterestIncome": "None", "otherNonOperatingIncome": "None", "depreciation": "None", "depreciationAndAmortization": "1619000", "incomeBeforeTax": "1417000", "incomeTaxExpense": "820000", "interestAndDebtExpense": "None", "netIncomeFromContinuingOperations": "None", "comprehensiveIncomeNetOfTax": "None", "ebit": "2686000", "ebitda": "4305000", "netIncome": "1765000"}, {"fiscalDateEnding": "2021-03-31", "reportedCurrency": "None", "grossProfit": "19548000", "totalRevenue": "66560000", "costOfRevenue": "47012000", "costofGoodsAndServicesSold": "47012000", "operatingIncome": "-6381000", "sellingGeneralAndAdministrative": "7051000", "researchAndDevelopment": "1674000", "operatingExpenses": "25929000", "investmentIncomeNet": "None", "netInterestIncome": "None", "interestIncome": "None", "interestExpense": "779000", "nonInterestIncome": "None", "otherNonOperatingIncome": "None", "depreciation": "None", "depreciationAndAmortization": "1567000", "incomeBeforeTax": "-6726000", "incomeTaxExpense": "744000", "interestAndDebtExpense": "None", "netIncomeFromContinuingOperations": "None", "comprehensiveIncomeNetOfTax": "None", "ebit": "-5921000", "ebitda": "-4354000", "netIncome": "-7089000"}, {"fiscalDateEnding": "2020-09-30", "reportedCurrency": "None", "grossProfit": "20121000", "totalRevenue": "68905000", "costOfRevenue": "48784000", "costofGoodsAndServicesSold": "48784000", "operatingIncome": "93000", "sellingGeneralAndAdministrative": "9819000", "researchAndDevelopment": "1174000", "operatingExpenses": "20028000", "investmentIncomeNet": "None", "netInterestIncome": "None", "interestIncome": "None", "interestExpense": "772000", "nonInterestIncome": "None", "otherNonOperatingIncome": "None", "depreciation": "None", "depreciationAndAmortization": "1277000", "incomeBeforeTax": "-6070000", "incomeTaxExpense": "1027000", "interestAndDebtExpense": "None", "netIncomeFromContinuingOperations": "None", "comprehensiveIncomeNetOfTax": "None", "ebit": "-5339000", "ebitda": "-4062000", "netIncome": "-6552000"}, {"fiscalDateEnding": "2020-06-30", "reportedCurrency": "None", "grossProfit": "16615000", "totalRevenue": "58113000", "costOfRevenue": "41498000", "costofGoodsAndServicesSold": "41498000", "operatingIncome": "1401000", "sellingGeneralAndAdministrative": "5320000", "researchAndDevelopment": "1126000", "operatingExpenses": "13999000", "investmentIncomeNet": "None", "netInterestIncome": "None", "interestIncome": "None", "interestExpense": "580000", "nonInterestIncome": "None", "otherNonOperatingIncome": "None", "depreciation": "None", "depreciationAndAmortization": "1405500", "incomeBeforeTax": "411000", "incomeTaxExpense": "404000", "interestAndDebtExpense": "None", "netIncomeFromContinuingOperations": "None", "comprehensiveIncomeNetOfTax": "None", "ebit": "1418500", "ebitda": "2824000", "netIncome": "382000"}, {"fiscalDateEnding": "2020-03-31", "reportedCurrency": "None", "grossProfit": "13263000", "totalRevenue": "49035000", "costOfRevenue": "35772000", "costofGoodsAndServicesSold": "35772000", "operatingIncome": "-2066000", "sellingGeneralAndAdministrative": "5807000", "researchAndDevelopment": "1174000", "operatingExpenses": "15329000", "investmentIncomeNet": "None", "netInterestIncome": "None", "interestIncome": "None", "interestExpense": "435000", "nonInterestIncome": "None", "otherNonOperatingIncome": "None", "depreciation": "None", "depreciationAndAmortization": "1277000", "incomeBeforeTax": "-8512000", "incomeTaxExpense": "-84000", "interestAndDebtExpense": "None", "netIncomeFromContinuingOperations": "None", "comprehensiveIncomeNetOfTax": "None", "ebit": "-7659000", "ebitda": "-6382000", "netIncome": "-7734000"}, {"fiscalDateEnding": "2019-09-30", "reportedCurrency": "None", "grossProfit": "13557000", "totalRevenue": "54168000", "costOfRevenue": "40611000", "costofGoodsAndServicesSold": "40611000", "operatingIncome": "-2291000", "sellingGeneralAndAdministrative": "3856000", "researchAndDevelopment": "1423000", "operatingExpenses": "15848000", "investmentIncomeNet": "None", "netInterestIncome": "None", "interestIncome": "None", "interestExpense": "476000", "nonInterestIncome": "None", "otherNonOperatingIncome": "None", "depreciation": "None", "depreciationAndAmortization": "264750", "incomeBeforeTax": "1040000", "incomeTaxExpense": "-40000", "interestAndDebtExpense": "None", "netIncomeFromContinuingOperations": "None", "comprehensiveIncomeNetOfTax": "None", "ebit": "2888250", "ebitda": "3153000", "netIncome": "1413000"}, {"fiscalDateEnding": "2019-06-30", "reportedCurrency": "None", "grossProfit": "13596000", "totalRevenue": "49347000", "costOfRevenue": "35751000", "costofGoodsAndServicesSold": "35751000", "operatingIncome": "-2381000", "sellingGeneralAndAdministrative": "3600000", "researchAndDevelopment": "1505000", "operatingExpenses": "15977000", "investmentIncomeNet": "None", "netInterestIncome": "None", "interestIncome": "None", "interestExpense": "332000", "nonInterestIncome": "None", "otherNonOperatingIncome": "None", "depreciation": "None", "depreciationAndAmortization": "1361500", "incomeBeforeTax": "-3149000", "incomeTaxExpense": "81000", "interestAndDebtExpense": "None", "netIncomeFromContinuingOperations": "None", "comprehensiveIncomeNetOfTax": "None", "ebit": "-2534500", "ebitda": "-1173000", "netIncome": "-3141000"}, {"fiscalDateEnding": "2019-03-31", "reportedCurrency": "None", "grossProfit": "12390000", "totalRevenue": "39218000", "costOfRevenue": "26828000", "costofGoodsAndServicesSold": "26828000", "operatingIncome": "-2188000", "sellingGeneralAndAdministrative": "3238000", "researchAndDevelopment": "1344000", "operatingExpenses": "14578000", "investmentIncomeNet": "None", "netInterestIncome": "None", "interestIncome": "None", "interestExpense": "205000", "nonInterestIncome": "None", "otherNonOperatingIncome": "None", "depreciation": "None", "depreciationAndAmortization": "264750", "incomeBeforeTax": "-2523000", "incomeTaxExpense": "-54000", "interestAndDebtExpense": "None", "netIncomeFromContinuingOperations": "None", "comprehensiveIncomeNetOfTax": "None", "ebit": "-2188000", "ebitda": "-1923250", "netIncome": "-2135000"}, {"fiscalDateEnding": "2018-12-31", "reportedCurrency": "None", "grossProfit": "10875476", "totalRevenue": "16262921", "costOfRevenue": "5387445", "costofGoodsAndServicesSold": "5387445", "operatingIncome": "-2143323", "sellingGeneralAndAdministrative": "164948", "researchAndDevelopment": "3598839", "operatingExpenses": "14774919", "investmentIncomeNet": "None", "netInterestIncome": "None", "interestIncome": "None", "interestExpense": "307363", "nonInterestIncome": "None", "otherNonOperatingIncome": "None", "depreciation": "None", "depreciationAndAmortization": "1227035", "incomeBeforeTax": "-2448606", "incomeTaxExpense": "174067", "interestAndDebtExpense": "None", "netIncomeFromContinuingOperations": "None", "comprehensiveIncomeNetOfTax": "None", "ebit": "-2141243", "ebitda": "-914208", "netIncome": "-2622673"}, {"fiscalDateEnding": "2018-09-30", "reportedCurrency": "None", "grossProfit": "9332000", "totalRevenue": "42587000", "costOfRevenue": "33255000", "costofGoodsAndServicesSold": "33255000", "operatingIncome": "-14024000", "sellingGeneralAndAdministrative": "10781000", "researchAndDevelopment": "5409000", "operatingExpenses": "23356000", "investmentIncomeNet": "None", "netInterestIncome": "None", "interestIncome": "None", "interestExpense": "119000", "nonInterestIncome": "None", "otherNonOperatingIncome": "None", "depreciation": "None", "depreciationAndAmortization": "-6957000", "incomeBeforeTax": "-21100000", "incomeTaxExpense": "654000", "interestAndDebtExpense": "None", "netIncomeFromContinuingOperations": "None", "comprehensiveIncomeNetOfTax": "None", "ebit": "-12786000", "ebitda": "-19743000", "netIncome": "-21754000"}, {"fiscalDateEnding": "2018-06-30", "reportedCurrency": "None", "grossProfit": "9912000", "totalRevenue": "42697000", "costOfRevenue": "32785000", "costofGoodsAndServicesSold": "32785000", "operatingIncome": "-1157000", "sellingGeneralAndAdministrative": "3311000", "researchAndDevelopment": "1482000", "operatingExpenses": "11069000", "investmentIncomeNet": "None", "netInterestIncome": "None", "interestIncome": "None", "interestExpense": "133000", "nonInterestIncome": "None", "otherNonOperatingIncome": "None", "depreciation": "None", "depreciationAndAmortization": "-744000", "incomeBeforeTax": "-2034000", "incomeTaxExpense": "572000", "interestAndDebtExpense": "None", "netIncomeFromContinuingOperations": "None", "comprehensiveIncomeNetOfTax": "None", "ebit": "-1115000", "ebitda": "-1859000", "netIncome": "-2606000"}, {"fiscalDateEnding": "2018-03-31", "reportedCurrency": "None", "grossProfit": "8123000", "totalRevenue": "35229000", "costOfRevenue": "27106000", "costofGoodsAndServicesSold": "27106000", "operatingIncome": "-1727000", "sellingGeneralAndAdministrative": "2564000", "researchAndDevelopment": "1395000", "operatingExpenses": "9850000", "investmentIncomeNet": "None", "netInterestIncome": "None", "interestIncome": "None", "interestExpense": "21000", "nonInterestIncome": "None", "otherNonOperatingIncome": "None", "depreciation": "None", "depreciationAndAmortization": "2080000", "incomeBeforeTax": "332000", "incomeTaxExpense": "444000", "interestAndDebtExpense": "None", "netIncomeFromContinuingOperations": "None", "comprehensiveIncomeNetOfTax": "None", "ebit": "-1576000", "ebitda": "504000", "netIncome": "-112000"}, {"fiscalDateEnding": "2017-12-31", "reportedCurrency": "None", "grossProfit": "11354316", "totalRevenue": "20633010", "costOfRevenue": "9278694", "costofGoodsAndServicesSold": "9278694", "operatingIncome": "-1883946", "sellingGeneralAndAdministrative": "1467501", "researchAndDevelopment": "3739817", "operatingExpenses": "13238262", "investmentIncomeNet": "None", "netInterestIncome": "None", "interestIncome": "None", "interestExpense": "225190", "nonInterestIncome": "None", "otherNonOperatingIncome": "None", "depreciation": "None", "depreciationAndAmortization": "1380452", "incomeBeforeTax": "-2106894", "incomeTaxExpense": "-297782", "interestAndDebtExpense": "None", "netIncomeFromContinuingOperations": "None", "comprehensiveIncomeNetOfTax": "None", "ebit": "-1881704", "ebitda": "-501252", "netIncome": "-1809112"}, {"fiscalDateEnding": "2017-09-30", "reportedCurrency": "None", "grossProfit": "6499000", "totalRevenue": "29756000", "costOfRevenue": "23257000", "costofGoodsAndServicesSold": "23257000", "operatingIncome": "-2706000", "sellingGeneralAndAdministrative": "2418000", "researchAndDevelopment": "1344000", "operatingExpenses": "9205000", "investmentIncomeNet": "None", "netInterestIncome": "None", "interestIncome": "None", "interestExpense": "135000", "nonInterestIncome": "None", "otherNonOperatingIncome": "None", "depreciation": "None", "depreciationAndAmortization": "1378000", "incomeBeforeTax": "6259000", "incomeTaxExpense": "-102000", "interestAndDebtExpense": "None", "netIncomeFromContinuingOperations": "None", "comprehensiveIncomeNetOfTax": "None", "ebit": "6394000", "ebitda": "7772000", "netIncome": "6361000"}, {"fiscalDateEnding": "2017-06-30", "reportedCurrency": "None", "grossProfit": "6953000", "totalRevenue": "29857000", "costOfRevenue": "22904000", "costofGoodsAndServicesSold": "22904000", "operatingIncome": "-2233000", "sellingGeneralAndAdministrative": "2135000", "researchAndDevelopment": "1463000", "operatingExpenses": "9186000", "investmentIncomeNet": "None", "netInterestIncome": "None", "interestIncome": "None", "interestExpense": "141000", "nonInterestIncome": "None", "otherNonOperatingIncome": "None", "depreciation": "None", "depreciationAndAmortization": "40000", "incomeBeforeTax": "-9631000", "incomeTaxExpense": "610000", "interestAndDebtExpense": "None", "netIncomeFromContinuingOperations": "None", "comprehensiveIncomeNetOfTax": "None", "ebit": "-8113000", "ebitda": "-8073000", "netIncome": "-10241000"}, {"fiscalDateEnding": "2017-03-31", "reportedCurrency": "None", "grossProfit": "6357000", "totalRevenue": "25884000", "costOfRevenue": "19527000", "costofGoodsAndServicesSold": "19527000", "operatingIncome": "-4405000", "sellingGeneralAndAdministrative": "2374000", "researchAndDevelopment": "1771000", "operatingExpenses": "10762000", "investmentIncomeNet": "None", "netInterestIncome": "None", "interestIncome": "None", "interestExpense": "145000", "nonInterestIncome": "None", "otherNonOperatingIncome": "None", "depreciation": "None", "depreciationAndAmortization": "-33000", "incomeBeforeTax": "-12013000", "incomeTaxExpense": "-9000", "interestAndDebtExpense": "None", "netIncomeFromContinuingOperations": "None", "comprehensiveIncomeNetOfTax": "None", "ebit": "-10418000", "ebitda": "-10451000", "netIncome": "-12004000"}, {"fiscalDateEnding": "2016-12-31", "reportedCurrency": "None", "grossProfit": "9183000", "totalRevenue": "25384000", "costOfRevenue": "16201000", "costofGoodsAndServicesSold": "16201000", "operatingIncome": "-20056000", "sellingGeneralAndAdministrative": "19602000", "researchAndDevelopment": "2104000", "operatingExpenses": "29239000", "investmentIncomeNet": "None", "netInterestIncome": "None", "interestIncome": "None", "interestExpense": "224000", "nonInterestIncome": "None", "otherNonOperatingIncome": "None", "depreciation": "None", "depreciationAndAmortization": "1516000", "incomeBeforeTax": "-18487000", "incomeTaxExpense": "462000", "interestAndDebtExpense": "None", "netIncomeFromContinuingOperations": "None", "comprehensiveIncomeNetOfTax": "None", "ebit": "-20051000", "ebitda": "-18535000", "netIncome": "-18949000"}, {"fiscalDateEnding": "2016-09-30", "reportedCurrency": "None", "grossProfit": "7860000", "totalRevenue": "24704000", "costOfRevenue": "16844000", "costofGoodsAndServicesSold": "16844000", "operatingIncome": "-3073000", "sellingGeneralAndAdministrative": "2229000", "researchAndDevelopment": "2054000", "operatingExpenses": "10933000", "investmentIncomeNet": "None", "netInterestIncome": "None", "interestIncome": "None", "interestExpense": "199000", "nonInterestIncome": "None", "otherNonOperatingIncome": "None", "depreciation": "None", "depreciationAndAmortization": "1406000", "incomeBeforeTax": "-1906000", "incomeTaxExpense": "-111000", "interestAndDebtExpense": "None", "netIncomeFromContinuingOperations": "None", "comprehensiveIncomeNetOfTax": "None", "ebit": "-3070000", "ebitda": "-1664000", "netIncome": "-1795000"}, {"fiscalDateEnding": "2016-06-30", "reportedCurrency": "None", "grossProfit": "8222000", "totalRevenue": "24048000", "costOfRevenue": "15826000", "costofGoodsAndServicesSold": "15826000", "operatingIncome": "-3171000", "sellingGeneralAndAdministrative": "2200000", "researchAndDevelopment": "2178000", "operatingExpenses": "16101000", "investmentIncomeNet": "None", "netInterestIncome": "None", "interestIncome": "None", "interestExpense": "221793", "nonInterestIncome": "None", "otherNonOperatingIncome": "None", "depreciation": "None", "depreciationAndAmortization": "379000", "incomeBeforeTax": "-8019000", "incomeTaxExpense": "-47000", "interestAndDebtExpense": "None", "netIncomeFromContinuingOperations": "None", "comprehensiveIncomeNetOfTax": "None", "ebit": "-3171000", "ebitda": "-2792000", "netIncome": "-7972000"}, {"fiscalDateEnding": "2016-03-31", "reportedCurrency": "None", "grossProfit": "8633000", "totalRevenue": "22634500", "costOfRevenue": "14001500", "costofGoodsAndServicesSold": "14001500", "operatingIncome": "-3089500", "sellingGeneralAndAdministrative": "2468000", "researchAndDevelopment": "2213000", "operatingExpenses": "11845500", "investmentIncomeNet": "None", "netInterestIncome": "None", "interestIncome": "None", "interestExpense": "200380", "nonInterestIncome": "None", "otherNonOperatingIncome": "None", "depreciation": "None", "depreciationAndAmortization": "379000", "incomeBeforeTax": "-3357500", "incomeTaxExpense": "-64500", "interestAndDebtExpense": "None", "netIncomeFromContinuingOperations": "None", "comprehensiveIncomeNetOfTax": "None", "ebit": "-3089500", "ebitda": "-2710500", "netIncome": "-3862000"}, {"fiscalDateEnding": "2015-12-31", "reportedCurrency": "None", "grossProfit": "7721422", "totalRevenue": "17202212", "costOfRevenue": "9480790", "costofGoodsAndServicesSold": "9480790", "operatingIncome": "-6353267", "sellingGeneralAndAdministrative": "2481301", "researchAndDevelopment": "4547878", "operatingExpenses": "14074689", "investmentIncomeNet": "None", "netInterestIncome": "None", "interestIncome": "None", "interestExpense": "255286", "nonInterestIncome": "None", "otherNonOperatingIncome": "None", "depreciation": "None", "depreciationAndAmortization": "2516427", "incomeBeforeTax": "-6596299", "incomeTaxExpense": "50756", "interestAndDebtExpense": "None", "netIncomeFromContinuingOperations": "None", "comprehensiveIncomeNetOfTax": "None", "ebit": "-6341013", "ebitda": "-3824586", "netIncome": "-6647055"}, {"fiscalDateEnding": "2015-09-30", "reportedCurrency": "None", "grossProfit": "7795506", "totalRevenue": "17336187", "costOfRevenue": "9540681", "costofGoodsAndServicesSold": "9540681", "operatingIncome": "-6031396", "sellingGeneralAndAdministrative": "2450601", "researchAndDevelopment": "4288389", "operatingExpenses": "13826902", "investmentIncomeNet": "None", "netInterestIncome": "None", "interestIncome": "None", "interestExpense": "263133", "nonInterestIncome": "None", "otherNonOperatingIncome": "None", "depreciation": "None", "depreciationAndAmortization": "1834205", "incomeBeforeTax": "-6273715", "incomeTaxExpense": "-10722", "interestAndDebtExpense": "None", "netIncomeFromContinuingOperations": "None", "comprehensiveIncomeNetOfTax": "None", "ebit": "-6010582", "ebitda": "-4176377", "netIncome": "-6262993"}, {"fiscalDateEnding": "2015-06-30", "reportedCurrency": "None", "grossProfit": "7709585", "totalRevenue": "17377396", "costOfRevenue": "9667811", "costofGoodsAndServicesSold": "9667811", "operatingIncome": "-7842238", "sellingGeneralAndAdministrative": "1408316", "researchAndDevelopment": "3986639", "operatingExpenses": "15551823", "investmentIncomeNet": "None", "netInterestIncome": "None", "interestIncome": "None", "interestExpense": "266694", "nonInterestIncome": "None", "otherNonOperatingIncome": "None", "depreciation": "None", "depreciationAndAmortization": "1715517", "incomeBeforeTax": "-8092534", "incomeTaxExpense": "125916", "interestAndDebtExpense": "None", "netIncomeFromContinuingOperations": "None", "comprehensiveIncomeNetOfTax": "None", "ebit": "-7825840", "ebitda": "-6110323", "netIncome": "-8218450"}, {"fiscalDateEnding": "2015-03-31", "reportedCurrency": "None", "grossProfit": "6989367", "totalRevenue": "15194125", "costOfRevenue": "8204758", "costofGoodsAndServicesSold": "8204758", "operatingIncome": "-6734916", "sellingGeneralAndAdministrative": "1331718", "researchAndDevelopment": "3625719", "operatingExpenses": "13724283", "investmentIncomeNet": "None", "netInterestIncome": "None", "interestIncome": "None", "interestExpense": "124933", "nonInterestIncome": "None", "otherNonOperatingIncome": "None", "depreciation": "None", "depreciationAndAmortization": "1566016", "incomeBeforeTax": "-6847901", "incomeTaxExpense": "102275", "interestAndDebtExpense": "None", "netIncomeFromContinuingOperations": "None", "comprehensiveIncomeNetOfTax": "None", "ebit": "-6722968", "ebitda": "-5156952", "netIncome": "-6950176"}, {"fiscalDateEnding": "2014-12-31", "reportedCurrency": "None", "grossProfit": "10367802", "totalRevenue": "17612693", "costOfRevenue": "7244891", "costofGoodsAndServicesSold": "7244891", "operatingIncome": "-1130984", "sellingGeneralAndAdministrative": "1892130", "researchAndDevelopment": "2684988", "operatingExpenses": "11498786", "investmentIncomeNet": "None", "netInterestIncome": "None", "interestIncome": "None", "interestExpense": "57634", "nonInterestIncome": "None", "otherNonOperatingIncome": "None", "depreciation": "None", "depreciationAndAmortization": "1283886", "incomeBeforeTax": "-1188528", "incomeTaxExpense": "152169", "interestAndDebtExpense": "None", "netIncomeFromContinuingOperations": "None", "comprehensiveIncomeNetOfTax": "None", "ebit": "-1130894", "ebitda": "152992", "netIncome": "-1340697"}, {"fiscalDateEnding": "2014-09-30", "reportedCurrency": "None", "grossProfit": "9419002", "totalRevenue": "16422820", "costOfRevenue": "7003818", "costofGoodsAndServicesSold": "7003818", "operatingIncome": "-2040514", "sellingGeneralAndAdministrative": "468605", "researchAndDevelopment": "2492531", "operatingExpenses": "11459516", "investmentIncomeNet": "None", "netInterestIncome": "None", "interestIncome": "None", "interestExpense": "48546", "nonInterestIncome": "None", "otherNonOperatingIncome": "None", "depreciation": "None", "depreciationAndAmortization": "1275312", "incomeBeforeTax": "-2087445", "incomeTaxExpense": "150901", "interestAndDebtExpense": "None", "netIncomeFromContinuingOperations": "None", "comprehensiveIncomeNetOfTax": "None", "ebit": "-2038899", "ebitda": "-763587", "netIncome": "-2238346"}, {"fiscalDateEnding": "2014-06-30", "reportedCurrency": "None", "grossProfit": "8814526", "totalRevenue": "15808945", "costOfRevenue": "6994419", "costofGoodsAndServicesSold": "6994419", "operatingIncome": "-1978821", "sellingGeneralAndAdministrative": "1814733", "researchAndDevelopment": "2379144", "operatingExpenses": "10793347", "investmentIncomeNet": "None", "netInterestIncome": "None", "interestIncome": "None", "interestExpense": "55917", "nonInterestIncome": "None", "otherNonOperatingIncome": "None", "depreciation": "None", "depreciationAndAmortization": "1215928", "incomeBeforeTax": "-2034647", "incomeTaxExpense": "150537", "interestAndDebtExpense": "None", "netIncomeFromContinuingOperations": "None", "comprehensiveIncomeNetOfTax": "None", "ebit": "-1978730", "ebitda": "-762802", "netIncome": "-2185184"}]}