{"symbol": "CINF", "annualReports": [{"fiscalDateEnding": "2025-12-31", "reportedCurrency": "None", "grossProfit": "6331000000", "totalRevenue": "12631000000", "costOfRevenue": "6300000000", "costofGoodsAndServicesSold": "6300000000", "operatingIncome": "2966000000", "sellingGeneralAndAdministrative": "3365000000", "researchAndDevelopment": "None", "operatingExpenses": "3365000000", "investmentIncomeNet": "None", "netInterestIncome": "None", "interestIncome": "None", "interestExpense": "5300000", "nonInterestIncome": "None", "otherNonOperatingIncome": "None", "depreciation": "None", "depreciationAndAmortization": "None", "incomeBeforeTax": "2966000000", "incomeTaxExpense": "573000000", "interestAndDebtExpense": "None", "netIncomeFromContinuingOperations": "None", "comprehensiveIncomeNetOfTax": "None", "ebit": "None", "ebitda": "2966000000", "netIncome": "2393000000"}, {"fiscalDateEnding": "2024-12-31", "reportedCurrency": "USD", "grossProfit": "5600000000", "totalRevenue": "11337000000", "costOfRevenue": "5737000000", "costofGoodsAndServicesSold": "5737000000", "operatingIncome": "2858000000", "sellingGeneralAndAdministrative": "None", "researchAndDevelopment": "None", "operatingExpenses": "2742000000", "investmentIncomeNet": "None", "netInterestIncome": "-53000000", "interestIncome": "1016000000", "interestExpense": "53000000", "nonInterestIncome": "None", "otherNonOperatingIncome": "None", "depreciation": "None", "depreciationAndAmortization": "130000000", "incomeBeforeTax": "2858000000", "incomeTaxExpense": "566000000", "interestAndDebtExpense": "None", "netIncomeFromContinuingOperations": "2292000000", "comprehensiveIncomeNetOfTax": "None", "ebit": "2911000000", "ebitda": "3041000000", "netIncome": "2292000000"}, {"fiscalDateEnding": "2023-12-31", "reportedCurrency": "USD", "grossProfit": "9988000000", "totalRevenue": "10013000000", "costOfRevenue": "25000000", "costofGoodsAndServicesSold": "25000000", "operatingIncome": "2276000000", "sellingGeneralAndAdministrative": "None", "researchAndDevelopment": "None", "operatingExpenses": "7692000000", "investmentIncomeNet": "None", "netInterestIncome": "-53000000", "interestIncome": "852000000", "interestExpense": "54000000", "nonInterestIncome": "None", "otherNonOperatingIncome": "None", "depreciation": "None", "depreciationAndAmortization": "112000000", "incomeBeforeTax": "2276000000", "incomeTaxExpense": "433000000", "interestAndDebtExpense": "None", "netIncomeFromContinuingOperations": "1674000000", "comprehensiveIncomeNetOfTax": "None", "ebit": "2276000000", "ebitda": "2276000000", "netIncome": "1843000000"}, {"fiscalDateEnding": "2022-12-31", "reportedCurrency": "USD", "grossProfit": "1544000000", "totalRevenue": "6563000000", "costOfRevenue": "5019000000", "costofGoodsAndServicesSold": "5019000000", "operatingIncome": "-694000000", "sellingGeneralAndAdministrative": "None", "researchAndDevelopment": "None", "operatingExpenses": "2238000000", "investmentIncomeNet": "None", "netInterestIncome": "-53000000", "interestIncome": "785000000", "interestExpense": "53000000", "nonInterestIncome": "None", "otherNonOperatingIncome": "None", "depreciation": "None", "depreciationAndAmortization": "127000000", "incomeBeforeTax": "-694000000", "incomeTaxExpense": "-207000000", "interestAndDebtExpense": "None", "netIncomeFromContinuingOperations": "-486000000", "comprehensiveIncomeNetOfTax": "None", "ebit": "-641000000", "ebitda": "-514000000", "netIncome": "-487000000"}, {"fiscalDateEnding": "2021-12-31", "reportedCurrency": "USD", "grossProfit": "5717000000", "totalRevenue": "9626000000", "costOfRevenue": "3909000000", "costofGoodsAndServicesSold": "3909000000", "operatingIncome": "3698000000", "sellingGeneralAndAdministrative": "None", "researchAndDevelopment": "None", "operatingExpenses": "2019000000", "investmentIncomeNet": "None", "netInterestIncome": "-53000000", "interestIncome": "723000000", "interestExpense": "53000000", "nonInterestIncome": "None", "otherNonOperatingIncome": "None", "depreciation": "None", "depreciationAndAmortization": "118000000", "incomeBeforeTax": "3698000000", "incomeTaxExpense": "730000000", "interestAndDebtExpense": "None", "netIncomeFromContinuingOperations": "2946000000", "comprehensiveIncomeNetOfTax": "None", "ebit": "3751000000", "ebitda": "3869000000", "netIncome": "2968000000"}, {"fiscalDateEnding": "2020-12-31", "reportedCurrency": "USD", "grossProfit": "3402000000", "totalRevenue": "7536000000", "costOfRevenue": "4134000000", "costofGoodsAndServicesSold": "4134000000", "operatingIncome": "1499000000", "sellingGeneralAndAdministrative": "None", "researchAndDevelopment": "None", "operatingExpenses": "1903000000", "investmentIncomeNet": "None", "netInterestIncome": "-54000000", "interestIncome": "675000000", "interestExpense": "54000000", "nonInterestIncome": "None", "otherNonOperatingIncome": "None", "depreciation": "None", "depreciationAndAmortization": "109000000", "incomeBeforeTax": "1499000000", "incomeTaxExpense": "283000000", "interestAndDebtExpense": "None", "netIncomeFromContinuingOperations": "1216000000", "comprehensiveIncomeNetOfTax": "None", "ebit": "1553000000", "ebitda": "1662000000", "netIncome": "1216000000"}, {"fiscalDateEnding": "2019-12-31", "reportedCurrency": "USD", "grossProfit": "4286000000", "totalRevenue": "7924000000", "costOfRevenue": "3638000000", "costofGoodsAndServicesSold": "3638000000", "operatingIncome": "2472000000", "sellingGeneralAndAdministrative": "None", "researchAndDevelopment": "None", "operatingExpenses": "1814000000", "investmentIncomeNet": "None", "netInterestIncome": "-53000000", "interestIncome": "647000000", "interestExpense": "53000000", "nonInterestIncome": "None", "otherNonOperatingIncome": "None", "depreciation": "None", "depreciationAndAmortization": "72000000", "incomeBeforeTax": "2472000000", "incomeTaxExpense": "475000000", "interestAndDebtExpense": "None", "netIncomeFromContinuingOperations": "2947000000", "comprehensiveIncomeNetOfTax": "None", "ebit": "2525000000", "ebitda": "2597000000", "netIncome": "1997000000"}, {"fiscalDateEnding": "2018-12-31", "reportedCurrency": "USD", "grossProfit": "1917000000", "totalRevenue": "5407000000", "costOfRevenue": "3490000000", "costofGoodsAndServicesSold": "3490000000", "operatingIncome": "251000000", "sellingGeneralAndAdministrative": "0", "researchAndDevelopment": "0", "operatingExpenses": "1666000000", "investmentIncomeNet": "None", "netInterestIncome": "-53000000", "interestIncome": "53000000", "interestExpense": "53000000", "nonInterestIncome": "None", "otherNonOperatingIncome": "None", "depreciation": "None", "depreciationAndAmortization": "63000000", "incomeBeforeTax": "251000000", "incomeTaxExpense": "-36000000", "interestAndDebtExpense": "None", "netIncomeFromContinuingOperations": "215000000", "comprehensiveIncomeNetOfTax": "None", "ebit": "304000000", "ebitda": "367000000", "netIncome": "287000000"}, {"fiscalDateEnding": "2017-12-31", "reportedCurrency": "USD", "grossProfit": "2342000000", "totalRevenue": "5732000000", "costOfRevenue": "3390000000", "costofGoodsAndServicesSold": "3390000000", "operatingIncome": "730000000", "sellingGeneralAndAdministrative": "0", "researchAndDevelopment": "0", "operatingExpenses": "1612000000", "investmentIncomeNet": "None", "netInterestIncome": "-53000000", "interestIncome": "53000000", "interestExpense": "53000000", "nonInterestIncome": "None", "otherNonOperatingIncome": "None", "depreciation": "None", "depreciationAndAmortization": "55000000", "incomeBeforeTax": "730000000", "incomeTaxExpense": "-315000000", "interestAndDebtExpense": "None", "netIncomeFromContinuingOperations": "415000000", "comprehensiveIncomeNetOfTax": "None", "ebit": "783000000", "ebitda": "838000000", "netIncome": "1045000000"}, {"fiscalDateEnding": "2016-12-31", "reportedCurrency": "USD", "grossProfit": "2342000000", "totalRevenue": "5449000000", "costOfRevenue": "3107000000", "costofGoodsAndServicesSold": "3107000000", "operatingIncome": "812000000", "sellingGeneralAndAdministrative": "0", "researchAndDevelopment": "0", "operatingExpenses": "1530000000", "investmentIncomeNet": "None", "netInterestIncome": "-53000000", "interestIncome": "53000000", "interestExpense": "53000000", "nonInterestIncome": "None", "otherNonOperatingIncome": "None", "depreciation": "None", "depreciationAndAmortization": "48000000", "incomeBeforeTax": "812000000", "incomeTaxExpense": "221000000", "interestAndDebtExpense": "None", "netIncomeFromContinuingOperations": "1033000000", "comprehensiveIncomeNetOfTax": "None", "ebit": "865000000", "ebitda": "913000000", "netIncome": "591000000"}, {"fiscalDateEnding": "2015-12-31", "reportedCurrency": "USD", "grossProfit": "2334000000", "totalRevenue": "5142000000", "costOfRevenue": "2808000000", "costofGoodsAndServicesSold": "2808000000", "operatingIncome": "881000000", "sellingGeneralAndAdministrative": "0", "researchAndDevelopment": "0", "operatingExpenses": "1453000000", "investmentIncomeNet": "None", "netInterestIncome": "None", "interestIncome": "53000000", "interestExpense": "53000000", "nonInterestIncome": "None", "otherNonOperatingIncome": "None", "depreciation": "None", "depreciationAndAmortization": "52000000", "incomeBeforeTax": "881000000", "incomeTaxExpense": "247000000", "interestAndDebtExpense": "None", "netIncomeFromContinuingOperations": "1128000000", "comprehensiveIncomeNetOfTax": "None", "ebit": "934000000", "ebitda": "986000000", "netIncome": "634000000"}, {"fiscalDateEnding": "2014-12-31", "reportedCurrency": "USD", "grossProfit": "2089000000", "totalRevenue": "4945000000", "costOfRevenue": "2856000000", "costofGoodsAndServicesSold": "2856000000", "operatingIncome": "721000000", "sellingGeneralAndAdministrative": "0", "researchAndDevelopment": "0", "operatingExpenses": "1368000000", "investmentIncomeNet": "None", "netInterestIncome": "None", "interestIncome": "None", "interestExpense": "53000000", "nonInterestIncome": "None", "otherNonOperatingIncome": "None", "depreciation": "None", "depreciationAndAmortization": "51000000", "incomeBeforeTax": "721000000", "incomeTaxExpense": "196000000", "interestAndDebtExpense": "None", "netIncomeFromContinuingOperations": "917000000", "comprehensiveIncomeNetOfTax": "None", "ebit": "774000000", "ebitda": "825000000", "netIncome": "525000000"}, {"fiscalDateEnding": "2013-12-31", "reportedCurrency": "USD", "grossProfit": "2026000000", "totalRevenue": "4531000000", "costOfRevenue": "2505000000", "costofGoodsAndServicesSold": "2505000000", "operatingIncome": "714000000", "sellingGeneralAndAdministrative": "0", "researchAndDevelopment": "0", "operatingExpenses": "1312000000", "investmentIncomeNet": "None", "netInterestIncome": "None", "interestIncome": "None", "interestExpense": "54000000", "nonInterestIncome": "None", "otherNonOperatingIncome": "None", "depreciation": "None", "depreciationAndAmortization": "50000000", "incomeBeforeTax": "714000000", "incomeTaxExpense": "197000000", "interestAndDebtExpense": "None", "netIncomeFromContinuingOperations": "517000000", "comprehensiveIncomeNetOfTax": "None", "ebit": "768000000", "ebitda": "818000000", "netIncome": "517000000"}, {"fiscalDateEnding": "2012-12-31", "reportedCurrency": "USD", "grossProfit": "1789000000", "totalRevenue": "4111000000", "costOfRevenue": "2322000000", "costofGoodsAndServicesSold": "2322000000", "operatingIncome": "566000000", "sellingGeneralAndAdministrative": "0", "researchAndDevelopment": "0", "operatingExpenses": "1223000000", "investmentIncomeNet": "None", "netInterestIncome": "None", "interestIncome": "None", "interestExpense": "54000000", "nonInterestIncome": "None", "otherNonOperatingIncome": "428000000", "depreciation": "None", "depreciationAndAmortization": "44000000", "incomeBeforeTax": "566000000", "incomeTaxExpense": "145000000", "interestAndDebtExpense": "None", "netIncomeFromContinuingOperations": "421000000", "comprehensiveIncomeNetOfTax": "None", "ebit": "620000000", "ebitda": "664000000", "netIncome": "421000000"}, {"fiscalDateEnding": "2011-12-31", "reportedCurrency": "USD", "grossProfit": "1279000000", "totalRevenue": "3803000000", "costOfRevenue": "2524000000", "costofGoodsAndServicesSold": "2524000000", "operatingIncome": "173000000", "sellingGeneralAndAdministrative": "13000000", "researchAndDevelopment": "0", "operatingExpenses": "1106000000", "investmentIncomeNet": "None", "netInterestIncome": "None", "interestIncome": "None", "interestExpense": "54000000", "nonInterestIncome": "None", "otherNonOperatingIncome": "None", "depreciation": "None", "depreciationAndAmortization": "42000000", "incomeBeforeTax": "173000000", "incomeTaxExpense": "9000000", "interestAndDebtExpense": "None", "netIncomeFromContinuingOperations": "166000000", "comprehensiveIncomeNetOfTax": "None", "ebit": "227000000", "ebitda": "269000000", "netIncome": "164000000"}, {"fiscalDateEnding": "2010-12-31", "reportedCurrency": "USD", "grossProfit": "1592000000", "totalRevenue": "3772000000", "costOfRevenue": "2180000000", "costofGoodsAndServicesSold": "2180000000", "operatingIncome": "498000000", "sellingGeneralAndAdministrative": "16000000", "researchAndDevelopment": "0", "operatingExpenses": "1094000000", "investmentIncomeNet": "None", "netInterestIncome": "None", "interestIncome": "None", "interestExpense": "54000000", "nonInterestIncome": "None", "otherNonOperatingIncome": "None", "depreciation": "None", "depreciationAndAmortization": "41000000", "incomeBeforeTax": "498000000", "incomeTaxExpense": "123000000", "interestAndDebtExpense": "None", "netIncomeFromContinuingOperations": "377000000", "comprehensiveIncomeNetOfTax": "None", "ebit": "552000000", "ebitda": "593000000", "netIncome": "375000000"}, {"fiscalDateEnding": "2009-12-31", "reportedCurrency": "USD", "grossProfit": "1661000000", "totalRevenue": "3903000000", "costOfRevenue": "2242000000", "costofGoodsAndServicesSold": "2242000000", "operatingIncome": "582000000", "sellingGeneralAndAdministrative": "20000000", "researchAndDevelopment": "None", "operatingExpenses": "1079000000", "investmentIncomeNet": "None", "netInterestIncome": "None", "interestIncome": "None", "interestExpense": "55000000", "nonInterestIncome": "None", "otherNonOperatingIncome": "None", "depreciation": "None", "depreciationAndAmortization": "38000000", "incomeBeforeTax": "582000000", "incomeTaxExpense": "150000000", "interestAndDebtExpense": "None", "netIncomeFromContinuingOperations": "None", "comprehensiveIncomeNetOfTax": "None", "ebit": "637000000", "ebitda": "675000000", "netIncome": "432000000"}, {"fiscalDateEnding": "2008-12-31", "reportedCurrency": "USD", "grossProfit": "1648000000", "totalRevenue": "3824000000", "costOfRevenue": "2176000000", "costofGoodsAndServicesSold": "2176000000", "operatingIncome": "540000000", "sellingGeneralAndAdministrative": "411000000", "researchAndDevelopment": "None", "operatingExpenses": "1108000000", "investmentIncomeNet": "None", "netInterestIncome": "None", "interestIncome": "None", "interestExpense": "53000000", "nonInterestIncome": "None", "otherNonOperatingIncome": "None", "depreciation": "None", "depreciationAndAmortization": "32000000", "incomeBeforeTax": "540000000", "incomeTaxExpense": "111000000", "interestAndDebtExpense": "None", "netIncomeFromContinuingOperations": "None", "comprehensiveIncomeNetOfTax": "None", "ebit": "593000000", "ebitda": "625000000", "netIncome": "429000000"}, {"fiscalDateEnding": "2007-12-31", "reportedCurrency": "USD", "grossProfit": "2305000000", "totalRevenue": "4259000000", "costOfRevenue": "1954000000", "costofGoodsAndServicesSold": "1954000000", "operatingIncome": "1192000000", "sellingGeneralAndAdministrative": "362000000", "researchAndDevelopment": "None", "operatingExpenses": "1113000000", "investmentIncomeNet": "None", "netInterestIncome": "None", "interestIncome": "None", "interestExpense": "52000000", "nonInterestIncome": "None", "otherNonOperatingIncome": "None", "depreciation": "None", "depreciationAndAmortization": "36000000", "incomeBeforeTax": "1192000000", "incomeTaxExpense": "337000000", "interestAndDebtExpense": "None", "netIncomeFromContinuingOperations": "None", "comprehensiveIncomeNetOfTax": "None", "ebit": "1244000000", "ebitda": "1280000000", "netIncome": "855000000"}, {"fiscalDateEnding": "2006-12-31", "reportedCurrency": "USD", "grossProfit": "2443000000", "totalRevenue": "4550000000", "costOfRevenue": "2107000000", "costofGoodsAndServicesSold": "2107000000", "operatingIncome": "1329000000", "sellingGeneralAndAdministrative": "354000000", "researchAndDevelopment": "None", "operatingExpenses": "1114000000", "investmentIncomeNet": "None", "netInterestIncome": "None", "interestIncome": "None", "interestExpense": "53000000", "nonInterestIncome": "None", "otherNonOperatingIncome": "None", "depreciation": "None", "depreciationAndAmortization": "38000000", "incomeBeforeTax": "1329000000", "incomeTaxExpense": "399000000", "interestAndDebtExpense": "None", "netIncomeFromContinuingOperations": "None", "comprehensiveIncomeNetOfTax": "None", "ebit": "1382000000", "ebitda": "1420000000", "netIncome": "930000000"}], "quarterlyReports": [{"fiscalDateEnding": "2025-12-31", "reportedCurrency": "None", "grossProfit": "1959000000", "totalRevenue": "3091000000", "costOfRevenue": "1132000000", "costofGoodsAndServicesSold": "1132000000", "operatingIncome": "826000000", "sellingGeneralAndAdministrative": "3365000000", "researchAndDevelopment": "None", "operatingExpenses": "1133000000", "investmentIncomeNet": "None", "netInterestIncome": "None", "interestIncome": "None", "interestExpense": "-34700000", "nonInterestIncome": "None", "otherNonOperatingIncome": "None", "depreciation": "None", "depreciationAndAmortization": "None", "incomeBeforeTax": "826000000", "incomeTaxExpense": "150000000", "interestAndDebtExpense": "None", "netIncomeFromContinuingOperations": "None", "comprehensiveIncomeNetOfTax": "None", "ebit": "None", "ebitda": "826000000", "netIncome": "676000000"}, {"fiscalDateEnding": "2025-09-30", "reportedCurrency": "USD", "grossProfit": "2186000000", "totalRevenue": "3726000000", "costOfRevenue": "1540000000", "costofGoodsAndServicesSold": "1540000000", "operatingIncome": "1413000000", "sellingGeneralAndAdministrative": "None", "researchAndDevelopment": "None", "operatingExpenses": "773000000", "investmentIncomeNet": "None", "netInterestIncome": "-13000000", "interestIncome": "296000000", "interestExpense": "13000000", "nonInterestIncome": "None", "otherNonOperatingIncome": "None", "depreciation": "None", "depreciationAndAmortization": "33000000", "incomeBeforeTax": "1413000000", "incomeTaxExpense": "291000000", "interestAndDebtExpense": "None", "netIncomeFromContinuingOperations": "1122000000", "comprehensiveIncomeNetOfTax": "None", "ebit": "1426000000", "ebitda": "1459000000", "netIncome": "1122000000"}, {"fiscalDateEnding": "2025-06-30", "reportedCurrency": "USD", "grossProfit": "1588000000", "totalRevenue": "3248000000", "costOfRevenue": "1660000000", "costofGoodsAndServicesSold": "1660000000", "operatingIncome": "855000000", "sellingGeneralAndAdministrative": "None", "researchAndDevelopment": "None", "operatingExpenses": "733000000", "investmentIncomeNet": "None", "netInterestIncome": "-14000000", "interestIncome": "284000000", "interestExpense": "14000000", "nonInterestIncome": "None", "otherNonOperatingIncome": "None", "depreciation": "None", "depreciationAndAmortization": "46000000", "incomeBeforeTax": "855000000", "incomeTaxExpense": "170000000", "interestAndDebtExpense": "None", "netIncomeFromContinuingOperations": "685000000", "comprehensiveIncomeNetOfTax": "None", "ebit": "869000000", "ebitda": "915000000", "netIncome": "685000000"}, {"fiscalDateEnding": "2025-03-31", "reportedCurrency": "USD", "grossProfit": "598000000", "totalRevenue": "2566000000", "costOfRevenue": "1968000000", "costofGoodsAndServicesSold": "1968000000", "operatingIncome": "-128000000", "sellingGeneralAndAdministrative": "None", "researchAndDevelopment": "None", "operatingExpenses": "726000000", "investmentIncomeNet": "None", "netInterestIncome": "-13000000", "interestIncome": "277000000", "interestExpense": "13000000", "nonInterestIncome": "None", "otherNonOperatingIncome": "None", "depreciation": "None", "depreciationAndAmortization": "47000000", "incomeBeforeTax": "-128000000", "incomeTaxExpense": "-38000000", "interestAndDebtExpense": "None", "netIncomeFromContinuingOperations": "-90000000", "comprehensiveIncomeNetOfTax": "None", "ebit": "-115000000", "ebitda": "-68000000", "netIncome": "-90000000"}, {"fiscalDateEnding": "2024-12-31", "reportedCurrency": "USD", "grossProfit": "1208000000", "totalRevenue": "2538000000", "costOfRevenue": "1330000000", "costofGoodsAndServicesSold": "1330000000", "operatingIncome": "479000000", "sellingGeneralAndAdministrative": "None", "researchAndDevelopment": "None", "operatingExpenses": "729000000", "investmentIncomeNet": "None", "netInterestIncome": "-13000000", "interestIncome": "278000000", "interestExpense": "13000000", "nonInterestIncome": "None", "otherNonOperatingIncome": "None", "depreciation": "None", "depreciationAndAmortization": "15000000", "incomeBeforeTax": "479000000", "incomeTaxExpense": "74000000", "interestAndDebtExpense": "None", "netIncomeFromContinuingOperations": "405000000", "comprehensiveIncomeNetOfTax": "None", "ebit": "492000000", "ebitda": "507000000", "netIncome": "405000000"}, {"fiscalDateEnding": "2024-09-30", "reportedCurrency": "USD", "grossProfit": "1742000000", "totalRevenue": "3320000000", "costOfRevenue": "1578000000", "costofGoodsAndServicesSold": "1578000000", "operatingIncome": "1040000000", "sellingGeneralAndAdministrative": "None", "researchAndDevelopment": "None", "operatingExpenses": "702000000", "investmentIncomeNet": "None", "netInterestIncome": "-13000000", "interestIncome": "255000000", "interestExpense": "13000000", "nonInterestIncome": "None", "otherNonOperatingIncome": "None", "depreciation": "None", "depreciationAndAmortization": "39000000", "incomeBeforeTax": "1040000000", "incomeTaxExpense": "220000000", "interestAndDebtExpense": "None", "netIncomeFromContinuingOperations": "820000000", "comprehensiveIncomeNetOfTax": "None", "ebit": "1053000000", "ebitda": "1092000000", "netIncome": "820000000"}, {"fiscalDateEnding": "2024-06-30", "reportedCurrency": "USD", "grossProfit": "1064000000", "totalRevenue": "2544000000", "costOfRevenue": "1480000000", "costofGoodsAndServicesSold": "1480000000", "operatingIncome": "386000000", "sellingGeneralAndAdministrative": "None", "researchAndDevelopment": "None", "operatingExpenses": "678000000", "investmentIncomeNet": "None", "netInterestIncome": "-14000000", "interestIncome": "242000000", "interestExpense": "14000000", "nonInterestIncome": "None", "otherNonOperatingIncome": "None", "depreciation": "None", "depreciationAndAmortization": "42000000", "incomeBeforeTax": "386000000", "incomeTaxExpense": "74000000", "interestAndDebtExpense": "None", "netIncomeFromContinuingOperations": "312000000", "comprehensiveIncomeNetOfTax": "None", "ebit": "400000000", "ebitda": "442000000", "netIncome": "312000000"}, {"fiscalDateEnding": "2024-03-31", "reportedCurrency": "USD", "grossProfit": "1586000000", "totalRevenue": "2935000000", "costOfRevenue": "1349000000", "costofGoodsAndServicesSold": "1349000000", "operatingIncome": "953000000", "sellingGeneralAndAdministrative": "None", "researchAndDevelopment": "None", "operatingExpenses": "633000000", "investmentIncomeNet": "None", "netInterestIncome": "-13000000", "interestIncome": "241000000", "interestExpense": "13000000", "nonInterestIncome": "None", "otherNonOperatingIncome": "None", "depreciation": "None", "depreciationAndAmortization": "34000000", "incomeBeforeTax": "953000000", "incomeTaxExpense": "198000000", "interestAndDebtExpense": "None", "netIncomeFromContinuingOperations": "755000000", "comprehensiveIncomeNetOfTax": "None", "ebit": "966000000", "ebitda": "1000000000", "netIncome": "755000000"}, {"fiscalDateEnding": "2023-12-31", "reportedCurrency": "USD", "grossProfit": "2152000000", "totalRevenue": "3356000000", "costOfRevenue": "1204000000", "costofGoodsAndServicesSold": "1204000000", "operatingIncome": "1490000000", "sellingGeneralAndAdministrative": "None", "researchAndDevelopment": "None", "operatingExpenses": "662000000", "investmentIncomeNet": "None", "netInterestIncome": "-14000000", "interestIncome": "236000000", "interestExpense": "14000000", "nonInterestIncome": "None", "otherNonOperatingIncome": "None", "depreciation": "None", "depreciationAndAmortization": "24000000", "incomeBeforeTax": "1490000000", "incomeTaxExpense": "307000000", "interestAndDebtExpense": "None", "netIncomeFromContinuingOperations": "1183000000", "comprehensiveIncomeNetOfTax": "None", "ebit": "1504000000", "ebitda": "1528000000", "netIncome": "1183000000"}, {"fiscalDateEnding": "2023-09-30", "reportedCurrency": "USD", "grossProfit": "479000000", "totalRevenue": "1811000000", "costOfRevenue": "1332000000", "costofGoodsAndServicesSold": "1332000000", "operatingIncome": "-148000000", "sellingGeneralAndAdministrative": "None", "researchAndDevelopment": "None", "operatingExpenses": "627000000", "investmentIncomeNet": "None", "netInterestIncome": "-13000000", "interestIncome": "223000000", "interestExpense": "13000000", "nonInterestIncome": "None", "otherNonOperatingIncome": "None", "depreciation": "None", "depreciationAndAmortization": "14000000", "incomeBeforeTax": "-148000000", "incomeTaxExpense": "-49000000", "interestAndDebtExpense": "None", "netIncomeFromContinuingOperations": "-99000000", "comprehensiveIncomeNetOfTax": "None", "ebit": "-135000000", "ebitda": "-121000000", "netIncome": "-99000000"}, {"fiscalDateEnding": "2023-06-30", "reportedCurrency": "USD", "grossProfit": "1265000000", "totalRevenue": "2605000000", "costOfRevenue": "1340000000", "costofGoodsAndServicesSold": "1340000000", "operatingIncome": "666000000", "sellingGeneralAndAdministrative": "None", "researchAndDevelopment": "None", "operatingExpenses": "599000000", "investmentIncomeNet": "None", "netInterestIncome": "-13000000", "interestIncome": "217000000", "interestExpense": "13000000", "nonInterestIncome": "None", "otherNonOperatingIncome": "None", "depreciation": "None", "depreciationAndAmortization": "34000000", "incomeBeforeTax": "666000000", "incomeTaxExpense": "132000000", "interestAndDebtExpense": "None", "netIncomeFromContinuingOperations": "534000000", "comprehensiveIncomeNetOfTax": "None", "ebit": "679000000", "ebitda": "713000000", "netIncome": "534000000"}, {"fiscalDateEnding": "2023-03-31", "reportedCurrency": "USD", "grossProfit": "843000000", "totalRevenue": "2241000000", "costOfRevenue": "1398000000", "costofGoodsAndServicesSold": "1398000000", "operatingIncome": "268000000", "sellingGeneralAndAdministrative": "None", "researchAndDevelopment": "None", "operatingExpenses": "575000000", "investmentIncomeNet": "None", "netInterestIncome": "-14000000", "interestIncome": "206000000", "interestExpense": "14000000", "nonInterestIncome": "None", "otherNonOperatingIncome": "None", "depreciation": "None", "depreciationAndAmortization": "40000000", "incomeBeforeTax": "268000000", "incomeTaxExpense": "43000000", "interestAndDebtExpense": "None", "netIncomeFromContinuingOperations": "225000000", "comprehensiveIncomeNetOfTax": "None", "ebit": "282000000", "ebitda": "322000000", "netIncome": "225000000"}, {"fiscalDateEnding": "2022-12-31", "reportedCurrency": "USD", "grossProfit": "1868000000", "totalRevenue": "3114000000", "costOfRevenue": "1246000000", "costofGoodsAndServicesSold": "1246000000", "operatingIncome": "1287000000", "sellingGeneralAndAdministrative": "None", "researchAndDevelopment": "None", "operatingExpenses": "581000000", "investmentIncomeNet": "None", "netInterestIncome": "-13000000", "interestIncome": "206000000", "interestExpense": "13000000", "nonInterestIncome": "None", "otherNonOperatingIncome": "None", "depreciation": "None", "depreciationAndAmortization": "46000000", "incomeBeforeTax": "1287000000", "incomeTaxExpense": "274000000", "interestAndDebtExpense": "None", "netIncomeFromContinuingOperations": "1013000000", "comprehensiveIncomeNetOfTax": "None", "ebit": "1300000000", "ebitda": "1346000000", "netIncome": "1013000000"}, {"fiscalDateEnding": "2022-09-30", "reportedCurrency": "USD", "grossProfit": "-8000000", "totalRevenue": "1410000000", "costOfRevenue": "1418000000", "costofGoodsAndServicesSold": "1418000000", "operatingIncome": "-577000000", "sellingGeneralAndAdministrative": "None", "researchAndDevelopment": "None", "operatingExpenses": "569000000", "investmentIncomeNet": "None", "netInterestIncome": "-14000000", "interestIncome": "195000000", "interestExpense": "14000000", "nonInterestIncome": "None", "otherNonOperatingIncome": "None", "depreciation": "None", "depreciationAndAmortization": "24000000", "incomeBeforeTax": "-577000000", "incomeTaxExpense": "-161000000", "interestAndDebtExpense": "None", "netIncomeFromContinuingOperations": "-418000000", "comprehensiveIncomeNetOfTax": "None", "ebit": "-563000000", "ebitda": "-539000000", "netIncome": "-416000000"}, {"fiscalDateEnding": "2022-06-30", "reportedCurrency": "USD", "grossProfit": "-502000000", "totalRevenue": "820000000", "costOfRevenue": "1322000000", "costofGoodsAndServicesSold": "1322000000", "operatingIncome": "-1053000000", "sellingGeneralAndAdministrative": "None", "researchAndDevelopment": "None", "operatingExpenses": "551000000", "investmentIncomeNet": "None", "netInterestIncome": "-13000000", "interestIncome": "None", "interestExpense": "13000000", "nonInterestIncome": "None", "otherNonOperatingIncome": "None", "depreciation": "None", "depreciationAndAmortization": "41000000", "incomeBeforeTax": "-1053000000", "incomeTaxExpense": "-235000000", "interestAndDebtExpense": "None", "netIncomeFromContinuingOperations": "-808000000", "comprehensiveIncomeNetOfTax": "None", "ebit": "-1040000000", "ebitda": "-999000000", "netIncome": "-818000000"}, {"fiscalDateEnding": "2022-03-31", "reportedCurrency": "USD", "grossProfit": "186000000", "totalRevenue": "1218000000", "costOfRevenue": "1032000000", "costofGoodsAndServicesSold": "1032000000", "operatingIncome": "-351000000", "sellingGeneralAndAdministrative": "None", "researchAndDevelopment": "None", "operatingExpenses": "537000000", "investmentIncomeNet": "None", "netInterestIncome": "-13000000", "interestIncome": "188000000", "interestExpense": "13000000", "nonInterestIncome": "None", "otherNonOperatingIncome": "None", "depreciation": "None", "depreciationAndAmortization": "37000000", "incomeBeforeTax": "-351000000", "incomeTaxExpense": "-85000000", "interestAndDebtExpense": "None", "netIncomeFromContinuingOperations": "-273000000", "comprehensiveIncomeNetOfTax": "None", "ebit": "-338000000", "ebitda": "-301000000", "netIncome": "-266000000"}, {"fiscalDateEnding": "2021-12-31", "reportedCurrency": "USD", "grossProfit": "2377000000", "totalRevenue": "3323000000", "costOfRevenue": "946000000", "costofGoodsAndServicesSold": "946000000", "operatingIncome": "1846000000", "sellingGeneralAndAdministrative": "None", "researchAndDevelopment": "None", "operatingExpenses": "531000000", "investmentIncomeNet": "None", "netInterestIncome": "-14000000", "interestIncome": "188000000", "interestExpense": "14000000", "nonInterestIncome": "None", "otherNonOperatingIncome": "None", "depreciation": "None", "depreciationAndAmortization": "24000000", "incomeBeforeTax": "1846000000", "incomeTaxExpense": "376000000", "interestAndDebtExpense": "None", "netIncomeFromContinuingOperations": "1470000000", "comprehensiveIncomeNetOfTax": "None", "ebit": "1860000000", "ebitda": "1884000000", "netIncome": "1470000000"}, {"fiscalDateEnding": "2021-09-30", "reportedCurrency": "USD", "grossProfit": "713000000", "totalRevenue": "1785000000", "costOfRevenue": "1072000000", "costofGoodsAndServicesSold": "1072000000", "operatingIncome": "184000000", "sellingGeneralAndAdministrative": "None", "researchAndDevelopment": "None", "operatingExpenses": "529000000", "investmentIncomeNet": "None", "netInterestIncome": "-13000000", "interestIncome": "182000000", "interestExpense": "13000000", "nonInterestIncome": "None", "otherNonOperatingIncome": "None", "depreciation": "None", "depreciationAndAmortization": "23000000", "incomeBeforeTax": "184000000", "incomeTaxExpense": "31000000", "interestAndDebtExpense": "None", "netIncomeFromContinuingOperations": "153000000", "comprehensiveIncomeNetOfTax": "None", "ebit": "197000000", "ebitda": "220000000", "netIncome": "153000000"}, {"fiscalDateEnding": "2021-06-30", "reportedCurrency": "USD", "grossProfit": "1380000000", "totalRevenue": "2295000000", "costOfRevenue": "915000000", "costofGoodsAndServicesSold": "915000000", "operatingIncome": "872000000", "sellingGeneralAndAdministrative": "None", "researchAndDevelopment": "None", "operatingExpenses": "508000000", "investmentIncomeNet": "None", "netInterestIncome": "-13000000", "interestIncome": "177000000", "interestExpense": "13000000", "nonInterestIncome": "None", "otherNonOperatingIncome": "None", "depreciation": "None", "depreciationAndAmortization": "23000000", "incomeBeforeTax": "872000000", "incomeTaxExpense": "169000000", "interestAndDebtExpense": "None", "netIncomeFromContinuingOperations": "703000000", "comprehensiveIncomeNetOfTax": "None", "ebit": "885000000", "ebitda": "908000000", "netIncome": "703000000"}, {"fiscalDateEnding": "2021-03-31", "reportedCurrency": "USD", "grossProfit": "1224000000", "totalRevenue": "2227000000", "costOfRevenue": "1003000000", "costofGoodsAndServicesSold": "1003000000", "operatingIncome": "768000000", "sellingGeneralAndAdministrative": "None", "researchAndDevelopment": "None", "operatingExpenses": "456000000", "investmentIncomeNet": "None", "netInterestIncome": "-13000000", "interestIncome": "176000000", "interestExpense": "13000000", "nonInterestIncome": "None", "otherNonOperatingIncome": "None", "depreciation": "None", "depreciationAndAmortization": "23000000", "incomeBeforeTax": "768000000", "incomeTaxExpense": "148000000", "interestAndDebtExpense": "None", "netIncomeFromContinuingOperations": "620000000", "comprehensiveIncomeNetOfTax": "None", "ebit": "781000000", "ebitda": "804000000", "netIncome": "620000000"}, {"fiscalDateEnding": "2020-12-31", "reportedCurrency": "USD", "grossProfit": "1792000000", "totalRevenue": "2694000000", "costOfRevenue": "902000000", "costofGoodsAndServicesSold": "902000000", "operatingIncome": "1316000000", "sellingGeneralAndAdministrative": "None", "researchAndDevelopment": "None", "operatingExpenses": "476000000", "investmentIncomeNet": "None", "netInterestIncome": "-14000000", "interestIncome": "175000000", "interestExpense": "14000000", "nonInterestIncome": "None", "otherNonOperatingIncome": "None", "depreciation": "None", "depreciationAndAmortization": "19000000", "incomeBeforeTax": "1316000000", "incomeTaxExpense": "267000000", "interestAndDebtExpense": "None", "netIncomeFromContinuingOperations": "1049000000", "comprehensiveIncomeNetOfTax": "None", "ebit": "1330000000", "ebitda": "1349000000", "netIncome": "1049000000"}, {"fiscalDateEnding": "2020-09-30", "reportedCurrency": "USD", "grossProfit": "1084000000", "totalRevenue": "2227000000", "costOfRevenue": "1143000000", "costofGoodsAndServicesSold": "1143000000", "operatingIncome": "614000000", "sellingGeneralAndAdministrative": "None", "researchAndDevelopment": "None", "operatingExpenses": "470000000", "investmentIncomeNet": "None", "netInterestIncome": "-13000000", "interestIncome": "168000000", "interestExpense": "13000000", "nonInterestIncome": "None", "otherNonOperatingIncome": "533000000", "depreciation": "None", "depreciationAndAmortization": "20000000", "incomeBeforeTax": "614000000", "incomeTaxExpense": "130000000", "interestAndDebtExpense": "None", "netIncomeFromContinuingOperations": "484000000", "comprehensiveIncomeNetOfTax": "None", "ebit": "627000000", "ebitda": "647000000", "netIncome": "484000000"}, {"fiscalDateEnding": "2020-06-30", "reportedCurrency": "USD", "grossProfit": "1628000000", "totalRevenue": "2714000000", "costOfRevenue": "1086000000", "costofGoodsAndServicesSold": "1086000000", "operatingIncome": "1145000000", "sellingGeneralAndAdministrative": "None", "researchAndDevelopment": "None", "operatingExpenses": "483000000", "investmentIncomeNet": "None", "netInterestIncome": "-14000000", "interestIncome": "167000000", "interestExpense": "14000000", "nonInterestIncome": "None", "otherNonOperatingIncome": "1060000000", "depreciation": "None", "depreciationAndAmortization": "20000000", "incomeBeforeTax": "1145000000", "incomeTaxExpense": "236000000", "interestAndDebtExpense": "None", "netIncomeFromContinuingOperations": "909000000", "comprehensiveIncomeNetOfTax": "None", "ebit": "1159000000", "ebitda": "1179000000", "netIncome": "909000000"}, {"fiscalDateEnding": "2020-03-31", "reportedCurrency": "USD", "grossProfit": "-1102000000", "totalRevenue": "-99000000", "costOfRevenue": "1003000000", "costofGoodsAndServicesSold": "1003000000", "operatingIncome": "-1576000000", "sellingGeneralAndAdministrative": "None", "researchAndDevelopment": "None", "operatingExpenses": "474000000", "investmentIncomeNet": "None", "netInterestIncome": "-13000000", "interestIncome": "165000000", "interestExpense": "13000000", "nonInterestIncome": "None", "otherNonOperatingIncome": "None", "depreciation": "None", "depreciationAndAmortization": "22000000", "incomeBeforeTax": "-1576000000", "incomeTaxExpense": "-350000000", "interestAndDebtExpense": "None", "netIncomeFromContinuingOperations": "-1226000000", "comprehensiveIncomeNetOfTax": "None", "ebit": "-1563000000", "ebitda": "-1541000000", "netIncome": "-1226000000"}, {"fiscalDateEnding": "2019-12-31", "reportedCurrency": "USD", "grossProfit": "1242000000", "totalRevenue": "2152000000", "costOfRevenue": "910000000", "costofGoodsAndServicesSold": "910000000", "operatingIncome": "781000000", "sellingGeneralAndAdministrative": "None", "researchAndDevelopment": "None", "operatingExpenses": "461000000", "investmentIncomeNet": "None", "netInterestIncome": "-13000000", "interestIncome": "169000000", "interestExpense": "13000000", "nonInterestIncome": "None", "otherNonOperatingIncome": "None", "depreciation": "None", "depreciationAndAmortization": "18000000", "incomeBeforeTax": "781000000", "incomeTaxExpense": "155000000", "interestAndDebtExpense": "None", "netIncomeFromContinuingOperations": "1576000000", "comprehensiveIncomeNetOfTax": "None", "ebit": "794000000", "ebitda": "812000000", "netIncome": "626000000"}, {"fiscalDateEnding": "2019-09-30", "reportedCurrency": "USD", "grossProfit": "768000000", "totalRevenue": "1700000000", "costOfRevenue": "932000000", "costofGoodsAndServicesSold": "932000000", "operatingIncome": "294000000", "sellingGeneralAndAdministrative": "None", "researchAndDevelopment": "None", "operatingExpenses": "474000000", "investmentIncomeNet": "None", "netInterestIncome": "-14000000", "interestIncome": "160000000", "interestExpense": "14000000", "nonInterestIncome": "None", "otherNonOperatingIncome": "None", "depreciation": "None", "depreciationAndAmortization": "18000000", "incomeBeforeTax": "294000000", "incomeTaxExpense": "46000000", "interestAndDebtExpense": "None", "netIncomeFromContinuingOperations": "248000000", "comprehensiveIncomeNetOfTax": "None", "ebit": "308000000", "ebitda": "326000000", "netIncome": "248000000"}, {"fiscalDateEnding": "2019-06-30", "reportedCurrency": "USD", "grossProfit": "977000000", "totalRevenue": "1913000000", "costOfRevenue": "936000000", "costofGoodsAndServicesSold": "936000000", "operatingIncome": "530000000", "sellingGeneralAndAdministrative": "None", "researchAndDevelopment": "None", "operatingExpenses": "447000000", "investmentIncomeNet": "None", "netInterestIncome": "-13000000", "interestIncome": "161000000", "interestExpense": "13000000", "nonInterestIncome": "None", "otherNonOperatingIncome": "None", "depreciation": "None", "depreciationAndAmortization": "17000000", "incomeBeforeTax": "530000000", "incomeTaxExpense": "102000000", "interestAndDebtExpense": "None", "netIncomeFromContinuingOperations": "428000000", "comprehensiveIncomeNetOfTax": "None", "ebit": "543000000", "ebitda": "560000000", "netIncome": "428000000"}, {"fiscalDateEnding": "2019-03-31", "reportedCurrency": "USD", "grossProfit": "1299000000", "totalRevenue": "2159000000", "costOfRevenue": "860000000", "costofGoodsAndServicesSold": "860000000", "operatingIncome": "867000000", "sellingGeneralAndAdministrative": "None", "researchAndDevelopment": "None", "operatingExpenses": "432000000", "investmentIncomeNet": "None", "netInterestIncome": "-13000000", "interestIncome": "None", "interestExpense": "13000000", "nonInterestIncome": "None", "otherNonOperatingIncome": "None", "depreciation": "None", "depreciationAndAmortization": "19000000", "incomeBeforeTax": "867000000", "incomeTaxExpense": "172000000", "interestAndDebtExpense": "None", "netIncomeFromContinuingOperations": "695000000", "comprehensiveIncomeNetOfTax": "None", "ebit": "880000000", "ebitda": "899000000", "netIncome": "695000000"}, {"fiscalDateEnding": "2018-12-31", "reportedCurrency": "USD", "grossProfit": "-164000000", "totalRevenue": "710000000", "costOfRevenue": "874000000", "costofGoodsAndServicesSold": "874000000", "operatingIncome": "-581000000", "sellingGeneralAndAdministrative": "0", "researchAndDevelopment": "0", "operatingExpenses": "417000000", "investmentIncomeNet": "None", "netInterestIncome": "None", "interestIncome": "None", "interestExpense": "13000000", "nonInterestIncome": "None", "otherNonOperatingIncome": "None", "depreciation": "None", "depreciationAndAmortization": "15000000", "incomeBeforeTax": "-581000000", "incomeTaxExpense": "-129000000", "interestAndDebtExpense": "None", "netIncomeFromContinuingOperations": "-524000000", "comprehensiveIncomeNetOfTax": "None", "ebit": "-568000000", "ebitda": "-553000000", "netIncome": "-452000000"}, {"fiscalDateEnding": "2018-09-30", "reportedCurrency": "USD", "grossProfit": "1036000000", "totalRevenue": "1915000000", "costOfRevenue": "879000000", "costofGoodsAndServicesSold": "879000000", "operatingIncome": "618000000", "sellingGeneralAndAdministrative": "0", "researchAndDevelopment": "0", "operatingExpenses": "418000000", "investmentIncomeNet": "None", "netInterestIncome": "None", "interestIncome": "None", "interestExpense": "14000000", "nonInterestIncome": "None", "otherNonOperatingIncome": "None", "depreciation": "None", "depreciationAndAmortization": "16000000", "incomeBeforeTax": "618000000", "incomeTaxExpense": "65000000", "interestAndDebtExpense": "None", "netIncomeFromContinuingOperations": "553000000", "comprehensiveIncomeNetOfTax": "None", "ebit": "632000000", "ebitda": "648000000", "netIncome": "553000000"}, {"fiscalDateEnding": "2018-06-30", "reportedCurrency": "USD", "grossProfit": "675000000", "totalRevenue": "1558000000", "costOfRevenue": "883000000", "costofGoodsAndServicesSold": "883000000", "operatingIncome": "264000000", "sellingGeneralAndAdministrative": "0", "researchAndDevelopment": "0", "operatingExpenses": "411000000", "investmentIncomeNet": "None", "netInterestIncome": "None", "interestIncome": "None", "interestExpense": "13000000", "nonInterestIncome": "None", "otherNonOperatingIncome": "None", "depreciation": "None", "depreciationAndAmortization": "14000000", "incomeBeforeTax": "264000000", "incomeTaxExpense": "47000000", "interestAndDebtExpense": "None", "netIncomeFromContinuingOperations": "217000000", "comprehensiveIncomeNetOfTax": "None", "ebit": "277000000", "ebitda": "291000000", "netIncome": "217000000"}, {"fiscalDateEnding": "2018-03-31", "reportedCurrency": "USD", "grossProfit": "370000000", "totalRevenue": "1224000000", "costOfRevenue": "854000000", "costofGoodsAndServicesSold": "854000000", "operatingIncome": "-50000000", "sellingGeneralAndAdministrative": "0", "researchAndDevelopment": "0", "operatingExpenses": "420000000", "investmentIncomeNet": "None", "netInterestIncome": "None", "interestIncome": "None", "interestExpense": "13000000", "nonInterestIncome": "None", "otherNonOperatingIncome": "None", "depreciation": "None", "depreciationAndAmortization": "18000000", "incomeBeforeTax": "-50000000", "incomeTaxExpense": "-19000000", "interestAndDebtExpense": "None", "netIncomeFromContinuingOperations": "-31000000", "comprehensiveIncomeNetOfTax": "None", "ebit": "-37000000", "ebitda": "-19000000", "netIncome": "-31000000"}, {"fiscalDateEnding": "2017-12-31", "reportedCurrency": "USD", "grossProfit": "602000000", "totalRevenue": "1411000000", "costOfRevenue": "809000000", "costofGoodsAndServicesSold": "809000000", "operatingIncome": "197000000", "sellingGeneralAndAdministrative": "0", "researchAndDevelopment": "0", "operatingExpenses": "405000000", "investmentIncomeNet": "None", "netInterestIncome": "None", "interestIncome": "None", "interestExpense": "14000000", "nonInterestIncome": "None", "otherNonOperatingIncome": "None", "depreciation": "None", "depreciationAndAmortization": "15000000", "incomeBeforeTax": "197000000", "incomeTaxExpense": "-445000000", "interestAndDebtExpense": "None", "netIncomeFromContinuingOperations": "12000000", "comprehensiveIncomeNetOfTax": "None", "ebit": "211000000", "ebitda": "226000000", "netIncome": "642000000"}, {"fiscalDateEnding": "2017-09-30", "reportedCurrency": "USD", "grossProfit": "538000000", "totalRevenue": "1412000000", "costOfRevenue": "874000000", "costofGoodsAndServicesSold": "874000000", "operatingIncome": "129000000", "sellingGeneralAndAdministrative": "0", "researchAndDevelopment": "0", "operatingExpenses": "409000000", "investmentIncomeNet": "None", "netInterestIncome": "None", "interestIncome": "None", "interestExpense": "13000000", "nonInterestIncome": "None", "otherNonOperatingIncome": "None", "depreciation": "None", "depreciationAndAmortization": "13000000", "incomeBeforeTax": "129000000", "incomeTaxExpense": "27000000", "interestAndDebtExpense": "None", "netIncomeFromContinuingOperations": "102000000", "comprehensiveIncomeNetOfTax": "None", "ebit": "142000000", "ebitda": "155000000", "netIncome": "102000000"}, {"fiscalDateEnding": "2017-06-30", "reportedCurrency": "USD", "grossProfit": "532000000", "totalRevenue": "1386000000", "costOfRevenue": "854000000", "costofGoodsAndServicesSold": "854000000", "operatingIncome": "128000000", "sellingGeneralAndAdministrative": "0", "researchAndDevelopment": "0", "operatingExpenses": "404000000", "investmentIncomeNet": "None", "netInterestIncome": "None", "interestIncome": "None", "interestExpense": "13000000", "nonInterestIncome": "None", "otherNonOperatingIncome": "None", "depreciation": "None", "depreciationAndAmortization": "13000000", "incomeBeforeTax": "128000000", "incomeTaxExpense": "28000000", "interestAndDebtExpense": "None", "netIncomeFromContinuingOperations": "100000000", "comprehensiveIncomeNetOfTax": "None", "ebit": "141000000", "ebitda": "154000000", "netIncome": "100000000"}, {"fiscalDateEnding": "2017-03-31", "reportedCurrency": "USD", "grossProfit": "670000000", "totalRevenue": "1523000000", "costOfRevenue": "853000000", "costofGoodsAndServicesSold": "853000000", "operatingIncome": "276000000", "sellingGeneralAndAdministrative": "0", "researchAndDevelopment": "0", "operatingExpenses": "394000000", "investmentIncomeNet": "None", "netInterestIncome": "None", "interestIncome": "None", "interestExpense": "13000000", "nonInterestIncome": "None", "otherNonOperatingIncome": "None", "depreciation": "None", "depreciationAndAmortization": "14000000", "incomeBeforeTax": "276000000", "incomeTaxExpense": "75000000", "interestAndDebtExpense": "None", "netIncomeFromContinuingOperations": "201000000", "comprehensiveIncomeNetOfTax": "None", "ebit": "289000000", "ebitda": "303000000", "netIncome": "201000000"}, {"fiscalDateEnding": "2016-12-31", "reportedCurrency": "USD", "grossProfit": "1312000000", "totalRevenue": "1312000000", "costOfRevenue": "-4125000000", "costofGoodsAndServicesSold": "-4125000000", "operatingIncome": "142000000", "sellingGeneralAndAdministrative": "0", "researchAndDevelopment": "0", "operatingExpenses": "1312000000", "investmentIncomeNet": "None", "netInterestIncome": "None", "interestIncome": "None", "interestExpense": "14000000", "nonInterestIncome": "None", "otherNonOperatingIncome": "None", "depreciation": "None", "depreciationAndAmortization": "14000000", "incomeBeforeTax": "128000000", "incomeTaxExpense": "28000000", "interestAndDebtExpense": "None", "netIncomeFromContinuingOperations": "542000000", "comprehensiveIncomeNetOfTax": "None", "ebit": "142000000", "ebitda": "156000000", "netIncome": "100000000"}, {"fiscalDateEnding": "2016-09-30", "reportedCurrency": "USD", "grossProfit": "649000000", "totalRevenue": "1402000000", "costOfRevenue": "753000000", "costofGoodsAndServicesSold": "753000000", "operatingIncome": "253000000", "sellingGeneralAndAdministrative": "0", "researchAndDevelopment": "0", "operatingExpenses": "396000000", "investmentIncomeNet": "None", "netInterestIncome": "None", "interestIncome": "None", "interestExpense": "13000000", "nonInterestIncome": "None", "otherNonOperatingIncome": "None", "depreciation": "None", "depreciationAndAmortization": "10000000", "incomeBeforeTax": "253000000", "incomeTaxExpense": "73000000", "interestAndDebtExpense": "None", "netIncomeFromContinuingOperations": "180000000", "comprehensiveIncomeNetOfTax": "None", "ebit": "266000000", "ebitda": "276000000", "netIncome": "180000000"}, {"fiscalDateEnding": "2016-06-30", "reportedCurrency": "USD", "grossProfit": "550000000", "totalRevenue": "1371000000", "costOfRevenue": "821000000", "costofGoodsAndServicesSold": "821000000", "operatingIncome": "166000000", "sellingGeneralAndAdministrative": "0", "researchAndDevelopment": "0", "operatingExpenses": "384000000", "investmentIncomeNet": "None", "netInterestIncome": "None", "interestIncome": "None", "interestExpense": "13000000", "nonInterestIncome": "None", "otherNonOperatingIncome": "None", "depreciation": "None", "depreciationAndAmortization": "12000000", "incomeBeforeTax": "166000000", "incomeTaxExpense": "43000000", "interestAndDebtExpense": "None", "netIncomeFromContinuingOperations": "123000000", "comprehensiveIncomeNetOfTax": "None", "ebit": "179000000", "ebitda": "191000000", "netIncome": "123000000"}, {"fiscalDateEnding": "2016-03-31", "reportedCurrency": "USD", "grossProfit": "640000000", "totalRevenue": "1364000000", "costOfRevenue": "724000000", "costofGoodsAndServicesSold": "724000000", "operatingIncome": "265000000", "sellingGeneralAndAdministrative": "0", "researchAndDevelopment": "0", "operatingExpenses": "375000000", "investmentIncomeNet": "None", "netInterestIncome": "None", "interestIncome": "None", "interestExpense": "13000000", "nonInterestIncome": "None", "otherNonOperatingIncome": "None", "depreciation": "None", "depreciationAndAmortization": "12000000", "incomeBeforeTax": "265000000", "incomeTaxExpense": "77000000", "interestAndDebtExpense": "None", "netIncomeFromContinuingOperations": "188000000", "comprehensiveIncomeNetOfTax": "None", "ebit": "278000000", "ebitda": "290000000", "netIncome": "188000000"}, {"fiscalDateEnding": "2015-12-31", "reportedCurrency": "USD", "grossProfit": "586000000", "totalRevenue": "1263000000", "costOfRevenue": "677000000", "costofGoodsAndServicesSold": "677000000", "operatingIncome": "216000000", "sellingGeneralAndAdministrative": "0", "researchAndDevelopment": "0", "operatingExpenses": "370000000", "investmentIncomeNet": "None", "netInterestIncome": "None", "interestIncome": "None", "interestExpense": "13000000", "nonInterestIncome": "None", "otherNonOperatingIncome": "None", "depreciation": "None", "depreciationAndAmortization": "13000000", "incomeBeforeTax": "216000000", "incomeTaxExpense": "60000000", "interestAndDebtExpense": "None", "netIncomeFromContinuingOperations": "650000000", "comprehensiveIncomeNetOfTax": "None", "ebit": "229000000", "ebitda": "242000000", "netIncome": "156000000"}, {"fiscalDateEnding": "2015-09-30", "reportedCurrency": "USD", "grossProfit": "608000000", "totalRevenue": "1278000000", "costOfRevenue": "670000000", "costofGoodsAndServicesSold": "670000000", "operatingIncome": "243000000", "sellingGeneralAndAdministrative": "0", "researchAndDevelopment": "0", "operatingExpenses": "365000000", "investmentIncomeNet": "None", "netInterestIncome": "None", "interestIncome": "None", "interestExpense": "14000000", "nonInterestIncome": "None", "otherNonOperatingIncome": "None", "depreciation": "None", "depreciationAndAmortization": "12000000", "incomeBeforeTax": "243000000", "incomeTaxExpense": "69000000", "interestAndDebtExpense": "None", "netIncomeFromContinuingOperations": "174000000", "comprehensiveIncomeNetOfTax": "None", "ebit": "257000000", "ebitda": "269000000", "netIncome": "174000000"}, {"fiscalDateEnding": "2015-06-30", "reportedCurrency": "USD", "grossProfit": "604000000", "totalRevenue": "1316000000", "costOfRevenue": "712000000", "costofGoodsAndServicesSold": "712000000", "operatingIncome": "248000000", "sellingGeneralAndAdministrative": "0", "researchAndDevelopment": "0", "operatingExpenses": "356000000", "investmentIncomeNet": "None", "netInterestIncome": "None", "interestIncome": "None", "interestExpense": "13000000", "nonInterestIncome": "None", "otherNonOperatingIncome": "None", "depreciation": "None", "depreciationAndAmortization": "13000000", "incomeBeforeTax": "248000000", "incomeTaxExpense": "72000000", "interestAndDebtExpense": "None", "netIncomeFromContinuingOperations": "176000000", "comprehensiveIncomeNetOfTax": "None", "ebit": "261000000", "ebitda": "274000000", "netIncome": "176000000"}, {"fiscalDateEnding": "2015-03-31", "reportedCurrency": "USD", "grossProfit": "536000000", "totalRevenue": "1285000000", "costOfRevenue": "749000000", "costofGoodsAndServicesSold": "749000000", "operatingIncome": "174000000", "sellingGeneralAndAdministrative": "0", "researchAndDevelopment": "0", "operatingExpenses": "362000000", "investmentIncomeNet": "None", "netInterestIncome": "None", "interestIncome": "None", "interestExpense": "13000000", "nonInterestIncome": "None", "otherNonOperatingIncome": "None", "depreciation": "None", "depreciationAndAmortization": "14000000", "incomeBeforeTax": "174000000", "incomeTaxExpense": "46000000", "interestAndDebtExpense": "None", "netIncomeFromContinuingOperations": "128000000", "comprehensiveIncomeNetOfTax": "None", "ebit": "187000000", "ebitda": "201000000", "netIncome": "128000000"}, {"fiscalDateEnding": "2014-12-31", "reportedCurrency": "USD", "grossProfit": "587000000", "totalRevenue": "1262000000", "costOfRevenue": "675000000", "costofGoodsAndServicesSold": "675000000", "operatingIncome": "236000000", "sellingGeneralAndAdministrative": "0", "researchAndDevelopment": "0", "operatingExpenses": "351000000", "investmentIncomeNet": "None", "netInterestIncome": "None", "interestIncome": "None", "interestExpense": "13000000", "nonInterestIncome": "None", "otherNonOperatingIncome": "None", "depreciation": "None", "depreciationAndAmortization": "13000000", "incomeBeforeTax": "236000000", "incomeTaxExpense": "69000000", "interestAndDebtExpense": "None", "netIncomeFromContinuingOperations": "305000000", "comprehensiveIncomeNetOfTax": "None", "ebit": "249000000", "ebitda": "262000000", "netIncome": "167000000"}, {"fiscalDateEnding": "2014-09-30", "reportedCurrency": "USD", "grossProfit": "594000000", "totalRevenue": "1280000000", "costOfRevenue": "686000000", "costofGoodsAndServicesSold": "686000000", "operatingIncome": "259000000", "sellingGeneralAndAdministrative": "0", "researchAndDevelopment": "0", "operatingExpenses": "335000000", "investmentIncomeNet": "None", "netInterestIncome": "None", "interestIncome": "None", "interestExpense": "13000000", "nonInterestIncome": "None", "otherNonOperatingIncome": "None", "depreciation": "None", "depreciationAndAmortization": "13000000", "incomeBeforeTax": "259000000", "incomeTaxExpense": "76000000", "interestAndDebtExpense": "None", "netIncomeFromContinuingOperations": "335000000", "comprehensiveIncomeNetOfTax": "None", "ebit": "272000000", "ebitda": "285000000", "netIncome": "183000000"}, {"fiscalDateEnding": "2014-06-30", "reportedCurrency": "USD", "grossProfit": "451000000", "totalRevenue": "1214000000", "costOfRevenue": "763000000", "costofGoodsAndServicesSold": "763000000", "operatingIncome": "107000000", "sellingGeneralAndAdministrative": "0", "researchAndDevelopment": "0", "operatingExpenses": "344000000", "investmentIncomeNet": "None", "netInterestIncome": "None", "interestIncome": "None", "interestExpense": "13000000", "nonInterestIncome": "None", "otherNonOperatingIncome": "None", "depreciation": "None", "depreciationAndAmortization": "12000000", "incomeBeforeTax": "107000000", "incomeTaxExpense": "23000000", "interestAndDebtExpense": "None", "netIncomeFromContinuingOperations": "130000000", "comprehensiveIncomeNetOfTax": "None", "ebit": "120000000", "ebitda": "132000000", "netIncome": "84000000"}, {"fiscalDateEnding": "2014-03-31", "reportedCurrency": "USD", "grossProfit": "457000000", "totalRevenue": "1189000000", "costOfRevenue": "732000000", "costofGoodsAndServicesSold": "732000000", "operatingIncome": "119000000", "sellingGeneralAndAdministrative": "0", "researchAndDevelopment": "0", "operatingExpenses": "338000000", "investmentIncomeNet": "None", "netInterestIncome": "None", "interestIncome": "None", "interestExpense": "14000000", "nonInterestIncome": "None", "otherNonOperatingIncome": "None", "depreciation": "None", "depreciationAndAmortization": "13000000", "incomeBeforeTax": "119000000", "incomeTaxExpense": "28000000", "interestAndDebtExpense": "None", "netIncomeFromContinuingOperations": "147000000", "comprehensiveIncomeNetOfTax": "None", "ebit": "133000000", "ebitda": "146000000", "netIncome": "91000000"}, {"fiscalDateEnding": "2013-12-31", "reportedCurrency": "USD", "grossProfit": "508000000", "totalRevenue": "1172000000", "costOfRevenue": "664000000", "costofGoodsAndServicesSold": "664000000", "operatingIncome": "167000000", "sellingGeneralAndAdministrative": "0", "researchAndDevelopment": "0", "operatingExpenses": "341000000", "investmentIncomeNet": "None", "netInterestIncome": "None", "interestIncome": "None", "interestExpense": "14000000", "nonInterestIncome": "None", "otherNonOperatingIncome": "None", "depreciation": "None", "depreciationAndAmortization": "20000000", "incomeBeforeTax": "167000000", "incomeTaxExpense": "45000000", "interestAndDebtExpense": "None", "netIncomeFromContinuingOperations": "-182000000", "comprehensiveIncomeNetOfTax": "None", "ebit": "181000000", "ebitda": "201000000", "netIncome": "122000000"}, {"fiscalDateEnding": "2013-09-30", "reportedCurrency": "USD", "grossProfit": "510000000", "totalRevenue": "1152000000", "costOfRevenue": "642000000", "costofGoodsAndServicesSold": "642000000", "operatingIncome": "182000000", "sellingGeneralAndAdministrative": "0", "researchAndDevelopment": "0", "operatingExpenses": "328000000", "investmentIncomeNet": "None", "netInterestIncome": "None", "interestIncome": "None", "interestExpense": "13000000", "nonInterestIncome": "None", "otherNonOperatingIncome": "None", "depreciation": "None", "depreciationAndAmortization": "10000000", "incomeBeforeTax": "182000000", "incomeTaxExpense": "51000000", "interestAndDebtExpense": "None", "netIncomeFromContinuingOperations": "233000000", "comprehensiveIncomeNetOfTax": "None", "ebit": "195000000", "ebitda": "205000000", "netIncome": "131000000"}, {"fiscalDateEnding": "2013-06-30", "reportedCurrency": "USD", "grossProfit": "473000000", "totalRevenue": "1104000000", "costOfRevenue": "631000000", "costofGoodsAndServicesSold": "631000000", "operatingIncome": "148000000", "sellingGeneralAndAdministrative": "0", "researchAndDevelopment": "0", "operatingExpenses": "325000000", "investmentIncomeNet": "None", "netInterestIncome": "None", "interestIncome": "None", "interestExpense": "14000000", "nonInterestIncome": "None", "otherNonOperatingIncome": "None", "depreciation": "None", "depreciationAndAmortization": "11000000", "incomeBeforeTax": "148000000", "incomeTaxExpense": "38000000", "interestAndDebtExpense": "None", "netIncomeFromContinuingOperations": "186000000", "comprehensiveIncomeNetOfTax": "None", "ebit": "162000000", "ebitda": "173000000", "netIncome": "110000000"}, {"fiscalDateEnding": "2013-03-31", "reportedCurrency": "USD", "grossProfit": "535000000", "totalRevenue": "1103000000", "costOfRevenue": "568000000", "costofGoodsAndServicesSold": "568000000", "operatingIncome": "217000000", "sellingGeneralAndAdministrative": "0", "researchAndDevelopment": "0", "operatingExpenses": "318000000", "investmentIncomeNet": "None", "netInterestIncome": "None", "interestIncome": "None", "interestExpense": "13000000", "nonInterestIncome": "None", "otherNonOperatingIncome": "None", "depreciation": "None", "depreciationAndAmortization": "9000000", "incomeBeforeTax": "217000000", "incomeTaxExpense": "63000000", "interestAndDebtExpense": "None", "netIncomeFromContinuingOperations": "280000000", "comprehensiveIncomeNetOfTax": "None", "ebit": "230000000", "ebitda": "239000000", "netIncome": "154000000"}, {"fiscalDateEnding": "2012-12-31", "reportedCurrency": "USD", "grossProfit": "1070000000", "totalRevenue": "1070000000", "costOfRevenue": "-3027000000", "costofGoodsAndServicesSold": "-3027000000", "operatingIncome": "286000000", "sellingGeneralAndAdministrative": "0", "researchAndDevelopment": "0", "operatingExpenses": "784000000", "investmentIncomeNet": "None", "netInterestIncome": "None", "interestIncome": "None", "interestExpense": "13000000", "nonInterestIncome": "None", "otherNonOperatingIncome": "-29000000", "depreciation": "None", "depreciationAndAmortization": "12000000", "incomeBeforeTax": "273000000", "incomeTaxExpense": "81000000", "interestAndDebtExpense": "None", "netIncomeFromContinuingOperations": "192000000", "comprehensiveIncomeNetOfTax": "None", "ebit": "286000000", "ebitda": "298000000", "netIncome": "192000000"}, {"fiscalDateEnding": "2012-09-30", "reportedCurrency": "USD", "grossProfit": "464000000", "totalRevenue": "1035000000", "costOfRevenue": "571000000", "costofGoodsAndServicesSold": "571000000", "operatingIncome": "152000000", "sellingGeneralAndAdministrative": "0", "researchAndDevelopment": "0", "operatingExpenses": "312000000", "investmentIncomeNet": "None", "netInterestIncome": "None", "interestIncome": "None", "interestExpense": "14000000", "nonInterestIncome": "None", "otherNonOperatingIncome": "263000000", "depreciation": "None", "depreciationAndAmortization": "10000000", "incomeBeforeTax": "152000000", "incomeTaxExpense": "41000000", "interestAndDebtExpense": "None", "netIncomeFromContinuingOperations": "111000000", "comprehensiveIncomeNetOfTax": "None", "ebit": "166000000", "ebitda": "176000000", "netIncome": "111000000"}, {"fiscalDateEnding": "2012-06-30", "reportedCurrency": "USD", "grossProfit": "333000000", "totalRevenue": "1020000000", "costOfRevenue": "687000000", "costofGoodsAndServicesSold": "687000000", "operatingIncome": "29000000", "sellingGeneralAndAdministrative": "0", "researchAndDevelopment": "0", "operatingExpenses": "304000000", "investmentIncomeNet": "None", "netInterestIncome": "None", "interestIncome": "None", "interestExpense": "13000000", "nonInterestIncome": "None", "otherNonOperatingIncome": "-47000000", "depreciation": "None", "depreciationAndAmortization": "11000000", "incomeBeforeTax": "29000000", "incomeTaxExpense": "-3000000", "interestAndDebtExpense": "None", "netIncomeFromContinuingOperations": "32000000", "comprehensiveIncomeNetOfTax": "None", "ebit": "42000000", "ebitda": "53000000", "netIncome": "32000000"}, {"fiscalDateEnding": "2012-03-31", "reportedCurrency": "USD", "grossProfit": "404000000", "totalRevenue": "986000000", "costOfRevenue": "582000000", "costofGoodsAndServicesSold": "582000000", "operatingIncome": "112000000", "sellingGeneralAndAdministrative": "4000000", "researchAndDevelopment": "0", "operatingExpenses": "292000000", "investmentIncomeNet": "None", "netInterestIncome": "None", "interestIncome": "None", "interestExpense": "14000000", "nonInterestIncome": "None", "otherNonOperatingIncome": "241000000", "depreciation": "None", "depreciationAndAmortization": "11000000", "incomeBeforeTax": "112000000", "incomeTaxExpense": "26000000", "interestAndDebtExpense": "None", "netIncomeFromContinuingOperations": "86000000", "comprehensiveIncomeNetOfTax": "None", "ebit": "126000000", "ebitda": "137000000", "netIncome": "86000000"}, {"fiscalDateEnding": "2011-12-31", "reportedCurrency": "USD", "grossProfit": "463000000", "totalRevenue": "955000000", "costOfRevenue": "492000000", "costofGoodsAndServicesSold": "492000000", "operatingIncome": "186000000", "sellingGeneralAndAdministrative": "3000000", "researchAndDevelopment": "0", "operatingExpenses": "277000000", "investmentIncomeNet": "None", "netInterestIncome": "None", "interestIncome": "None", "interestExpense": "14000000", "nonInterestIncome": "None", "otherNonOperatingIncome": "None", "depreciation": "None", "depreciationAndAmortization": "4000000", "incomeBeforeTax": "186000000", "incomeTaxExpense": "52000000", "interestAndDebtExpense": "None", "netIncomeFromContinuingOperations": "134000000", "comprehensiveIncomeNetOfTax": "None", "ebit": "200000000", "ebitda": "204000000", "netIncome": "134000000"}, {"fiscalDateEnding": "2011-09-30", "reportedCurrency": "USD", "grossProfit": "288000000", "totalRevenue": "944000000", "costOfRevenue": "656000000", "costofGoodsAndServicesSold": "656000000", "operatingIncome": "11000000", "sellingGeneralAndAdministrative": "0", "researchAndDevelopment": "0", "operatingExpenses": "277000000", "investmentIncomeNet": "None", "netInterestIncome": "None", "interestIncome": "None", "interestExpense": "13000000", "nonInterestIncome": "None", "otherNonOperatingIncome": "1000000", "depreciation": "None", "depreciationAndAmortization": "15000000", "incomeBeforeTax": "11000000", "incomeTaxExpense": "-8000000", "interestAndDebtExpense": "None", "netIncomeFromContinuingOperations": "19000000", "comprehensiveIncomeNetOfTax": "None", "ebit": "24000000", "ebitda": "39000000", "netIncome": "19000000"}, {"fiscalDateEnding": "2011-06-30", "reportedCurrency": "USD", "grossProfit": "174000000", "totalRevenue": "975000000", "costOfRevenue": "801000000", "costofGoodsAndServicesSold": "801000000", "operatingIncome": "-99000000", "sellingGeneralAndAdministrative": "0", "researchAndDevelopment": "0", "operatingExpenses": "273000000", "investmentIncomeNet": "None", "netInterestIncome": "None", "interestIncome": "None", "interestExpense": "14000000", "nonInterestIncome": "None", "otherNonOperatingIncome": "67000000", "depreciation": "None", "depreciationAndAmortization": "12000000", "incomeBeforeTax": "-99000000", "incomeTaxExpense": "-49000000", "interestAndDebtExpense": "None", "netIncomeFromContinuingOperations": "-49000000", "comprehensiveIncomeNetOfTax": "None", "ebit": "-85000000", "ebitda": "-73000000", "netIncome": "-50000000"}, {"fiscalDateEnding": "2011-03-31", "reportedCurrency": "USD", "grossProfit": "354000000", "totalRevenue": "929000000", "costOfRevenue": "575000000", "costofGoodsAndServicesSold": "575000000", "operatingIncome": "75000000", "sellingGeneralAndAdministrative": "4000000", "researchAndDevelopment": "0", "operatingExpenses": "279000000", "investmentIncomeNet": "None", "netInterestIncome": "None", "interestIncome": "None", "interestExpense": "13000000", "nonInterestIncome": "None", "otherNonOperatingIncome": "None", "depreciation": "None", "depreciationAndAmortization": "11000000", "incomeBeforeTax": "75000000", "incomeTaxExpense": "14000000", "interestAndDebtExpense": "None", "netIncomeFromContinuingOperations": "62000000", "comprehensiveIncomeNetOfTax": "None", "ebit": "88000000", "ebitda": "99000000", "netIncome": "61000000"}, {"fiscalDateEnding": "2010-12-31", "reportedCurrency": "USD", "grossProfit": "3756000000", "totalRevenue": "936000000", "costOfRevenue": "-2820000000", "costofGoodsAndServicesSold": "-2820000000", "operatingIncome": "-14000000", "sellingGeneralAndAdministrative": "0", "researchAndDevelopment": "0", "operatingExpenses": "936000000", "investmentIncomeNet": "None", "netInterestIncome": "None", "interestIncome": "None", "interestExpense": "14000000", "nonInterestIncome": "None", "otherNonOperatingIncome": "None", "depreciation": "None", "depreciationAndAmortization": "-30000000", "incomeBeforeTax": "174000000", "incomeTaxExpense": "48000000", "interestAndDebtExpense": "None", "netIncomeFromContinuingOperations": "0", "comprehensiveIncomeNetOfTax": "None", "ebit": "188000000", "ebitda": "158000000", "netIncome": "126000000"}, {"fiscalDateEnding": "2010-09-30", "reportedCurrency": "USD", "grossProfit": "496000000", "totalRevenue": "1071000000", "costOfRevenue": "575000000", "costofGoodsAndServicesSold": "575000000", "operatingIncome": "221000000", "sellingGeneralAndAdministrative": "4000000", "researchAndDevelopment": "0", "operatingExpenses": "275000000", "investmentIncomeNet": "None", "netInterestIncome": "None", "interestIncome": "None", "interestExpense": "13000000", "nonInterestIncome": "None", "otherNonOperatingIncome": "None", "depreciation": "None", "depreciationAndAmortization": "13000000", "incomeBeforeTax": "221000000", "incomeTaxExpense": "65000000", "interestAndDebtExpense": "None", "netIncomeFromContinuingOperations": "156000000", "comprehensiveIncomeNetOfTax": "None", "ebit": "234000000", "ebitda": "247000000", "netIncome": "156000000"}, {"fiscalDateEnding": "2010-06-30", "reportedCurrency": "USD", "grossProfit": "283000000", "totalRevenue": "878000000", "costOfRevenue": "595000000", "costofGoodsAndServicesSold": "595000000", "operatingIncome": "21000000", "sellingGeneralAndAdministrative": "3000000", "researchAndDevelopment": "0", "operatingExpenses": "262000000", "investmentIncomeNet": "None", "netInterestIncome": "None", "interestIncome": "None", "interestExpense": "13000000", "nonInterestIncome": "None", "otherNonOperatingIncome": "None", "depreciation": "None", "depreciationAndAmortization": "7000000", "incomeBeforeTax": "21000000", "incomeTaxExpense": "-6000000", "interestAndDebtExpense": "None", "netIncomeFromContinuingOperations": "27000000", "comprehensiveIncomeNetOfTax": "None", "ebit": "34000000", "ebitda": "41000000", "netIncome": "27000000"}, {"fiscalDateEnding": "2010-03-31", "reportedCurrency": "USD", "grossProfit": "371000000", "totalRevenue": "887000000", "costOfRevenue": "516000000", "costofGoodsAndServicesSold": "516000000", "operatingIncome": "85000000", "sellingGeneralAndAdministrative": "4000000", "researchAndDevelopment": "0", "operatingExpenses": "286000000", "investmentIncomeNet": "None", "netInterestIncome": "None", "interestIncome": "None", "interestExpense": "14000000", "nonInterestIncome": "None", "otherNonOperatingIncome": "None", "depreciation": "None", "depreciationAndAmortization": "10000000", "incomeBeforeTax": "85000000", "incomeTaxExpense": "17000000", "interestAndDebtExpense": "None", "netIncomeFromContinuingOperations": "0", "comprehensiveIncomeNetOfTax": "None", "ebit": "99000000", "ebitda": "109000000", "netIncome": "68000000"}, {"fiscalDateEnding": "2009-12-31", "reportedCurrency": "USD", "grossProfit": "3883000000", "totalRevenue": "1133000000", "costOfRevenue": "-2750000000", "costofGoodsAndServicesSold": "-2750000000", "operatingIncome": "-13000000", "sellingGeneralAndAdministrative": "158000000", "researchAndDevelopment": "0", "operatingExpenses": "1133000000", "investmentIncomeNet": "None", "netInterestIncome": "None", "interestIncome": "None", "interestExpense": "13000000", "nonInterestIncome": "None", "otherNonOperatingIncome": "None", "depreciation": "None", "depreciationAndAmortization": "-21000000", "incomeBeforeTax": "355000000", "incomeTaxExpense": "110000000", "interestAndDebtExpense": "None", "netIncomeFromContinuingOperations": "0", "comprehensiveIncomeNetOfTax": "None", "ebit": "367000000", "ebitda": "346000000", "netIncome": "245000000"}, {"fiscalDateEnding": "2009-09-30", "reportedCurrency": "USD", "grossProfit": "509000000", "totalRevenue": "1007000000", "costOfRevenue": "498000000", "costofGoodsAndServicesSold": "498000000", "operatingIncome": "244000000", "sellingGeneralAndAdministrative": "4000000", "researchAndDevelopment": "0", "operatingExpenses": "265000000", "investmentIncomeNet": "None", "netInterestIncome": "None", "interestIncome": "None", "interestExpense": "14000000", "nonInterestIncome": "None", "otherNonOperatingIncome": "None", "depreciation": "None", "depreciationAndAmortization": "7000000", "incomeBeforeTax": "244000000", "incomeTaxExpense": "73000000", "interestAndDebtExpense": "None", "netIncomeFromContinuingOperations": "0", "comprehensiveIncomeNetOfTax": "None", "ebit": "258000000", "ebitda": "265000000", "netIncome": "171000000"}, {"fiscalDateEnding": "2009-06-30", "reportedCurrency": "USD", "grossProfit": "216000000", "totalRevenue": "874000000", "costOfRevenue": "658000000", "costofGoodsAndServicesSold": "658000000", "operatingIncome": "-50000000", "sellingGeneralAndAdministrative": "4000000", "researchAndDevelopment": "0", "operatingExpenses": "266000000", "investmentIncomeNet": "None", "netInterestIncome": "None", "interestIncome": "None", "interestExpense": "14000000", "nonInterestIncome": "None", "otherNonOperatingIncome": "None", "depreciation": "None", "depreciationAndAmortization": "6000000", "incomeBeforeTax": "-50000000", "incomeTaxExpense": "-31000000", "interestAndDebtExpense": "None", "netIncomeFromContinuingOperations": "0", "comprehensiveIncomeNetOfTax": "None", "ebit": "-36000000", "ebitda": "-30000000", "netIncome": "-19000000"}, {"fiscalDateEnding": "2009-03-31", "reportedCurrency": "USD", "grossProfit": "316000000", "totalRevenue": "890000000", "costOfRevenue": "574000000", "costofGoodsAndServicesSold": "574000000", "operatingIncome": "34000000", "sellingGeneralAndAdministrative": "99000000", "researchAndDevelopment": "0", "operatingExpenses": "282000000", "investmentIncomeNet": "None", "netInterestIncome": "None", "interestIncome": "None", "interestExpense": "14000000", "nonInterestIncome": "None", "otherNonOperatingIncome": "None", "depreciation": "None", "depreciationAndAmortization": "8000000", "incomeBeforeTax": "34000000", "incomeTaxExpense": "-1000000", "interestAndDebtExpense": "None", "netIncomeFromContinuingOperations": "0", "comprehensiveIncomeNetOfTax": "None", "ebit": "48000000", "ebitda": "56000000", "netIncome": "35000000"}, {"fiscalDateEnding": "2008-12-31", "reportedCurrency": "USD", "grossProfit": "1018000000", "totalRevenue": "1018000000", "costOfRevenue": "-2445000000", "costofGoodsAndServicesSold": "-2445000000", "operatingIncome": "-14000000", "sellingGeneralAndAdministrative": "119000000", "researchAndDevelopment": "0", "operatingExpenses": "1018000000", "investmentIncomeNet": "None", "netInterestIncome": "None", "interestIncome": "None", "interestExpense": "14000000", "nonInterestIncome": "None", "otherNonOperatingIncome": "None", "depreciation": "None", "depreciationAndAmortization": "5000000", "incomeBeforeTax": "220000000", "incomeTaxExpense": "59000000", "interestAndDebtExpense": "None", "netIncomeFromContinuingOperations": "0", "comprehensiveIncomeNetOfTax": "None", "ebit": "220000000", "ebitda": "225000000", "netIncome": "161000000"}, {"fiscalDateEnding": "2008-09-30", "reportedCurrency": "USD", "grossProfit": "624000000", "totalRevenue": "1186000000", "costOfRevenue": "562000000", "costofGoodsAndServicesSold": "562000000", "operatingIncome": "356000000", "sellingGeneralAndAdministrative": "108000000", "researchAndDevelopment": "0", "operatingExpenses": "268000000", "investmentIncomeNet": "None", "netInterestIncome": "None", "interestIncome": "None", "interestExpense": "14000000", "nonInterestIncome": "None", "otherNonOperatingIncome": "None", "depreciation": "None", "depreciationAndAmortization": "8000000", "incomeBeforeTax": "356000000", "incomeTaxExpense": "109000000", "interestAndDebtExpense": "None", "netIncomeFromContinuingOperations": "0", "comprehensiveIncomeNetOfTax": "None", "ebit": "370000000", "ebitda": "378000000", "netIncome": "247000000"}, {"fiscalDateEnding": "2008-06-30", "reportedCurrency": "USD", "grossProfit": "333000000", "totalRevenue": "917000000", "costOfRevenue": "584000000", "costofGoodsAndServicesSold": "584000000", "operatingIncome": "64000000", "sellingGeneralAndAdministrative": "93000000", "researchAndDevelopment": "0", "operatingExpenses": "269000000", "investmentIncomeNet": "None", "netInterestIncome": "None", "interestIncome": "None", "interestExpense": "13000000", "nonInterestIncome": "None", "otherNonOperatingIncome": "None", "depreciation": "None", "depreciationAndAmortization": "11000000", "incomeBeforeTax": "64000000", "incomeTaxExpense": "1000000", "interestAndDebtExpense": "None", "netIncomeFromContinuingOperations": "0", "comprehensiveIncomeNetOfTax": "None", "ebit": "77000000", "ebitda": "88000000", "netIncome": "63000000"}, {"fiscalDateEnding": "2008-03-31", "reportedCurrency": "USD", "grossProfit": "174000000", "totalRevenue": "704000000", "costOfRevenue": "530000000", "costofGoodsAndServicesSold": "530000000", "operatingIncome": "-100000000", "sellingGeneralAndAdministrative": "91000000", "researchAndDevelopment": "0", "operatingExpenses": "274000000", "investmentIncomeNet": "None", "netInterestIncome": "None", "interestIncome": "None", "interestExpense": "12000000", "nonInterestIncome": "None", "otherNonOperatingIncome": "None", "depreciation": "None", "depreciationAndAmortization": "8000000", "incomeBeforeTax": "-100000000", "incomeTaxExpense": "-58000000", "interestAndDebtExpense": "None", "netIncomeFromContinuingOperations": "0", "comprehensiveIncomeNetOfTax": "None", "ebit": "-88000000", "ebitda": "-80000000", "netIncome": "-42000000"}, {"fiscalDateEnding": "2007-12-31", "reportedCurrency": "USD", "grossProfit": "538000000", "totalRevenue": "976000000", "costOfRevenue": "438000000", "costofGoodsAndServicesSold": "438000000", "operatingIncome": "253000000", "sellingGeneralAndAdministrative": "96000000", "researchAndDevelopment": "0", "operatingExpenses": "285000000", "investmentIncomeNet": "None", "netInterestIncome": "None", "interestIncome": "None", "interestExpense": "13000000", "nonInterestIncome": "None", "otherNonOperatingIncome": "None", "depreciation": "None", "depreciationAndAmortization": "10000000", "incomeBeforeTax": "253000000", "incomeTaxExpense": "67000000", "interestAndDebtExpense": "None", "netIncomeFromContinuingOperations": "0", "comprehensiveIncomeNetOfTax": "None", "ebit": "266000000", "ebitda": "276000000", "netIncome": "186000000"}, {"fiscalDateEnding": "2007-09-30", "reportedCurrency": "USD", "grossProfit": "417000000", "totalRevenue": "982000000", "costOfRevenue": "565000000", "costofGoodsAndServicesSold": "565000000", "operatingIncome": "160000000", "sellingGeneralAndAdministrative": "90000000", "researchAndDevelopment": "0", "operatingExpenses": "257000000", "investmentIncomeNet": "None", "netInterestIncome": "None", "interestIncome": "None", "interestExpense": "13000000", "nonInterestIncome": "None", "otherNonOperatingIncome": "None", "depreciation": "None", "depreciationAndAmortization": "10000000", "incomeBeforeTax": "160000000", "incomeTaxExpense": "36000000", "interestAndDebtExpense": "None", "netIncomeFromContinuingOperations": "0", "comprehensiveIncomeNetOfTax": "None", "ebit": "173000000", "ebitda": "183000000", "netIncome": "124000000"}, {"fiscalDateEnding": "2007-06-30", "reportedCurrency": "USD", "grossProfit": "787000000", "totalRevenue": "1270000000", "costOfRevenue": "483000000", "costofGoodsAndServicesSold": "483000000", "operatingIncome": "508000000", "sellingGeneralAndAdministrative": "87000000", "researchAndDevelopment": "0", "operatingExpenses": "279000000", "investmentIncomeNet": "None", "netInterestIncome": "None", "interestIncome": "None", "interestExpense": "13000000", "nonInterestIncome": "None", "otherNonOperatingIncome": "None", "depreciation": "None", "depreciationAndAmortization": "9000000", "incomeBeforeTax": "508000000", "incomeTaxExpense": "157000000", "interestAndDebtExpense": "None", "netIncomeFromContinuingOperations": "0", "comprehensiveIncomeNetOfTax": "None", "ebit": "521000000", "ebitda": "530000000", "netIncome": "351000000"}, {"fiscalDateEnding": "2007-03-31", "reportedCurrency": "USD", "grossProfit": "562000000", "totalRevenue": "1031000000", "costOfRevenue": "469000000", "costofGoodsAndServicesSold": "469000000", "operatingIncome": "271000000", "sellingGeneralAndAdministrative": "88000000", "researchAndDevelopment": "0", "operatingExpenses": "291000000", "investmentIncomeNet": "None", "netInterestIncome": "None", "interestIncome": "None", "interestExpense": "13000000", "nonInterestIncome": "None", "otherNonOperatingIncome": "None", "depreciation": "None", "depreciationAndAmortization": "7000000", "incomeBeforeTax": "271000000", "incomeTaxExpense": "77000000", "interestAndDebtExpense": "None", "netIncomeFromContinuingOperations": "0", "comprehensiveIncomeNetOfTax": "None", "ebit": "284000000", "ebitda": "291000000", "netIncome": "194000000"}, {"fiscalDateEnding": "2006-12-31", "reportedCurrency": "USD", "grossProfit": "456000000", "totalRevenue": "994000000", "costOfRevenue": "538000000", "costofGoodsAndServicesSold": "538000000", "operatingIncome": "172000000", "sellingGeneralAndAdministrative": "111000000", "researchAndDevelopment": "0", "operatingExpenses": "284000000", "investmentIncomeNet": "None", "netInterestIncome": "None", "interestIncome": "None", "interestExpense": "14000000", "nonInterestIncome": "None", "otherNonOperatingIncome": "None", "depreciation": "None", "depreciationAndAmortization": "12000000", "incomeBeforeTax": "172000000", "incomeTaxExpense": "42000000", "interestAndDebtExpense": "None", "netIncomeFromContinuingOperations": "0", "comprehensiveIncomeNetOfTax": "None", "ebit": "186000000", "ebitda": "198000000", "netIncome": "130000000"}, {"fiscalDateEnding": "2006-09-30", "reportedCurrency": "USD", "grossProfit": "423000000", "totalRevenue": "967000000", "costOfRevenue": "544000000", "costofGoodsAndServicesSold": "544000000", "operatingIncome": "148000000", "sellingGeneralAndAdministrative": "87000000", "researchAndDevelopment": "0", "operatingExpenses": "275000000", "investmentIncomeNet": "None", "netInterestIncome": "None", "interestIncome": "None", "interestExpense": "13000000", "nonInterestIncome": "None", "otherNonOperatingIncome": "None", "depreciation": "None", "depreciationAndAmortization": "10000000", "incomeBeforeTax": "148000000", "incomeTaxExpense": "33000000", "interestAndDebtExpense": "None", "netIncomeFromContinuingOperations": "0", "comprehensiveIncomeNetOfTax": "None", "ebit": "161000000", "ebitda": "171000000", "netIncome": "115000000"}, {"fiscalDateEnding": "2006-06-30", "reportedCurrency": "USD", "grossProfit": "442000000", "totalRevenue": "981000000", "costOfRevenue": "539000000", "costofGoodsAndServicesSold": "539000000", "operatingIncome": "175000000", "sellingGeneralAndAdministrative": "84000000", "researchAndDevelopment": "0", "operatingExpenses": "267000000", "investmentIncomeNet": "None", "netInterestIncome": "None", "interestIncome": "None", "interestExpense": "13000000", "nonInterestIncome": "None", "otherNonOperatingIncome": "None", "depreciation": "None", "depreciationAndAmortization": "8000000", "incomeBeforeTax": "175000000", "incomeTaxExpense": "43000000", "interestAndDebtExpense": "None", "netIncomeFromContinuingOperations": "0", "comprehensiveIncomeNetOfTax": "None", "ebit": "188000000", "ebitda": "196000000", "netIncome": "132000000"}, {"fiscalDateEnding": "2006-03-31", "reportedCurrency": "USD", "grossProfit": "1120000000", "totalRevenue": "1607000000", "costOfRevenue": "487000000", "costofGoodsAndServicesSold": "487000000", "operatingIncome": "834000000", "sellingGeneralAndAdministrative": "83000000", "researchAndDevelopment": "0", "operatingExpenses": "286000000", "investmentIncomeNet": "None", "netInterestIncome": "None", "interestIncome": "None", "interestExpense": "13000000", "nonInterestIncome": "None", "otherNonOperatingIncome": "None", "depreciation": "None", "depreciationAndAmortization": "8000000", "incomeBeforeTax": "834000000", "incomeTaxExpense": "282000000", "interestAndDebtExpense": "None", "netIncomeFromContinuingOperations": "0", "comprehensiveIncomeNetOfTax": "None", "ebit": "847000000", "ebitda": "855000000", "netIncome": "552000000"}, {"fiscalDateEnding": "2005-12-31", "reportedCurrency": "USD", "grossProfit": "529000000", "totalRevenue": "966000000", "costOfRevenue": "437000000", "costofGoodsAndServicesSold": "437000000", "operatingIncome": "261000000", "sellingGeneralAndAdministrative": "0", "researchAndDevelopment": "0", "operatingExpenses": "268000000", "investmentIncomeNet": "None", "netInterestIncome": "None", "interestIncome": "None", "interestExpense": "12000000", "nonInterestIncome": "None", "otherNonOperatingIncome": "None", "depreciation": "None", "depreciationAndAmortization": "11000000", "incomeBeforeTax": "261000000", "incomeTaxExpense": "78000000", "interestAndDebtExpense": "None", "netIncomeFromContinuingOperations": "0", "comprehensiveIncomeNetOfTax": "None", "ebit": "273000000", "ebitda": "284000000", "netIncome": "183000000"}]}