{"symbol": "ACIW", "annualReports": [{"fiscalDateEnding": "2024-12-31", "reportedCurrency": "USD", "grossProfit": "802505000", "totalRevenue": "1594288000", "costOfRevenue": "791783000", "costofGoodsAndServicesSold": "791783000", "operatingIncome": "308135000", "sellingGeneralAndAdministrative": "118379000", "researchAndDevelopment": "146677000", "operatingExpenses": "494370000", "investmentIncomeNet": "None", "netInterestIncome": "-56545000", "interestIncome": "15926000", "interestExpense": "72471000", "nonInterestIncome": "None", "otherNonOperatingIncome": "None", "depreciation": "None", "depreciationAndAmortization": "120668000", "incomeBeforeTax": "250409000", "incomeTaxExpense": "47291000", "interestAndDebtExpense": "None", "netIncomeFromContinuingOperations": "203118000", "comprehensiveIncomeNetOfTax": "None", "ebit": "322880000", "ebitda": "443548000", "netIncome": "203118000"}, {"fiscalDateEnding": "2023-12-31", "reportedCurrency": "USD", "grossProfit": "733368000", "totalRevenue": "1452579000", "costOfRevenue": "719211000", "costofGoodsAndServicesSold": "719211000", "operatingIncome": "220408000", "sellingGeneralAndAdministrative": "117190000", "researchAndDevelopment": "140758000", "operatingExpenses": "512960000", "investmentIncomeNet": "None", "netInterestIncome": "-61020000", "interestIncome": "13800000", "interestExpense": "78486000", "nonInterestIncome": "None", "otherNonOperatingIncome": "None", "depreciation": "None", "depreciationAndAmortization": "133993000", "incomeBeforeTax": "147627000", "incomeTaxExpense": "26118000", "interestAndDebtExpense": "None", "netIncomeFromContinuingOperations": "89121000", "comprehensiveIncomeNetOfTax": "None", "ebit": "226113000", "ebitda": "360106000", "netIncome": "121509000"}, {"fiscalDateEnding": "2022-12-31", "reportedCurrency": "USD", "grossProfit": "725830000", "totalRevenue": "1421901000", "costOfRevenue": "696071000", "costofGoodsAndServicesSold": "696071000", "operatingIncome": "203835000", "sellingGeneralAndAdministrative": "114194000", "researchAndDevelopment": "146311000", "operatingExpenses": "521995000", "investmentIncomeNet": "None", "netInterestIncome": "-40646000", "interestIncome": "12547000", "interestExpense": "53193000", "nonInterestIncome": "None", "otherNonOperatingIncome": "55993000", "depreciation": "None", "depreciationAndAmortization": "138364000", "incomeBeforeTax": "206635000", "incomeTaxExpense": "64458000", "interestAndDebtExpense": "None", "netIncomeFromContinuingOperations": "142177000", "comprehensiveIncomeNetOfTax": "None", "ebit": "259828000", "ebitda": "398192000", "netIncome": "142177000"}, {"fiscalDateEnding": "2021-12-31", "reportedCurrency": "USD", "grossProfit": "731727000", "totalRevenue": "1370598000", "costOfRevenue": "638871000", "costofGoodsAndServicesSold": "638871000", "operatingIncome": "209897000", "sellingGeneralAndAdministrative": "123801000", "researchAndDevelopment": "144310000", "operatingExpenses": "521830000", "investmentIncomeNet": "None", "netInterestIncome": "-33538000", "interestIncome": "11522000", "interestExpense": "45060000", "nonInterestIncome": "None", "otherNonOperatingIncome": "10228000", "depreciation": "None", "depreciationAndAmortization": "143908000", "incomeBeforeTax": "175065000", "incomeTaxExpense": "47274000", "interestAndDebtExpense": "None", "netIncomeFromContinuingOperations": "127791000", "comprehensiveIncomeNetOfTax": "None", "ebit": "220125000", "ebitda": "364033000", "netIncome": "127791000"}, {"fiscalDateEnding": "2020-12-31", "reportedCurrency": "USD", "grossProfit": "671863000", "totalRevenue": "1294322000", "costOfRevenue": "622459000", "costofGoodsAndServicesSold": "622459000", "operatingIncome": "144744000", "sellingGeneralAndAdministrative": "152468000", "researchAndDevelopment": "139293000", "operatingExpenses": "527119000", "investmentIncomeNet": "None", "netInterestIncome": "-45002000", "interestIncome": "11628000", "interestExpense": "56630000", "nonInterestIncome": "None", "otherNonOperatingIncome": "10512000", "depreciation": "None", "depreciationAndAmortization": "163764000", "incomeBeforeTax": "98626000", "incomeTaxExpense": "25966000", "interestAndDebtExpense": "None", "netIncomeFromContinuingOperations": "72660000", "comprehensiveIncomeNetOfTax": "None", "ebit": "155256000", "ebitda": "319020000", "netIncome": "72660000"}, {"fiscalDateEnding": "2019-12-31", "reportedCurrency": "USD", "grossProfit": "640841000", "totalRevenue": "1258294000", "costOfRevenue": "617453000", "costofGoodsAndServicesSold": "617453000", "operatingIncome": "123756000", "sellingGeneralAndAdministrative": "135296000", "researchAndDevelopment": "146573000", "operatingExpenses": "517085000", "investmentIncomeNet": "None", "netInterestIncome": "-52066000", "interestIncome": "11967000", "interestExpense": "64033000", "nonInterestIncome": "None", "otherNonOperatingIncome": "12487000", "depreciation": "None", "depreciationAndAmortization": "138503000", "incomeBeforeTax": "72210000", "incomeTaxExpense": "5148000", "interestAndDebtExpense": "None", "netIncomeFromContinuingOperations": "67062000", "comprehensiveIncomeNetOfTax": "None", "ebit": "136243000", "ebitda": "274746000", "netIncome": "67062000"}, {"fiscalDateEnding": "2018-12-31", "reportedCurrency": "USD", "grossProfit": "579429000", "totalRevenue": "1009780000", "costOfRevenue": "430351000", "costofGoodsAndServicesSold": "430351000", "operatingIncome": "125911000", "sellingGeneralAndAdministrative": "107422000", "researchAndDevelopment": "143630000", "operatingExpenses": "453518000", "investmentIncomeNet": "None", "netInterestIncome": "-30388000", "interestIncome": "11142000", "interestExpense": "41530000", "nonInterestIncome": "None", "otherNonOperatingIncome": "7418000", "depreciation": "None", "depreciationAndAmortization": "97350000", "incomeBeforeTax": "91799000", "incomeTaxExpense": "22878000", "interestAndDebtExpense": "None", "netIncomeFromContinuingOperations": "68921000", "comprehensiveIncomeNetOfTax": "None", "ebit": "133329000", "ebitda": "230679000", "netIncome": "68921000"}, {"fiscalDateEnding": "2017-12-31", "reportedCurrency": "USD", "grossProfit": "571905000", "totalRevenue": "1024191000", "costOfRevenue": "452286000", "costofGoodsAndServicesSold": "452286000", "operatingIncome": "84640000", "sellingGeneralAndAdministrative": "153032000", "researchAndDevelopment": "136921000", "operatingExpenses": "487265000", "investmentIncomeNet": "None", "netInterestIncome": "-38449000", "interestIncome": "564000", "interestExpense": "39013000", "nonInterestIncome": "None", "otherNonOperatingIncome": "-2055000", "depreciation": "None", "depreciationAndAmortization": "102224000", "incomeBeforeTax": "43572000", "incomeTaxExpense": "38437000", "interestAndDebtExpense": "None", "netIncomeFromContinuingOperations": "5135000", "comprehensiveIncomeNetOfTax": "None", "ebit": "82585000", "ebitda": "184809000", "netIncome": "5135000"}, {"fiscalDateEnding": "2016-12-31", "reportedCurrency": "USD", "grossProfit": "560787000", "totalRevenue": "1005701000", "costOfRevenue": "444914000", "costofGoodsAndServicesSold": "444914000", "operatingIncome": "221130000", "sellingGeneralAndAdministrative": "113617000", "researchAndDevelopment": "169900000", "operatingExpenses": "339657000", "investmentIncomeNet": "None", "netInterestIncome": "-39654000", "interestIncome": "530000", "interestExpense": "40184000", "nonInterestIncome": "None", "otherNonOperatingIncome": "4635000", "depreciation": "None", "depreciationAndAmortization": "103454000", "incomeBeforeTax": "185581000", "incomeTaxExpense": "56046000", "interestAndDebtExpense": "None", "netIncomeFromContinuingOperations": "129535000", "comprehensiveIncomeNetOfTax": "None", "ebit": "225765000", "ebitda": "329219000", "netIncome": "129535000"}, {"fiscalDateEnding": "2015-12-31", "reportedCurrency": "USD", "grossProfit": "573678000", "totalRevenue": "1045977000", "costOfRevenue": "472299000", "costofGoodsAndServicesSold": "472299000", "operatingIncome": "127948000", "sellingGeneralAndAdministrative": "87419000", "researchAndDevelopment": "145924000", "operatingExpenses": "445730000", "investmentIncomeNet": "None", "netInterestIncome": "None", "interestIncome": "14575000", "interestExpense": "41372000", "nonInterestIncome": "None", "otherNonOperatingIncome": "26797000", "depreciation": "None", "depreciationAndAmortization": "97431000", "incomeBeforeTax": "113373000", "incomeTaxExpense": "27937000", "interestAndDebtExpense": "None", "netIncomeFromContinuingOperations": "85436000", "comprehensiveIncomeNetOfTax": "None", "ebit": "154745000", "ebitda": "252176000", "netIncome": "85436000"}, {"fiscalDateEnding": "2014-12-31", "reportedCurrency": "USD", "grossProfit": "561393000", "totalRevenue": "1016149000", "costOfRevenue": "454756000", "costofGoodsAndServicesSold": "454756000", "operatingIncome": "138172000", "sellingGeneralAndAdministrative": "95065000", "researchAndDevelopment": "144207000", "operatingExpenses": "423221000", "investmentIncomeNet": "None", "netInterestIncome": "None", "interestIncome": "None", "interestExpense": "39738000", "nonInterestIncome": "None", "otherNonOperatingIncome": "335000", "depreciation": "None", "depreciationAndAmortization": "86683000", "incomeBeforeTax": "98769000", "incomeTaxExpense": "31209000", "interestAndDebtExpense": "None", "netIncomeFromContinuingOperations": "67560000", "comprehensiveIncomeNetOfTax": "None", "ebit": "138507000", "ebitda": "225190000", "netIncome": "67560000"}, {"fiscalDateEnding": "2013-12-31", "reportedCurrency": "USD", "grossProfit": "521089000", "totalRevenue": "864928000", "costOfRevenue": "343839000", "costofGoodsAndServicesSold": "343839000", "operatingIncome": "123048000", "sellingGeneralAndAdministrative": "99300000", "researchAndDevelopment": "142557000", "operatingExpenses": "398041000", "investmentIncomeNet": "None", "netInterestIncome": "None", "interestIncome": "None", "interestExpense": "27221000", "nonInterestIncome": "None", "otherNonOperatingIncome": "-2668000", "depreciation": "None", "depreciationAndAmortization": "69967000", "incomeBeforeTax": "93159000", "incomeTaxExpense": "29291000", "interestAndDebtExpense": "None", "netIncomeFromContinuingOperations": "63868000", "comprehensiveIncomeNetOfTax": "None", "ebit": "120380000", "ebitda": "190347000", "netIncome": "63868000"}, {"fiscalDateEnding": "2012-12-31", "reportedCurrency": "USD", "grossProfit": "440935000", "totalRevenue": "666579000", "costOfRevenue": "225644000", "costofGoodsAndServicesSold": "225644000", "operatingIncome": "74372000", "sellingGeneralAndAdministrative": "108747000", "researchAndDevelopment": "133759000", "operatingExpenses": "366563000", "investmentIncomeNet": "None", "netInterestIncome": "None", "interestIncome": "None", "interestExpense": "10417000", "nonInterestIncome": "None", "otherNonOperatingIncome": "1313000", "depreciation": "None", "depreciationAndAmortization": "50781000", "incomeBeforeTax": "65268000", "incomeTaxExpense": "16422000", "interestAndDebtExpense": "None", "netIncomeFromContinuingOperations": "48846000", "comprehensiveIncomeNetOfTax": "None", "ebit": "75685000", "ebitda": "126466000", "netIncome": "48846000"}, {"fiscalDateEnding": "2011-12-31", "reportedCurrency": "USD", "grossProfit": "330811000", "totalRevenue": "465095000", "costOfRevenue": "134284000", "costofGoodsAndServicesSold": "134284000", "operatingIncome": "66231000", "sellingGeneralAndAdministrative": "71425000", "researchAndDevelopment": "90176000", "operatingExpenses": "264580000", "investmentIncomeNet": "None", "netInterestIncome": "None", "interestIncome": "None", "interestExpense": "2431000", "nonInterestIncome": "None", "otherNonOperatingIncome": "513000", "depreciation": "None", "depreciationAndAmortization": "28377000", "incomeBeforeTax": "64313000", "incomeTaxExpense": "18461000", "interestAndDebtExpense": "None", "netIncomeFromContinuingOperations": "45852000", "comprehensiveIncomeNetOfTax": "None", "ebit": "66744000", "ebitda": "95121000", "netIncome": "45852000"}, {"fiscalDateEnding": "2010-12-31", "reportedCurrency": "USD", "grossProfit": "288701000", "totalRevenue": "418424000", "costOfRevenue": "129723000", "costofGoodsAndServicesSold": "129723000", "operatingIncome": "53648000", "sellingGeneralAndAdministrative": "70096000", "researchAndDevelopment": "74076000", "operatingExpenses": "235053000", "investmentIncomeNet": "None", "netInterestIncome": "None", "interestIncome": "None", "interestExpense": "1996000", "nonInterestIncome": "None", "otherNonOperatingIncome": "-2950000", "depreciation": "None", "depreciationAndAmortization": "26347000", "incomeBeforeTax": "48702000", "incomeTaxExpense": "21507000", "interestAndDebtExpense": "None", "netIncomeFromContinuingOperations": "27195000", "comprehensiveIncomeNetOfTax": "None", "ebit": "50698000", "ebitda": "77045000", "netIncome": "27195000"}, {"fiscalDateEnding": "2009-12-31", "reportedCurrency": "USD", "grossProfit": "278108000", "totalRevenue": "405755000", "costOfRevenue": "127647000", "costofGoodsAndServicesSold": "127647000", "operatingIncome": "41570000", "sellingGeneralAndAdministrative": "79244000", "researchAndDevelopment": "77506000", "operatingExpenses": "236538000", "investmentIncomeNet": "None", "netInterestIncome": "None", "interestIncome": "None", "interestExpense": "2856000", "nonInterestIncome": "None", "otherNonOperatingIncome": "None", "depreciation": "None", "depreciationAndAmortization": "23727000", "incomeBeforeTax": "33108000", "incomeTaxExpense": "13482000", "interestAndDebtExpense": "None", "netIncomeFromContinuingOperations": "None", "comprehensiveIncomeNetOfTax": "None", "ebit": "35964000", "ebitda": "59691000", "netIncome": "19626000"}, {"fiscalDateEnding": "2008-12-31", "reportedCurrency": "USD", "grossProfit": "287720000", "totalRevenue": "417653000", "costOfRevenue": "129933000", "costofGoodsAndServicesSold": "129933000", "operatingIncome": "21713000", "sellingGeneralAndAdministrative": "105785000", "researchAndDevelopment": "45896000", "operatingExpenses": "266007000", "investmentIncomeNet": "None", "netInterestIncome": "None", "interestIncome": "None", "interestExpense": "5013000", "nonInterestIncome": "None", "otherNonOperatingIncome": "None", "depreciation": "None", "depreciationAndAmortization": "22050000", "incomeBeforeTax": "27556000", "incomeTaxExpense": "16974000", "interestAndDebtExpense": "None", "netIncomeFromContinuingOperations": "None", "comprehensiveIncomeNetOfTax": "None", "ebit": "32569000", "ebitda": "54619000", "netIncome": "10582000"}, {"fiscalDateEnding": "2007-12-31", "reportedCurrency": "USD", "grossProfit": "225376000", "totalRevenue": "366218000", "costOfRevenue": "140842000", "costofGoodsAndServicesSold": "140842000", "operatingIncome": "2419000", "sellingGeneralAndAdministrative": "100589000", "researchAndDevelopment": "52088000", "operatingExpenses": "222957000", "investmentIncomeNet": "None", "netInterestIncome": "None", "interestIncome": "None", "interestExpense": "6644000", "nonInterestIncome": "None", "otherNonOperatingIncome": "None", "depreciation": "None", "depreciationAndAmortization": "20839000", "incomeBeforeTax": "-3883000", "incomeTaxExpense": "5248000", "interestAndDebtExpense": "None", "netIncomeFromContinuingOperations": "None", "comprehensiveIncomeNetOfTax": "None", "ebit": "2419000", "ebitda": "23258000", "netIncome": "-9131000"}, {"fiscalDateEnding": "2006-12-31", "reportedCurrency": "USD", "grossProfit": "237156000", "totalRevenue": "347902000", "costOfRevenue": "110746000", "costofGoodsAndServicesSold": "110746000", "operatingIncome": "53778000", "sellingGeneralAndAdministrative": "67440000", "researchAndDevelopment": "40768000", "operatingExpenses": "183378000", "investmentIncomeNet": "None", "netInterestIncome": "None", "interestIncome": "None", "interestExpense": "185000", "nonInterestIncome": "None", "otherNonOperatingIncome": "None", "depreciation": "None", "depreciationAndAmortization": "8361000", "incomeBeforeTax": "60875000", "incomeTaxExpense": "5510000", "interestAndDebtExpense": "None", "netIncomeFromContinuingOperations": "None", "comprehensiveIncomeNetOfTax": "None", "ebit": "53778000", "ebitda": "62139000", "netIncome": "55365000"}, {"fiscalDateEnding": "2005-12-31", "reportedCurrency": "USD", "grossProfit": "228234000", "totalRevenue": "313237000", "costOfRevenue": "85003000", "costofGoodsAndServicesSold": "85003000", "operatingIncome": "64251000", "sellingGeneralAndAdministrative": "58512000", "researchAndDevelopment": "39686000", "operatingExpenses": "163983000", "investmentIncomeNet": "None", "netInterestIncome": "None", "interestIncome": "None", "interestExpense": "510000", "nonInterestIncome": "None", "otherNonOperatingIncome": "None", "depreciation": "None", "depreciationAndAmortization": "5180000", "incomeBeforeTax": "66107000", "incomeTaxExpense": "22861000", "interestAndDebtExpense": "None", "netIncomeFromContinuingOperations": "None", "comprehensiveIncomeNetOfTax": "None", "ebit": "64251000", "ebitda": "69431000", "netIncome": "43246000"}], "quarterlyReports": [{"fiscalDateEnding": "2025-09-30", "reportedCurrency": "USD", "grossProfit": "259221000", "totalRevenue": "482359000", "costOfRevenue": "223138000", "costofGoodsAndServicesSold": "223138000", "operatingIncome": "127706000", "sellingGeneralAndAdministrative": "34098000", "researchAndDevelopment": "42567000", "operatingExpenses": "131515000", "investmentIncomeNet": "None", "netInterestIncome": "-11135000", "interestIncome": "3676000", "interestExpense": "14811000", "nonInterestIncome": "None", "otherNonOperatingIncome": "None", "depreciation": "None", "depreciationAndAmortization": "26543000", "incomeBeforeTax": "118122000", "incomeTaxExpense": "26872000", "interestAndDebtExpense": "None", "netIncomeFromContinuingOperations": "91250000", "comprehensiveIncomeNetOfTax": "None", "ebit": "132933000", "ebitda": "159476000", "netIncome": "91250000"}, {"fiscalDateEnding": "2025-06-30", "reportedCurrency": "USD", "grossProfit": "166458000", "totalRevenue": "401258000", "costOfRevenue": "234800000", "costofGoodsAndServicesSold": "234800000", "operatingIncome": "34858000", "sellingGeneralAndAdministrative": "37651000", "researchAndDevelopment": "41107000", "operatingExpenses": "131600000", "investmentIncomeNet": "None", "netInterestIncome": "-10593000", "interestIncome": "3934000", "interestExpense": "14527000", "nonInterestIncome": "None", "otherNonOperatingIncome": "None", "depreciation": "None", "depreciationAndAmortization": "26508000", "incomeBeforeTax": "17872000", "incomeTaxExpense": "5670000", "interestAndDebtExpense": "None", "netIncomeFromContinuingOperations": "12202000", "comprehensiveIncomeNetOfTax": "None", "ebit": "32399000", "ebitda": "58907000", "netIncome": "12202000"}, {"fiscalDateEnding": "2025-03-31", "reportedCurrency": "USD", "grossProfit": "181187000", "totalRevenue": "394565000", "costOfRevenue": "213378000", "costofGoodsAndServicesSold": "213378000", "operatingIncome": "58516000", "sellingGeneralAndAdministrative": "27592000", "researchAndDevelopment": "38908000", "operatingExpenses": "122671000", "investmentIncomeNet": "None", "netInterestIncome": "-10619000", "interestIncome": "4064000", "interestExpense": "14683000", "nonInterestIncome": "None", "otherNonOperatingIncome": "None", "depreciation": "None", "depreciationAndAmortization": "26420000", "incomeBeforeTax": "71637000", "incomeTaxExpense": "12767000", "interestAndDebtExpense": "None", "netIncomeFromContinuingOperations": "58870000", "comprehensiveIncomeNetOfTax": "None", "ebit": "86320000", "ebitda": "112740000", "netIncome": "58870000"}, {"fiscalDateEnding": "2024-12-31", "reportedCurrency": "USD", "grossProfit": "252951000", "totalRevenue": "453038000", "costOfRevenue": "200087000", "costofGoodsAndServicesSold": "200087000", "operatingIncome": "122288000", "sellingGeneralAndAdministrative": "33437000", "researchAndDevelopment": "38614000", "operatingExpenses": "130663000", "investmentIncomeNet": "None", "netInterestIncome": "-12541000", "interestIncome": "4093000", "interestExpense": "16634000", "nonInterestIncome": "None", "otherNonOperatingIncome": "None", "depreciation": "None", "depreciationAndAmortization": "26621000", "incomeBeforeTax": "110258000", "incomeTaxExpense": "11703000", "interestAndDebtExpense": "None", "netIncomeFromContinuingOperations": "98555000", "comprehensiveIncomeNetOfTax": "None", "ebit": "126892000", "ebitda": "153513000", "netIncome": "98555000"}, {"fiscalDateEnding": "2024-09-30", "reportedCurrency": "USD", "grossProfit": "254401000", "totalRevenue": "451752000", "costOfRevenue": "197351000", "costofGoodsAndServicesSold": "197351000", "operatingIncome": "122586000", "sellingGeneralAndAdministrative": "33949000", "researchAndDevelopment": "37660000", "operatingExpenses": "131815000", "investmentIncomeNet": "None", "netInterestIncome": "-14485000", "interestIncome": "3871000", "interestExpense": "18356000", "nonInterestIncome": "None", "otherNonOperatingIncome": "None", "depreciation": "None", "depreciationAndAmortization": "33853000", "incomeBeforeTax": "107278000", "incomeTaxExpense": "25851000", "interestAndDebtExpense": "None", "netIncomeFromContinuingOperations": "81427000", "comprehensiveIncomeNetOfTax": "None", "ebit": "125634000", "ebitda": "159487000", "netIncome": "81427000"}, {"fiscalDateEnding": "2024-06-30", "reportedCurrency": "USD", "grossProfit": "170241000", "totalRevenue": "373479000", "costOfRevenue": "203238000", "costofGoodsAndServicesSold": "203238000", "operatingIncome": "53701000", "sellingGeneralAndAdministrative": "24993000", "researchAndDevelopment": "35410000", "operatingExpenses": "116540000", "investmentIncomeNet": "None", "netInterestIncome": "-14518000", "interestIncome": "3953000", "interestExpense": "18471000", "nonInterestIncome": "None", "otherNonOperatingIncome": "None", "depreciation": "None", "depreciationAndAmortization": "30017000", "incomeBeforeTax": "40339000", "incomeTaxExpense": "9452000", "interestAndDebtExpense": "None", "netIncomeFromContinuingOperations": "30887000", "comprehensiveIncomeNetOfTax": "None", "ebit": "58810000", "ebitda": "88827000", "netIncome": "30887000"}, {"fiscalDateEnding": "2024-03-31", "reportedCurrency": "USD", "grossProfit": "124912000", "totalRevenue": "316019000", "costOfRevenue": "191107000", "costofGoodsAndServicesSold": "191107000", "operatingIncome": "9560000", "sellingGeneralAndAdministrative": "26000000", "researchAndDevelopment": "34993000", "operatingExpenses": "115352000", "investmentIncomeNet": "None", "netInterestIncome": "-15001000", "interestIncome": "4009000", "interestExpense": "19010000", "nonInterestIncome": "None", "otherNonOperatingIncome": "None", "depreciation": "None", "depreciationAndAmortization": "30177000", "incomeBeforeTax": "-7466000", "incomeTaxExpense": "285000", "interestAndDebtExpense": "None", "netIncomeFromContinuingOperations": "-7751000", "comprehensiveIncomeNetOfTax": "None", "ebit": "11544000", "ebitda": "41721000", "netIncome": "-7751000"}, {"fiscalDateEnding": "2023-12-31", "reportedCurrency": "USD", "grossProfit": "294874000", "totalRevenue": "476563000", "costOfRevenue": "181689000", "costofGoodsAndServicesSold": "181689000", "operatingIncome": "172316000", "sellingGeneralAndAdministrative": "24515000", "researchAndDevelopment": "34636000", "operatingExpenses": "122558000", "investmentIncomeNet": "None", "netInterestIncome": "-16088000", "interestIncome": "3757000", "interestExpense": "19845000", "nonInterestIncome": "None", "otherNonOperatingIncome": "None", "depreciation": "None", "depreciationAndAmortization": "31365000", "incomeBeforeTax": "154121000", "incomeTaxExpense": "31505000", "interestAndDebtExpense": "None", "netIncomeFromContinuingOperations": "122616000", "comprehensiveIncomeNetOfTax": "None", "ebit": "173966000", "ebitda": "205331000", "netIncome": "122616000"}, {"fiscalDateEnding": "2023-09-30", "reportedCurrency": "USD", "grossProfit": "185390000", "totalRevenue": "363015000", "costOfRevenue": "177625000", "costofGoodsAndServicesSold": "177625000", "operatingIncome": "61924000", "sellingGeneralAndAdministrative": "29821000", "researchAndDevelopment": "33739000", "operatingExpenses": "123466000", "investmentIncomeNet": "None", "netInterestIncome": "-16345000", "interestIncome": "3495000", "interestExpense": "19840000", "nonInterestIncome": "None", "otherNonOperatingIncome": "None", "depreciation": "None", "depreciationAndAmortization": "33162000", "incomeBeforeTax": "46663000", "incomeTaxExpense": "8752000", "interestAndDebtExpense": "None", "netIncomeFromContinuingOperations": "37911000", "comprehensiveIncomeNetOfTax": "None", "ebit": "66503000", "ebitda": "99665000", "netIncome": "37911000"}, {"fiscalDateEnding": "2023-06-30", "reportedCurrency": "USD", "grossProfit": "141982000", "totalRevenue": "323325000", "costOfRevenue": "181343000", "costofGoodsAndServicesSold": "181343000", "operatingIncome": "10520000", "sellingGeneralAndAdministrative": "31472000", "researchAndDevelopment": "35265000", "operatingExpenses": "131462000", "investmentIncomeNet": "None", "netInterestIncome": "-16451000", "interestIncome": "3458000", "interestExpense": "19909000", "nonInterestIncome": "None", "otherNonOperatingIncome": "-634000", "depreciation": "None", "depreciationAndAmortization": "35160000", "incomeBeforeTax": "-10023000", "incomeTaxExpense": "-3313000", "interestAndDebtExpense": "None", "netIncomeFromContinuingOperations": "-6710000", "comprehensiveIncomeNetOfTax": "None", "ebit": "9886000", "ebitda": "45046000", "netIncome": "-6710000"}, {"fiscalDateEnding": "2023-03-31", "reportedCurrency": "USD", "grossProfit": "111122000", "totalRevenue": "289676000", "costOfRevenue": "178554000", "costofGoodsAndServicesSold": "178554000", "operatingIncome": "-24352000", "sellingGeneralAndAdministrative": "31382000", "researchAndDevelopment": "37118000", "operatingExpenses": "135474000", "investmentIncomeNet": "None", "netInterestIncome": "-15387000", "interestIncome": "3505000", "interestExpense": "18892000", "nonInterestIncome": "None", "otherNonOperatingIncome": "110000", "depreciation": "None", "depreciationAndAmortization": "34306000", "incomeBeforeTax": "-43134000", "incomeTaxExpense": "-10826000", "interestAndDebtExpense": "None", "netIncomeFromContinuingOperations": "-32308000", "comprehensiveIncomeNetOfTax": "None", "ebit": "-24242000", "ebitda": "10064000", "netIncome": "-32308000"}, {"fiscalDateEnding": "2022-12-31", "reportedCurrency": "USD", "grossProfit": "273106000", "totalRevenue": "451805000", "costOfRevenue": "178699000", "costofGoodsAndServicesSold": "178699000", "operatingIncome": "148223000", "sellingGeneralAndAdministrative": "29441000", "researchAndDevelopment": "31963000", "operatingExpenses": "124883000", "investmentIncomeNet": "None", "netInterestIncome": "-12837000", "interestIncome": "3342000", "interestExpense": "16179000", "nonInterestIncome": "None", "otherNonOperatingIncome": "987000", "depreciation": "None", "depreciationAndAmortization": "34199000", "incomeBeforeTax": "133031000", "incomeTaxExpense": "42803000", "interestAndDebtExpense": "None", "netIncomeFromContinuingOperations": "90228000", "comprehensiveIncomeNetOfTax": "None", "ebit": "149210000", "ebitda": "183409000", "netIncome": "90228000"}, {"fiscalDateEnding": "2022-09-30", "reportedCurrency": "USD", "grossProfit": "134838000", "totalRevenue": "306591000", "costOfRevenue": "171753000", "costofGoodsAndServicesSold": "171753000", "operatingIncome": "3489000", "sellingGeneralAndAdministrative": "30516000", "researchAndDevelopment": "35899000", "operatingExpenses": "131349000", "investmentIncomeNet": "None", "netInterestIncome": "-11341000", "interestIncome": "2995000", "interestExpense": "14336000", "nonInterestIncome": "None", "otherNonOperatingIncome": "44540000", "depreciation": "None", "depreciationAndAmortization": "34947000", "incomeBeforeTax": "33693000", "incomeTaxExpense": "10576000", "interestAndDebtExpense": "None", "netIncomeFromContinuingOperations": "23117000", "comprehensiveIncomeNetOfTax": "None", "ebit": "48029000", "ebitda": "82976000", "netIncome": "23117000"}, {"fiscalDateEnding": "2022-06-30", "reportedCurrency": "USD", "grossProfit": "161092000", "totalRevenue": "340425000", "costOfRevenue": "179333000", "costofGoodsAndServicesSold": "179333000", "operatingIncome": "24457000", "sellingGeneralAndAdministrative": "28362000", "researchAndDevelopment": "40642000", "operatingExpenses": "136635000", "investmentIncomeNet": "None", "netInterestIncome": "-8733000", "interestIncome": "3051000", "interestExpense": "11784000", "nonInterestIncome": "None", "otherNonOperatingIncome": "5057000", "depreciation": "None", "depreciationAndAmortization": "35013000", "incomeBeforeTax": "17730000", "incomeTaxExpense": "4388000", "interestAndDebtExpense": "None", "netIncomeFromContinuingOperations": "13342000", "comprehensiveIncomeNetOfTax": "None", "ebit": "29514000", "ebitda": "64527000", "netIncome": "13342000"}, {"fiscalDateEnding": "2022-03-31", "reportedCurrency": "USD", "grossProfit": "156794000", "totalRevenue": "323080000", "costOfRevenue": "166286000", "costofGoodsAndServicesSold": "166286000", "operatingIncome": "27666000", "sellingGeneralAndAdministrative": "25875000", "researchAndDevelopment": "37807000", "operatingExpenses": "129128000", "investmentIncomeNet": "None", "netInterestIncome": "-7735000", "interestIncome": "3159000", "interestExpense": "10894000", "nonInterestIncome": "None", "otherNonOperatingIncome": "5409000", "depreciation": "None", "depreciationAndAmortization": "34205000", "incomeBeforeTax": "22181000", "incomeTaxExpense": "6691000", "interestAndDebtExpense": "None", "netIncomeFromContinuingOperations": "15490000", "comprehensiveIncomeNetOfTax": "None", "ebit": "33075000", "ebitda": "67280000", "netIncome": "15490000"}, {"fiscalDateEnding": "2021-12-31", "reportedCurrency": "USD", "grossProfit": "304769000", "totalRevenue": "466829000", "costOfRevenue": "162060000", "costofGoodsAndServicesSold": "162060000", "operatingIncome": "162804000", "sellingGeneralAndAdministrative": "34372000", "researchAndDevelopment": "39519000", "operatingExpenses": "141965000", "investmentIncomeNet": "None", "netInterestIncome": "-8148000", "interestIncome": "2969000", "interestExpense": "11117000", "nonInterestIncome": "None", "otherNonOperatingIncome": "2711000", "depreciation": "None", "depreciationAndAmortization": "35790000", "incomeBeforeTax": "154398000", "incomeTaxExpense": "44927000", "interestAndDebtExpense": "None", "netIncomeFromContinuingOperations": "109471000", "comprehensiveIncomeNetOfTax": "None", "ebit": "165515000", "ebitda": "201305000", "netIncome": "109471000"}, {"fiscalDateEnding": "2021-09-30", "reportedCurrency": "USD", "grossProfit": "158202000", "totalRevenue": "316914000", "costOfRevenue": "158712000", "costofGoodsAndServicesSold": "158712000", "operatingIncome": "27979000", "sellingGeneralAndAdministrative": "29717000", "researchAndDevelopment": "35248000", "operatingExpenses": "130223000", "investmentIncomeNet": "None", "netInterestIncome": "-8374000", "interestIncome": "2834000", "interestExpense": "11208000", "nonInterestIncome": "None", "otherNonOperatingIncome": "1746000", "depreciation": "None", "depreciationAndAmortization": "36132000", "incomeBeforeTax": "18517000", "incomeTaxExpense": "4753000", "interestAndDebtExpense": "None", "netIncomeFromContinuingOperations": "13764000", "comprehensiveIncomeNetOfTax": "None", "ebit": "29725000", "ebitda": "65857000", "netIncome": "13764000"}, {"fiscalDateEnding": "2021-06-30", "reportedCurrency": "USD", "grossProfit": "143055000", "totalRevenue": "301669000", "costOfRevenue": "158614000", "costofGoodsAndServicesSold": "158614000", "operatingIncome": "15424000", "sellingGeneralAndAdministrative": "31937000", "researchAndDevelopment": "35029000", "operatingExpenses": "127631000", "investmentIncomeNet": "None", "netInterestIncome": "-8395000", "interestIncome": "2865000", "interestExpense": "11260000", "nonInterestIncome": "None", "otherNonOperatingIncome": "4299000", "depreciation": "None", "depreciationAndAmortization": "36058000", "incomeBeforeTax": "8463000", "incomeTaxExpense": "1962000", "interestAndDebtExpense": "None", "netIncomeFromContinuingOperations": "6501000", "comprehensiveIncomeNetOfTax": "None", "ebit": "19723000", "ebitda": "55781000", "netIncome": "6501000"}, {"fiscalDateEnding": "2021-03-31", "reportedCurrency": "USD", "grossProfit": "125701000", "totalRevenue": "285186000", "costOfRevenue": "159485000", "costofGoodsAndServicesSold": "159485000", "operatingIncome": "3690000", "sellingGeneralAndAdministrative": "27775000", "researchAndDevelopment": "34514000", "operatingExpenses": "122011000", "investmentIncomeNet": "None", "netInterestIncome": "-8621000", "interestIncome": "2854000", "interestExpense": "11475000", "nonInterestIncome": "None", "otherNonOperatingIncome": "1472000", "depreciation": "None", "depreciationAndAmortization": "35928000", "incomeBeforeTax": "-6313000", "incomeTaxExpense": "-4368000", "interestAndDebtExpense": "None", "netIncomeFromContinuingOperations": "-1945000", "comprehensiveIncomeNetOfTax": "None", "ebit": "5162000", "ebitda": "41090000", "netIncome": "-1945000"}, {"fiscalDateEnding": "2020-12-31", "reportedCurrency": "USD", "grossProfit": "236347000", "totalRevenue": "387044000", "costOfRevenue": "150697000", "costofGoodsAndServicesSold": "150697000", "operatingIncome": "95707000", "sellingGeneralAndAdministrative": "49784000", "researchAndDevelopment": "31118000", "operatingExpenses": "140640000", "investmentIncomeNet": "None", "netInterestIncome": "-9545000", "interestIncome": "2847000", "interestExpense": "12392000", "nonInterestIncome": "None", "otherNonOperatingIncome": "8092000", "depreciation": "None", "depreciationAndAmortization": "44615000", "incomeBeforeTax": "91407000", "incomeTaxExpense": "24261000", "interestAndDebtExpense": "None", "netIncomeFromContinuingOperations": "67146000", "comprehensiveIncomeNetOfTax": "None", "ebit": "103799000", "ebitda": "148414000", "netIncome": "67146000"}, {"fiscalDateEnding": "2020-09-30", "reportedCurrency": "USD", "grossProfit": "157304000", "totalRevenue": "315883000", "costOfRevenue": "158579000", "costofGoodsAndServicesSold": "158579000", "operatingIncome": "31182000", "sellingGeneralAndAdministrative": "37000000", "researchAndDevelopment": "33573000", "operatingExpenses": "126122000", "investmentIncomeNet": "None", "netInterestIncome": "-9998000", "interestIncome": "2927000", "interestExpense": "12925000", "nonInterestIncome": "None", "otherNonOperatingIncome": "4283000", "depreciation": "None", "depreciationAndAmortization": "40834000", "incomeBeforeTax": "22540000", "incomeTaxExpense": "6674000", "interestAndDebtExpense": "None", "netIncomeFromContinuingOperations": "15866000", "comprehensiveIncomeNetOfTax": "None", "ebit": "35465000", "ebitda": "76299000", "netIncome": "15866000"}, {"fiscalDateEnding": "2020-06-30", "reportedCurrency": "USD", "grossProfit": "152564000", "totalRevenue": "299910000", "costOfRevenue": "147346000", "costofGoodsAndServicesSold": "147346000", "operatingIncome": "29138000", "sellingGeneralAndAdministrative": "29758000", "researchAndDevelopment": "35578000", "operatingExpenses": "123426000", "investmentIncomeNet": "None", "netInterestIncome": "-11188000", "interestIncome": "2954000", "interestExpense": "14142000", "nonInterestIncome": "None", "otherNonOperatingIncome": "4995000", "depreciation": "None", "depreciationAndAmortization": "40937000", "incomeBeforeTax": "19991000", "incomeTaxExpense": "5916000", "interestAndDebtExpense": "None", "netIncomeFromContinuingOperations": "14075000", "comprehensiveIncomeNetOfTax": "None", "ebit": "34133000", "ebitda": "75070000", "netIncome": "14075000"}, {"fiscalDateEnding": "2020-03-31", "reportedCurrency": "USD", "grossProfit": "125648000", "totalRevenue": "291485000", "costOfRevenue": "165837000", "costofGoodsAndServicesSold": "165837000", "operatingIncome": "-11283000", "sellingGeneralAndAdministrative": "35926000", "researchAndDevelopment": "39024000", "operatingExpenses": "136931000", "investmentIncomeNet": "None", "netInterestIncome": "-14271000", "interestIncome": "2900000", "interestExpense": "17171000", "nonInterestIncome": "None", "otherNonOperatingIncome": "-6858000", "depreciation": "None", "depreciationAndAmortization": "37378000", "incomeBeforeTax": "-35312000", "incomeTaxExpense": "-10885000", "interestAndDebtExpense": "None", "netIncomeFromContinuingOperations": "-24427000", "comprehensiveIncomeNetOfTax": "None", "ebit": "-18141000", "ebitda": "19237000", "netIncome": "-24427000"}, {"fiscalDateEnding": "2019-12-31", "reportedCurrency": "USD", "grossProfit": "226816000", "totalRevenue": "399920000", "costOfRevenue": "173104000", "costofGoodsAndServicesSold": "173104000", "operatingIncome": "102413000", "sellingGeneralAndAdministrative": "27174000", "researchAndDevelopment": "34601000", "operatingExpenses": "124403000", "investmentIncomeNet": "None", "netInterestIncome": "-15160000", "interestIncome": "2949000", "interestExpense": "18109000", "nonInterestIncome": "None", "otherNonOperatingIncome": "6348000", "depreciation": "None", "depreciationAndAmortization": "39083000", "incomeBeforeTax": "90652000", "incomeTaxExpense": "35166000", "interestAndDebtExpense": "None", "netIncomeFromContinuingOperations": "55486000", "comprehensiveIncomeNetOfTax": "None", "ebit": "108761000", "ebitda": "147844000", "netIncome": "55486000"}, {"fiscalDateEnding": "2019-09-30", "reportedCurrency": "USD", "grossProfit": "180733000", "totalRevenue": "354901000", "costOfRevenue": "174168000", "costofGoodsAndServicesSold": "174168000", "operatingIncome": "55318000", "sellingGeneralAndAdministrative": "27286000", "researchAndDevelopment": "36543000", "operatingExpenses": "125415000", "investmentIncomeNet": "None", "netInterestIncome": "-15999000", "interestIncome": "2988000", "interestExpense": "18987000", "nonInterestIncome": "None", "otherNonOperatingIncome": "619000", "depreciation": "None", "depreciationAndAmortization": "37761000", "incomeBeforeTax": "36950000", "incomeTaxExpense": "5136000", "interestAndDebtExpense": "None", "netIncomeFromContinuingOperations": "31814000", "comprehensiveIncomeNetOfTax": "None", "ebit": "55937000", "ebitda": "93698000", "netIncome": "31814000"}, {"fiscalDateEnding": "2019-06-30", "reportedCurrency": "USD", "grossProfit": "142378000", "totalRevenue": "297618000", "costOfRevenue": "155240000", "costofGoodsAndServicesSold": "155240000", "operatingIncome": "-5882000", "sellingGeneralAndAdministrative": "49319000", "researchAndDevelopment": "39235000", "operatingExpenses": "148260000", "investmentIncomeNet": "None", "netInterestIncome": "-12326000", "interestIncome": "2997000", "interestExpense": "15323000", "nonInterestIncome": "None", "otherNonOperatingIncome": "4399000", "depreciation": "None", "depreciationAndAmortization": "33424000", "incomeBeforeTax": "-16806000", "incomeTaxExpense": "-22531000", "interestAndDebtExpense": "None", "netIncomeFromContinuingOperations": "5725000", "comprehensiveIncomeNetOfTax": "None", "ebit": "-1483000", "ebitda": "31941000", "netIncome": "5725000"}, {"fiscalDateEnding": "2019-03-31", "reportedCurrency": "USD", "grossProfit": "90914000", "totalRevenue": "205855000", "costOfRevenue": "114941000", "costofGoodsAndServicesSold": "114941000", "operatingIncome": "-28093000", "sellingGeneralAndAdministrative": "31517000", "researchAndDevelopment": "36194000", "operatingExpenses": "119007000", "investmentIncomeNet": "None", "netInterestIncome": "-8581000", "interestIncome": "10481000", "interestExpense": "11614000", "nonInterestIncome": "None", "otherNonOperatingIncome": "1121000", "depreciation": "None", "depreciationAndAmortization": "28235000", "incomeBeforeTax": "-38586000", "incomeTaxExpense": "-12623000", "interestAndDebtExpense": "None", "netIncomeFromContinuingOperations": "-25963000", "comprehensiveIncomeNetOfTax": "None", "ebit": "-26972000", "ebitda": "1263000", "netIncome": "-25963000"}, {"fiscalDateEnding": "2018-12-31", "reportedCurrency": "USD", "grossProfit": "215669000", "totalRevenue": "319950000", "costOfRevenue": "104281000", "costofGoodsAndServicesSold": "104281000", "operatingIncome": "116414000", "sellingGeneralAndAdministrative": "20399000", "researchAndDevelopment": "32969000", "operatingExpenses": "99255000", "investmentIncomeNet": "None", "netInterestIncome": "None", "interestIncome": "None", "interestExpense": "9875000", "nonInterestIncome": "None", "otherNonOperatingIncome": "2205000", "depreciation": "None", "depreciationAndAmortization": "24461000", "incomeBeforeTax": "108744000", "incomeTaxExpense": "21054000", "interestAndDebtExpense": "None", "netIncomeFromContinuingOperations": "87690000", "comprehensiveIncomeNetOfTax": "None", "ebit": "118619000", "ebitda": "143080000", "netIncome": "87690000"}, {"fiscalDateEnding": "2018-09-30", "reportedCurrency": "USD", "grossProfit": "143052000", "totalRevenue": "245525000", "costOfRevenue": "102473000", "costofGoodsAndServicesSold": "102473000", "operatingIncome": "28359000", "sellingGeneralAndAdministrative": "29537000", "researchAndDevelopment": "36008000", "operatingExpenses": "114693000", "investmentIncomeNet": "None", "netInterestIncome": "None", "interestIncome": "None", "interestExpense": "12573000", "nonInterestIncome": "None", "otherNonOperatingIncome": "1459000", "depreciation": "None", "depreciationAndAmortization": "23545000", "incomeBeforeTax": "17245000", "incomeTaxExpense": "2012000", "interestAndDebtExpense": "None", "netIncomeFromContinuingOperations": "15233000", "comprehensiveIncomeNetOfTax": "None", "ebit": "29818000", "ebitda": "53363000", "netIncome": "15233000"}, {"fiscalDateEnding": "2018-06-30", "reportedCurrency": "USD", "grossProfit": "118734000", "totalRevenue": "234995000", "costOfRevenue": "116261000", "costofGoodsAndServicesSold": "116261000", "operatingIncome": "-2158000", "sellingGeneralAndAdministrative": "28837000", "researchAndDevelopment": "37862000", "operatingExpenses": "120892000", "investmentIncomeNet": "None", "netInterestIncome": "None", "interestIncome": "None", "interestExpense": "9717000", "nonInterestIncome": "None", "otherNonOperatingIncome": "1065000", "depreciation": "None", "depreciationAndAmortization": "24351000", "incomeBeforeTax": "-10810000", "incomeTaxExpense": "3764000", "interestAndDebtExpense": "None", "netIncomeFromContinuingOperations": "-14574000", "comprehensiveIncomeNetOfTax": "None", "ebit": "-1093000", "ebitda": "23258000", "netIncome": "-14574000"}, {"fiscalDateEnding": "2018-03-31", "reportedCurrency": "USD", "grossProfit": "101974000", "totalRevenue": "209310000", "costOfRevenue": "107336000", "costofGoodsAndServicesSold": "107336000", "operatingIncome": "-16704000", "sellingGeneralAndAdministrative": "28649000", "researchAndDevelopment": "36791000", "operatingExpenses": "118678000", "investmentIncomeNet": "None", "netInterestIncome": "None", "interestIncome": "None", "interestExpense": "9365000", "nonInterestIncome": "None", "otherNonOperatingIncome": "2689000", "depreciation": "None", "depreciationAndAmortization": "24993000", "incomeBeforeTax": "-23380000", "incomeTaxExpense": "-3952000", "interestAndDebtExpense": "None", "netIncomeFromContinuingOperations": "-19428000", "comprehensiveIncomeNetOfTax": "None", "ebit": "-14015000", "ebitda": "10978000", "netIncome": "-19428000"}, {"fiscalDateEnding": "2017-12-31", "reportedCurrency": "USD", "grossProfit": "210402000", "totalRevenue": "326395000", "costOfRevenue": "115993000", "costofGoodsAndServicesSold": "115993000", "operatingIncome": "108037000", "sellingGeneralAndAdministrative": "22700000", "researchAndDevelopment": "30732000", "operatingExpenses": "102365000", "investmentIncomeNet": "None", "netInterestIncome": "None", "interestIncome": "None", "interestExpense": "8815000", "nonInterestIncome": "None", "otherNonOperatingIncome": "-300000", "depreciation": "None", "depreciationAndAmortization": "25452000", "incomeBeforeTax": "98922000", "incomeTaxExpense": "65758000", "interestAndDebtExpense": "None", "netIncomeFromContinuingOperations": "33164000", "comprehensiveIncomeNetOfTax": "None", "ebit": "107737000", "ebitda": "133189000", "netIncome": "33164000"}, {"fiscalDateEnding": "2017-09-30", "reportedCurrency": "USD", "grossProfit": "118342000", "totalRevenue": "225735000", "costOfRevenue": "107393000", "costofGoodsAndServicesSold": "107393000", "operatingIncome": "11423000", "sellingGeneralAndAdministrative": "25302000", "researchAndDevelopment": "33935000", "operatingExpenses": "106919000", "investmentIncomeNet": "None", "netInterestIncome": "None", "interestIncome": "None", "interestExpense": "9374000", "nonInterestIncome": "None", "otherNonOperatingIncome": "-894000", "depreciation": "None", "depreciationAndAmortization": "25553000", "incomeBeforeTax": "1155000", "incomeTaxExpense": "-2233000", "interestAndDebtExpense": "None", "netIncomeFromContinuingOperations": "3388000", "comprehensiveIncomeNetOfTax": "None", "ebit": "10529000", "ebitda": "36082000", "netIncome": "3388000"}, {"fiscalDateEnding": "2017-06-30", "reportedCurrency": "USD", "grossProfit": "120242000", "totalRevenue": "240599000", "costOfRevenue": "120357000", "costofGoodsAndServicesSold": "120357000", "operatingIncome": "-38443000", "sellingGeneralAndAdministrative": "72527000", "researchAndDevelopment": "34969000", "operatingExpenses": "158685000", "investmentIncomeNet": "None", "netInterestIncome": "None", "interestIncome": "None", "interestExpense": "10664000", "nonInterestIncome": "None", "otherNonOperatingIncome": "-1616000", "depreciation": "None", "depreciationAndAmortization": "25581000", "incomeBeforeTax": "-50723000", "incomeTaxExpense": "-20914000", "interestAndDebtExpense": "None", "netIncomeFromContinuingOperations": "-29809000", "comprehensiveIncomeNetOfTax": "None", "ebit": "-40059000", "ebitda": "-14478000", "netIncome": "-29809000"}, {"fiscalDateEnding": "2017-03-31", "reportedCurrency": "USD", "grossProfit": "122919000", "totalRevenue": "231462000", "costOfRevenue": "108543000", "costofGoodsAndServicesSold": "108543000", "operatingIncome": "3623000", "sellingGeneralAndAdministrative": "32503000", "researchAndDevelopment": "37285000", "operatingExpenses": "119296000", "investmentIncomeNet": "None", "netInterestIncome": "None", "interestIncome": "None", "interestExpense": "10160000", "nonInterestIncome": "None", "otherNonOperatingIncome": "755000", "depreciation": "None", "depreciationAndAmortization": "25638000", "incomeBeforeTax": "-5782000", "incomeTaxExpense": "-4174000", "interestAndDebtExpense": "None", "netIncomeFromContinuingOperations": "-1608000", "comprehensiveIncomeNetOfTax": "None", "ebit": "4378000", "ebitda": "30016000", "netIncome": "-1608000"}, {"fiscalDateEnding": "2016-12-31", "reportedCurrency": "USD", "grossProfit": "231901000", "totalRevenue": "342730000", "costOfRevenue": "110829000", "costofGoodsAndServicesSold": "110829000", "operatingIncome": "120343000", "sellingGeneralAndAdministrative": "21639000", "researchAndDevelopment": "37665000", "operatingExpenses": "111558000", "investmentIncomeNet": "None", "netInterestIncome": "None", "interestIncome": "None", "interestExpense": "10217000", "nonInterestIncome": "None", "otherNonOperatingIncome": "-264000", "depreciation": "None", "depreciationAndAmortization": "27616000", "incomeBeforeTax": "109862000", "incomeTaxExpense": "43171000", "interestAndDebtExpense": "None", "netIncomeFromContinuingOperations": "66735000", "comprehensiveIncomeNetOfTax": "None", "ebit": "120079000", "ebitda": "147695000", "netIncome": "66691000"}, {"fiscalDateEnding": "2016-09-30", "reportedCurrency": "USD", "grossProfit": "116708000", "totalRevenue": "216975000", "costOfRevenue": "100267000", "costofGoodsAndServicesSold": "100267000", "operatingIncome": "-9353000", "sellingGeneralAndAdministrative": "31390000", "researchAndDevelopment": "42210000", "operatingExpenses": "126061000", "investmentIncomeNet": "None", "netInterestIncome": "None", "interestIncome": "None", "interestExpense": "9838000", "nonInterestIncome": "None", "otherNonOperatingIncome": "2939000", "depreciation": "None", "depreciationAndAmortization": "24983000", "incomeBeforeTax": "-16252000", "incomeTaxExpense": "-6426000", "interestAndDebtExpense": "None", "netIncomeFromContinuingOperations": "-9826000", "comprehensiveIncomeNetOfTax": "None", "ebit": "-6414000", "ebitda": "18569000", "netIncome": "-9826000"}, {"fiscalDateEnding": "2016-06-30", "reportedCurrency": "USD", "grossProfit": "104546000", "totalRevenue": "219930000", "costOfRevenue": "115384000", "costofGoodsAndServicesSold": "115384000", "operatingIncome": "-26572000", "sellingGeneralAndAdministrative": "34437000", "researchAndDevelopment": "46358000", "operatingExpenses": "131118000", "investmentIncomeNet": "None", "netInterestIncome": "None", "interestIncome": "None", "interestExpense": "9715000", "nonInterestIncome": "None", "otherNonOperatingIncome": "2144000", "depreciation": "None", "depreciationAndAmortization": "24343000", "incomeBeforeTax": "-33916000", "incomeTaxExpense": "-17058000", "interestAndDebtExpense": "None", "netIncomeFromContinuingOperations": "-16858000", "comprehensiveIncomeNetOfTax": "None", "ebit": "-24428000", "ebitda": "-85000", "netIncome": "-16858000"}, {"fiscalDateEnding": "2016-03-31", "reportedCurrency": "USD", "grossProfit": "107632000", "totalRevenue": "226066000", "costOfRevenue": "118434000", "costofGoodsAndServicesSold": "118434000", "operatingIncome": "136712000", "sellingGeneralAndAdministrative": "25878000", "researchAndDevelopment": "43518000", "operatingExpenses": "-29080000", "investmentIncomeNet": "None", "netInterestIncome": "None", "interestIncome": "None", "interestExpense": "10414000", "nonInterestIncome": "None", "otherNonOperatingIncome": "-184000", "depreciation": "None", "depreciationAndAmortization": "26512000", "incomeBeforeTax": "126333000", "incomeTaxExpense": "36849000", "interestAndDebtExpense": "None", "netIncomeFromContinuingOperations": "89484000", "comprehensiveIncomeNetOfTax": "None", "ebit": "136528000", "ebitda": "163040000", "netIncome": "89144000"}, {"fiscalDateEnding": "2015-12-31", "reportedCurrency": "USD", "grossProfit": "191542000", "totalRevenue": "308637000", "costOfRevenue": "117095000", "costofGoodsAndServicesSold": "117095000", "operatingIncome": "73973000", "sellingGeneralAndAdministrative": "20552000", "researchAndDevelopment": "33285000", "operatingExpenses": "117569000", "investmentIncomeNet": "None", "netInterestIncome": "None", "interestIncome": "None", "interestExpense": "10198000", "nonInterestIncome": "None", "otherNonOperatingIncome": "-1152000", "depreciation": "None", "depreciationAndAmortization": "26583000", "incomeBeforeTax": "62623000", "incomeTaxExpense": "18856000", "interestAndDebtExpense": "None", "netIncomeFromContinuingOperations": "43767000", "comprehensiveIncomeNetOfTax": "None", "ebit": "72821000", "ebitda": "99404000", "netIncome": "43767000"}, {"fiscalDateEnding": "2015-09-30", "reportedCurrency": "USD", "grossProfit": "129042000", "totalRevenue": "238701000", "costOfRevenue": "109659000", "costofGoodsAndServicesSold": "109659000", "operatingIncome": "23886000", "sellingGeneralAndAdministrative": "20284000", "researchAndDevelopment": "36123000", "operatingExpenses": "105156000", "investmentIncomeNet": "None", "netInterestIncome": "None", "interestIncome": "None", "interestExpense": "9728000", "nonInterestIncome": "None", "otherNonOperatingIncome": "4408000", "depreciation": "None", "depreciationAndAmortization": "23655000", "incomeBeforeTax": "18566000", "incomeTaxExpense": "3786000", "interestAndDebtExpense": "None", "netIncomeFromContinuingOperations": "14780000", "comprehensiveIncomeNetOfTax": "None", "ebit": "28294000", "ebitda": "51949000", "netIncome": "14780000"}, {"fiscalDateEnding": "2015-06-30", "reportedCurrency": "USD", "grossProfit": "139399000", "totalRevenue": "265822000", "costOfRevenue": "126423000", "costofGoodsAndServicesSold": "126423000", "operatingIncome": "23664000", "sellingGeneralAndAdministrative": "25008000", "researchAndDevelopment": "39425000", "operatingExpenses": "115735000", "investmentIncomeNet": "None", "netInterestIncome": "None", "interestIncome": "None", "interestExpense": "10505000", "nonInterestIncome": "None", "otherNonOperatingIncome": "19717000", "depreciation": "None", "depreciationAndAmortization": "23581000", "incomeBeforeTax": "32876000", "incomeTaxExpense": "5825000", "interestAndDebtExpense": "None", "netIncomeFromContinuingOperations": "27051000", "comprehensiveIncomeNetOfTax": "None", "ebit": "43381000", "ebitda": "66962000", "netIncome": "27051000"}, {"fiscalDateEnding": "2015-03-31", "reportedCurrency": "USD", "grossProfit": "113695000", "totalRevenue": "232817000", "costOfRevenue": "119122000", "costofGoodsAndServicesSold": "119122000", "operatingIncome": "6425000", "sellingGeneralAndAdministrative": "21575000", "researchAndDevelopment": "37091000", "operatingExpenses": "107270000", "investmentIncomeNet": "None", "netInterestIncome": "None", "interestIncome": "None", "interestExpense": "10941000", "nonInterestIncome": "None", "otherNonOperatingIncome": "3824000", "depreciation": "None", "depreciationAndAmortization": "23612000", "incomeBeforeTax": "-692000", "incomeTaxExpense": "-530000", "interestAndDebtExpense": "None", "netIncomeFromContinuingOperations": "-162000", "comprehensiveIncomeNetOfTax": "None", "ebit": "10249000", "ebitda": "33861000", "netIncome": "-162000"}, {"fiscalDateEnding": "2014-12-31", "reportedCurrency": "USD", "grossProfit": "179335000", "totalRevenue": "290224000", "costOfRevenue": "110889000", "costofGoodsAndServicesSold": "110889000", "operatingIncome": "79271000", "sellingGeneralAndAdministrative": "19938000", "researchAndDevelopment": "31554000", "operatingExpenses": "100064000", "investmentIncomeNet": "None", "netInterestIncome": "None", "interestIncome": "None", "interestExpense": "10818000", "nonInterestIncome": "None", "otherNonOperatingIncome": "1247000", "depreciation": "None", "depreciationAndAmortization": "23409000", "incomeBeforeTax": "69700000", "incomeTaxExpense": "23334000", "interestAndDebtExpense": "None", "netIncomeFromContinuingOperations": "46366000", "comprehensiveIncomeNetOfTax": "None", "ebit": "80518000", "ebitda": "103927000", "netIncome": "46366000"}, {"fiscalDateEnding": "2014-09-30", "reportedCurrency": "USD", "grossProfit": "138892000", "totalRevenue": "249644000", "costOfRevenue": "110752000", "costofGoodsAndServicesSold": "110752000", "operatingIncome": "31869000", "sellingGeneralAndAdministrative": "25329000", "researchAndDevelopment": "36321000", "operatingExpenses": "107023000", "investmentIncomeNet": "None", "netInterestIncome": "None", "interestIncome": "None", "interestExpense": "10416000", "nonInterestIncome": "None", "otherNonOperatingIncome": "3712000", "depreciation": "None", "depreciationAndAmortization": "22125000", "incomeBeforeTax": "25165000", "incomeTaxExpense": "9433000", "interestAndDebtExpense": "None", "netIncomeFromContinuingOperations": "15732000", "comprehensiveIncomeNetOfTax": "None", "ebit": "35581000", "ebitda": "57706000", "netIncome": "15732000"}, {"fiscalDateEnding": "2014-06-30", "reportedCurrency": "USD", "grossProfit": "135316000", "totalRevenue": "254808000", "costOfRevenue": "119492000", "costofGoodsAndServicesSold": "119492000", "operatingIncome": "26741000", "sellingGeneralAndAdministrative": "24682000", "researchAndDevelopment": "38876000", "operatingExpenses": "108575000", "investmentIncomeNet": "None", "netInterestIncome": "None", "interestIncome": "None", "interestExpense": "9329000", "nonInterestIncome": "None", "otherNonOperatingIncome": "-3766000", "depreciation": "None", "depreciationAndAmortization": "20543000", "incomeBeforeTax": "13646000", "incomeTaxExpense": "2409000", "interestAndDebtExpense": "None", "netIncomeFromContinuingOperations": "11237000", "comprehensiveIncomeNetOfTax": "None", "ebit": "22975000", "ebitda": "43518000", "netIncome": "11237000"}, {"fiscalDateEnding": "2014-03-31", "reportedCurrency": "USD", "grossProfit": "107850000", "totalRevenue": "221473000", "costOfRevenue": "113623000", "costofGoodsAndServicesSold": "113623000", "operatingIncome": "291000", "sellingGeneralAndAdministrative": "25116000", "researchAndDevelopment": "37456000", "operatingExpenses": "107559000", "investmentIncomeNet": "None", "netInterestIncome": "None", "interestIncome": "None", "interestExpense": "9175000", "nonInterestIncome": "None", "otherNonOperatingIncome": "-858000", "depreciation": "None", "depreciationAndAmortization": "20606000", "incomeBeforeTax": "-9742000", "incomeTaxExpense": "-3967000", "interestAndDebtExpense": "None", "netIncomeFromContinuingOperations": "-5775000", "comprehensiveIncomeNetOfTax": "None", "ebit": "-567000", "ebitda": "20039000", "netIncome": "-5775000"}, {"fiscalDateEnding": "2013-12-31", "reportedCurrency": "USD", "grossProfit": "182690000", "totalRevenue": "283162000", "costOfRevenue": "100472000", "costofGoodsAndServicesSold": "100472000", "operatingIncome": "85980000", "sellingGeneralAndAdministrative": "23557000", "researchAndDevelopment": "33375000", "operatingExpenses": "96710000", "investmentIncomeNet": "None", "netInterestIncome": "None", "interestIncome": "None", "interestExpense": "9818000", "nonInterestIncome": "None", "otherNonOperatingIncome": "-1663000", "depreciation": "None", "depreciationAndAmortization": "20184000", "incomeBeforeTax": "74499000", "incomeTaxExpense": "24108000", "interestAndDebtExpense": "None", "netIncomeFromContinuingOperations": "50391000", "comprehensiveIncomeNetOfTax": "None", "ebit": "84317000", "ebitda": "104501000", "netIncome": "50391000"}, {"fiscalDateEnding": "2013-09-30", "reportedCurrency": "USD", "grossProfit": "127103000", "totalRevenue": "213939000", "costOfRevenue": "86836000", "costofGoodsAndServicesSold": "86836000", "operatingIncome": "29555000", "sellingGeneralAndAdministrative": "24559000", "researchAndDevelopment": "33642000", "operatingExpenses": "97548000", "investmentIncomeNet": "None", "netInterestIncome": "None", "interestIncome": "None", "interestExpense": "7453000", "nonInterestIncome": "None", "otherNonOperatingIncome": "-2993000", "depreciation": "None", "depreciationAndAmortization": "18677000", "incomeBeforeTax": "19109000", "incomeTaxExpense": "5347000", "interestAndDebtExpense": "None", "netIncomeFromContinuingOperations": "13762000", "comprehensiveIncomeNetOfTax": "None", "ebit": "26562000", "ebitda": "45239000", "netIncome": "13762000"}, {"fiscalDateEnding": "2013-06-30", "reportedCurrency": "USD", "grossProfit": "117088000", "totalRevenue": "205830000", "costOfRevenue": "88742000", "costofGoodsAndServicesSold": "88742000", "operatingIncome": "11522000", "sellingGeneralAndAdministrative": "26147000", "researchAndDevelopment": "38391000", "operatingExpenses": "105566000", "investmentIncomeNet": "None", "netInterestIncome": "None", "interestIncome": "None", "interestExpense": "6053000", "nonInterestIncome": "None", "otherNonOperatingIncome": "-1308000", "depreciation": "None", "depreciationAndAmortization": "16920000", "incomeBeforeTax": "4161000", "incomeTaxExpense": "2280000", "interestAndDebtExpense": "None", "netIncomeFromContinuingOperations": "1881000", "comprehensiveIncomeNetOfTax": "None", "ebit": "10214000", "ebitda": "27134000", "netIncome": "1881000"}, {"fiscalDateEnding": "2013-03-31", "reportedCurrency": "USD", "grossProfit": "94208000", "totalRevenue": "161997000", "costOfRevenue": "67789000", "costofGoodsAndServicesSold": "67789000", "operatingIncome": "-4009000", "sellingGeneralAndAdministrative": "25037000", "researchAndDevelopment": "37149000", "operatingExpenses": "98217000", "investmentIncomeNet": "None", "netInterestIncome": "None", "interestIncome": "None", "interestExpense": "3897000", "nonInterestIncome": "None", "otherNonOperatingIncome": "3296000", "depreciation": "None", "depreciationAndAmortization": "14186000", "incomeBeforeTax": "-4610000", "incomeTaxExpense": "-2444000", "interestAndDebtExpense": "None", "netIncomeFromContinuingOperations": "-2166000", "comprehensiveIncomeNetOfTax": "None", "ebit": "-713000", "ebitda": "13473000", "netIncome": "-2166000"}, {"fiscalDateEnding": "2012-12-31", "reportedCurrency": "USD", "grossProfit": "163625000", "totalRevenue": "224095000", "costOfRevenue": "60470000", "costofGoodsAndServicesSold": "60470000", "operatingIncome": "75535000", "sellingGeneralAndAdministrative": "21616000", "researchAndDevelopment": "33586000", "operatingExpenses": "88090000", "investmentIncomeNet": "None", "netInterestIncome": "None", "interestIncome": "None", "interestExpense": "3031000", "nonInterestIncome": "None", "otherNonOperatingIncome": "1507000", "depreciation": "None", "depreciationAndAmortization": "13948000", "incomeBeforeTax": "74011000", "incomeTaxExpense": "24347000", "interestAndDebtExpense": "None", "netIncomeFromContinuingOperations": "49664000", "comprehensiveIncomeNetOfTax": "None", "ebit": "77042000", "ebitda": "90990000", "netIncome": "49664000"}, {"fiscalDateEnding": "2012-09-30", "reportedCurrency": "USD", "grossProfit": "97244000", "totalRevenue": "155062000", "costOfRevenue": "57818000", "costofGoodsAndServicesSold": "57818000", "operatingIncome": "8308000", "sellingGeneralAndAdministrative": "24533000", "researchAndDevelopment": "34213000", "operatingExpenses": "88936000", "investmentIncomeNet": "None", "netInterestIncome": "None", "interestIncome": "None", "interestExpense": "2620000", "nonInterestIncome": "None", "otherNonOperatingIncome": "-1208000", "depreciation": "None", "depreciationAndAmortization": "13500000", "incomeBeforeTax": "4480000", "incomeTaxExpense": "-1175000", "interestAndDebtExpense": "None", "netIncomeFromContinuingOperations": "5655000", "comprehensiveIncomeNetOfTax": "None", "ebit": "7100000", "ebitda": "20600000", "netIncome": "5655000"}, {"fiscalDateEnding": "2012-06-30", "reportedCurrency": "USD", "grossProfit": "88264000", "totalRevenue": "149797000", "costOfRevenue": "61533000", "costofGoodsAndServicesSold": "61533000", "operatingIncome": "-7858000", "sellingGeneralAndAdministrative": "28236000", "researchAndDevelopment": "35027000", "operatingExpenses": "96122000", "investmentIncomeNet": "None", "netInterestIncome": "None", "interestIncome": "None", "interestExpense": "2875000", "nonInterestIncome": "None", "otherNonOperatingIncome": "-113000", "depreciation": "None", "depreciationAndAmortization": "13138000", "incomeBeforeTax": "-10846000", "incomeTaxExpense": "-6195000", "interestAndDebtExpense": "None", "netIncomeFromContinuingOperations": "-4651000", "comprehensiveIncomeNetOfTax": "None", "ebit": "-7971000", "ebitda": "5167000", "netIncome": "-4651000"}, {"fiscalDateEnding": "2012-03-31", "reportedCurrency": "USD", "grossProfit": "91802000", "totalRevenue": "137625000", "costOfRevenue": "45823000", "costofGoodsAndServicesSold": "45823000", "operatingIncome": "-1613000", "sellingGeneralAndAdministrative": "34362000", "researchAndDevelopment": "30933000", "operatingExpenses": "93415000", "investmentIncomeNet": "None", "netInterestIncome": "None", "interestIncome": "None", "interestExpense": "1891000", "nonInterestIncome": "None", "otherNonOperatingIncome": "1127000", "depreciation": "None", "depreciationAndAmortization": "10195000", "incomeBeforeTax": "-2377000", "incomeTaxExpense": "-555000", "interestAndDebtExpense": "None", "netIncomeFromContinuingOperations": "-1822000", "comprehensiveIncomeNetOfTax": "None", "ebit": "-486000", "ebitda": "9709000", "netIncome": "-1822000"}, {"fiscalDateEnding": "2011-12-31", "reportedCurrency": "USD", "grossProfit": "103515000", "totalRevenue": "135037000", "costOfRevenue": "31522000", "costofGoodsAndServicesSold": "31522000", "operatingIncome": "37043000", "sellingGeneralAndAdministrative": "20191000", "researchAndDevelopment": "20781000", "operatingExpenses": "66472000", "investmentIncomeNet": "None", "netInterestIncome": "None", "interestIncome": "None", "interestExpense": "1008000", "nonInterestIncome": "None", "otherNonOperatingIncome": "-38000", "depreciation": "None", "depreciationAndAmortization": "7035000", "incomeBeforeTax": "35997000", "incomeTaxExpense": "12106000", "interestAndDebtExpense": "None", "netIncomeFromContinuingOperations": "23891000", "comprehensiveIncomeNetOfTax": "None", "ebit": "37005000", "ebitda": "44040000", "netIncome": "23891000"}, {"fiscalDateEnding": "2011-09-30", "reportedCurrency": "USD", "grossProfit": "78390000", "totalRevenue": "112149000", "costOfRevenue": "33759000", "costofGoodsAndServicesSold": "33759000", "operatingIncome": "11268000", "sellingGeneralAndAdministrative": "19068000", "researchAndDevelopment": "22481000", "operatingExpenses": "67122000", "investmentIncomeNet": "None", "netInterestIncome": "None", "interestIncome": "None", "interestExpense": "406000", "nonInterestIncome": "None", "otherNonOperatingIncome": "159000", "depreciation": "None", "depreciationAndAmortization": "7221000", "incomeBeforeTax": "11021000", "incomeTaxExpense": "482000", "interestAndDebtExpense": "None", "netIncomeFromContinuingOperations": "10539000", "comprehensiveIncomeNetOfTax": "None", "ebit": "11427000", "ebitda": "18648000", "netIncome": "10539000"}, {"fiscalDateEnding": "2011-06-30", "reportedCurrency": "USD", "grossProfit": "77412000", "totalRevenue": "113366000", "costOfRevenue": "35954000", "costofGoodsAndServicesSold": "35954000", "operatingIncome": "10422000", "sellingGeneralAndAdministrative": "15804000", "researchAndDevelopment": "23784000", "operatingExpenses": "66990000", "investmentIncomeNet": "None", "netInterestIncome": "None", "interestIncome": "None", "interestExpense": "374000", "nonInterestIncome": "None", "otherNonOperatingIncome": "456000", "depreciation": "None", "depreciationAndAmortization": "7302000", "incomeBeforeTax": "10504000", "incomeTaxExpense": "704000", "interestAndDebtExpense": "None", "netIncomeFromContinuingOperations": "9800000", "comprehensiveIncomeNetOfTax": "None", "ebit": "10878000", "ebitda": "18180000", "netIncome": "9800000"}, {"fiscalDateEnding": "2011-03-31", "reportedCurrency": "USD", "grossProfit": "71494000", "totalRevenue": "104543000", "costOfRevenue": "33049000", "costofGoodsAndServicesSold": "33049000", "operatingIncome": "7498000", "sellingGeneralAndAdministrative": "16362000", "researchAndDevelopment": "23130000", "operatingExpenses": "63996000", "investmentIncomeNet": "None", "netInterestIncome": "None", "interestIncome": "None", "interestExpense": "643000", "nonInterestIncome": "None", "otherNonOperatingIncome": "-64000", "depreciation": "None", "depreciationAndAmortization": "6819000", "incomeBeforeTax": "6791000", "incomeTaxExpense": "5169000", "interestAndDebtExpense": "None", "netIncomeFromContinuingOperations": "1622000", "comprehensiveIncomeNetOfTax": "None", "ebit": "7434000", "ebitda": "14253000", "netIncome": "1622000"}, {"fiscalDateEnding": "2010-12-31", "reportedCurrency": "USD", "grossProfit": "106938000", "totalRevenue": "141241000", "costOfRevenue": "34303000", "costofGoodsAndServicesSold": "34303000", "operatingIncome": "42799000", "sellingGeneralAndAdministrative": "20558000", "researchAndDevelopment": "18717000", "operatingExpenses": "64139000", "investmentIncomeNet": "None", "netInterestIncome": "None", "interestIncome": "None", "interestExpense": "514000", "nonInterestIncome": "None", "otherNonOperatingIncome": "None", "depreciation": "None", "depreciationAndAmortization": "6569000", "incomeBeforeTax": "42352000", "incomeTaxExpense": "15254000", "interestAndDebtExpense": "None", "netIncomeFromContinuingOperations": "0", "comprehensiveIncomeNetOfTax": "None", "ebit": "42866000", "ebitda": "49435000", "netIncome": "27098000"}, {"fiscalDateEnding": "2010-09-30", "reportedCurrency": "USD", "grossProfit": "64973000", "totalRevenue": "97017000", "costOfRevenue": "32044000", "costofGoodsAndServicesSold": "32044000", "operatingIncome": "7388000", "sellingGeneralAndAdministrative": "16341000", "researchAndDevelopment": "18165000", "operatingExpenses": "57585000", "investmentIncomeNet": "None", "netInterestIncome": "None", "interestIncome": "None", "interestExpense": "418000", "nonInterestIncome": "None", "otherNonOperatingIncome": "-1371000", "depreciation": "None", "depreciationAndAmortization": "6652000", "incomeBeforeTax": "5599000", "incomeTaxExpense": "3263000", "interestAndDebtExpense": "None", "netIncomeFromContinuingOperations": "2336000", "comprehensiveIncomeNetOfTax": "None", "ebit": "6017000", "ebitda": "12669000", "netIncome": "2336000"}, {"fiscalDateEnding": "2010-06-30", "reportedCurrency": "USD", "grossProfit": "60013000", "totalRevenue": "92423000", "costOfRevenue": "32410000", "costofGoodsAndServicesSold": "32410000", "operatingIncome": "4366000", "sellingGeneralAndAdministrative": "15735000", "researchAndDevelopment": "18798000", "operatingExpenses": "55647000", "investmentIncomeNet": "None", "netInterestIncome": "None", "interestIncome": "None", "interestExpense": "541000", "nonInterestIncome": "None", "otherNonOperatingIncome": "-1556000", "depreciation": "None", "depreciationAndAmortization": "6635000", "incomeBeforeTax": "2269000", "incomeTaxExpense": "2419000", "interestAndDebtExpense": "None", "netIncomeFromContinuingOperations": "-150000", "comprehensiveIncomeNetOfTax": "None", "ebit": "2810000", "ebitda": "9445000", "netIncome": "-150000"}, {"fiscalDateEnding": "2010-03-31", "reportedCurrency": "USD", "grossProfit": "56777000", "totalRevenue": "87743000", "costOfRevenue": "30966000", "costofGoodsAndServicesSold": "30966000", "operatingIncome": "-905000", "sellingGeneralAndAdministrative": "17462000", "researchAndDevelopment": "18396000", "operatingExpenses": "57682000", "investmentIncomeNet": "None", "netInterestIncome": "None", "interestIncome": "None", "interestExpense": "523000", "nonInterestIncome": "None", "otherNonOperatingIncome": "None", "depreciation": "None", "depreciationAndAmortization": "6491000", "incomeBeforeTax": "-1518000", "incomeTaxExpense": "571000", "interestAndDebtExpense": "None", "netIncomeFromContinuingOperations": "0", "comprehensiveIncomeNetOfTax": "None", "ebit": "-995000", "ebitda": "5496000", "netIncome": "-2089000"}, {"fiscalDateEnding": "2009-12-31", "reportedCurrency": "USD", "grossProfit": "92336000", "totalRevenue": "125911000", "costOfRevenue": "33575000", "costofGoodsAndServicesSold": "33575000", "operatingIncome": "34970000", "sellingGeneralAndAdministrative": "17811000", "researchAndDevelopment": "18530000", "operatingExpenses": "57366000", "investmentIncomeNet": "None", "netInterestIncome": "None", "interestIncome": "None", "interestExpense": "1073000", "nonInterestIncome": "None", "otherNonOperatingIncome": "None", "depreciation": "None", "depreciationAndAmortization": "6250000", "incomeBeforeTax": "32146000", "incomeTaxExpense": "12585000", "interestAndDebtExpense": "None", "netIncomeFromContinuingOperations": "0", "comprehensiveIncomeNetOfTax": "None", "ebit": "33219000", "ebitda": "39469000", "netIncome": "19561000"}, {"fiscalDateEnding": "2009-09-30", "reportedCurrency": "USD", "grossProfit": "72566000", "totalRevenue": "104461000", "costOfRevenue": "31895000", "costofGoodsAndServicesSold": "31895000", "operatingIncome": "11943000", "sellingGeneralAndAdministrative": "21064000", "researchAndDevelopment": "20071000", "operatingExpenses": "60623000", "investmentIncomeNet": "None", "netInterestIncome": "None", "interestIncome": "None", "interestExpense": "488000", "nonInterestIncome": "None", "otherNonOperatingIncome": "None", "depreciation": "None", "depreciationAndAmortization": "6007000", "incomeBeforeTax": "11588000", "incomeTaxExpense": "3829000", "interestAndDebtExpense": "None", "netIncomeFromContinuingOperations": "0", "comprehensiveIncomeNetOfTax": "None", "ebit": "12076000", "ebitda": "18083000", "netIncome": "7759000"}, {"fiscalDateEnding": "2009-06-30", "reportedCurrency": "USD", "grossProfit": "55382000", "totalRevenue": "87170000", "costOfRevenue": "31788000", "costofGoodsAndServicesSold": "31788000", "operatingIncome": "-3236000", "sellingGeneralAndAdministrative": "18865000", "researchAndDevelopment": "19932000", "operatingExpenses": "58618000", "investmentIncomeNet": "None", "netInterestIncome": "None", "interestIncome": "None", "interestExpense": "526000", "nonInterestIncome": "None", "otherNonOperatingIncome": "None", "depreciation": "None", "depreciationAndAmortization": "5729000", "incomeBeforeTax": "-6931000", "incomeTaxExpense": "-3369000", "interestAndDebtExpense": "None", "netIncomeFromContinuingOperations": "0", "comprehensiveIncomeNetOfTax": "None", "ebit": "-6405000", "ebitda": "-676000", "netIncome": "-3562000"}, {"fiscalDateEnding": "2009-03-31", "reportedCurrency": "USD", "grossProfit": "57824000", "totalRevenue": "88213000", "costOfRevenue": "30389000", "costofGoodsAndServicesSold": "30389000", "operatingIncome": "-2107000", "sellingGeneralAndAdministrative": "21504000", "researchAndDevelopment": "18973000", "operatingExpenses": "59931000", "investmentIncomeNet": "None", "netInterestIncome": "None", "interestIncome": "None", "interestExpense": "769000", "nonInterestIncome": "None", "otherNonOperatingIncome": "None", "depreciation": "None", "depreciationAndAmortization": "5741000", "incomeBeforeTax": "-3695000", "incomeTaxExpense": "437000", "interestAndDebtExpense": "None", "netIncomeFromContinuingOperations": "0", "comprehensiveIncomeNetOfTax": "None", "ebit": "-2926000", "ebitda": "2815000", "netIncome": "-4132000"}, {"fiscalDateEnding": "2008-12-31", "reportedCurrency": "USD", "grossProfit": "71465000", "totalRevenue": "107283000", "costOfRevenue": "35818000", "costofGoodsAndServicesSold": "35818000", "operatingIncome": "18008000", "sellingGeneralAndAdministrative": "44201000", "researchAndDevelopment": "9256000", "operatingExpenses": "53457000", "investmentIncomeNet": "None", "netInterestIncome": "None", "interestIncome": "None", "interestExpense": "1460000", "nonInterestIncome": "None", "otherNonOperatingIncome": "None", "depreciation": "None", "depreciationAndAmortization": "5347000", "incomeBeforeTax": "22398000", "incomeTaxExpense": "10901000", "interestAndDebtExpense": "None", "netIncomeFromContinuingOperations": "0", "comprehensiveIncomeNetOfTax": "None", "ebit": "28864000", "ebitda": "34211000", "netIncome": "11497000"}, {"fiscalDateEnding": "2008-09-30", "reportedCurrency": "USD", "grossProfit": "63277000", "totalRevenue": "108560000", "costOfRevenue": "45283000", "costofGoodsAndServicesSold": "45283000", "operatingIncome": "2958000", "sellingGeneralAndAdministrative": "30379000", "researchAndDevelopment": "11393000", "operatingExpenses": "60319000", "investmentIncomeNet": "None", "netInterestIncome": "None", "interestIncome": "None", "interestExpense": "1149000", "nonInterestIncome": "None", "otherNonOperatingIncome": "None", "depreciation": "None", "depreciationAndAmortization": "5620000", "incomeBeforeTax": "3376000", "incomeTaxExpense": "1659000", "interestAndDebtExpense": "None", "netIncomeFromContinuingOperations": "0", "comprehensiveIncomeNetOfTax": "None", "ebit": "2958000", "ebitda": "8578000", "netIncome": "1717000"}, {"fiscalDateEnding": "2008-06-30", "reportedCurrency": "USD", "grossProfit": "61209000", "totalRevenue": "109219000", "costOfRevenue": "48010000", "costofGoodsAndServicesSold": "48010000", "operatingIncome": "1259000", "sellingGeneralAndAdministrative": "24515000", "researchAndDevelopment": "12694000", "operatingExpenses": "59950000", "investmentIncomeNet": "None", "netInterestIncome": "None", "interestIncome": "None", "interestExpense": "1038000", "nonInterestIncome": "None", "otherNonOperatingIncome": "None", "depreciation": "None", "depreciationAndAmortization": "5614000", "incomeBeforeTax": "3257000", "incomeTaxExpense": "2429000", "interestAndDebtExpense": "None", "netIncomeFromContinuingOperations": "0", "comprehensiveIncomeNetOfTax": "None", "ebit": "1259000", "ebitda": "6873000", "netIncome": "828000"}, {"fiscalDateEnding": "2008-03-31", "reportedCurrency": "USD", "grossProfit": "60448000", "totalRevenue": "92591000", "costOfRevenue": "30215000", "costofGoodsAndServicesSold": "30215000", "operatingIncome": "-2076000", "sellingGeneralAndAdministrative": "22680000", "researchAndDevelopment": "12553000", "operatingExpenses": "62524000", "investmentIncomeNet": "None", "netInterestIncome": "None", "interestIncome": "None", "interestExpense": "1366000", "nonInterestIncome": "None", "otherNonOperatingIncome": "None", "depreciation": "None", "depreciationAndAmortization": "5469000", "incomeBeforeTax": "-1475000", "incomeTaxExpense": "1985000", "interestAndDebtExpense": "None", "netIncomeFromContinuingOperations": "0", "comprehensiveIncomeNetOfTax": "None", "ebit": "-1673000", "ebitda": "3796000", "netIncome": "-3460000"}, {"fiscalDateEnding": "2007-12-31", "reportedCurrency": "USD", "grossProfit": "66379000", "totalRevenue": "101282000", "costOfRevenue": "34903000", "costofGoodsAndServicesSold": "34903000", "operatingIncome": "2852000", "sellingGeneralAndAdministrative": "26443000", "researchAndDevelopment": "16411000", "operatingExpenses": "63527000", "investmentIncomeNet": "None", "netInterestIncome": "None", "interestIncome": "None", "interestExpense": "1389000", "nonInterestIncome": "None", "otherNonOperatingIncome": "None", "depreciation": "None", "depreciationAndAmortization": "5304000", "incomeBeforeTax": "1892000", "incomeTaxExpense": "3908000", "interestAndDebtExpense": "None", "netIncomeFromContinuingOperations": "None", "comprehensiveIncomeNetOfTax": "None", "ebit": "2852000", "ebitda": "8156000", "netIncome": "-2016000"}, {"fiscalDateEnding": "2007-09-30", "reportedCurrency": "USD", "grossProfit": "49653000", "totalRevenue": "84872000", "costOfRevenue": "35219000", "costofGoodsAndServicesSold": "35219000", "operatingIncome": "-7639000", "sellingGeneralAndAdministrative": "42652000", "researchAndDevelopment": "14640000", "operatingExpenses": "57292000", "investmentIncomeNet": "None", "netInterestIncome": "None", "interestIncome": "None", "interestExpense": "2156000", "nonInterestIncome": "None", "otherNonOperatingIncome": "None", "depreciation": "None", "depreciationAndAmortization": "5354000", "incomeBeforeTax": "-10129000", "incomeTaxExpense": "-1514000", "interestAndDebtExpense": "None", "netIncomeFromContinuingOperations": "0", "comprehensiveIncomeNetOfTax": "None", "ebit": "-7639000", "ebitda": "-2285000", "netIncome": "-8615000"}, {"fiscalDateEnding": "2007-06-30", "reportedCurrency": "USD", "grossProfit": "49653000", "totalRevenue": "98109000", "costOfRevenue": "35219000", "costofGoodsAndServicesSold": "35219000", "operatingIncome": "-7639000", "sellingGeneralAndAdministrative": "26190000", "researchAndDevelopment": "13422000", "operatingExpenses": "57292000", "investmentIncomeNet": "None", "netInterestIncome": "None", "interestIncome": "None", "interestExpense": "1597000", "nonInterestIncome": "None", "otherNonOperatingIncome": "None", "depreciation": "None", "depreciationAndAmortization": "4962000", "incomeBeforeTax": "2858000", "incomeTaxExpense": "5581000", "interestAndDebtExpense": "None", "netIncomeFromContinuingOperations": "0", "comprehensiveIncomeNetOfTax": "None", "ebit": "-7639000", "ebitda": "-2677000", "netIncome": "-2723000"}, {"fiscalDateEnding": "2007-03-31", "reportedCurrency": "USD", "grossProfit": "58931000", "totalRevenue": "93289000", "costOfRevenue": "34358000", "costofGoodsAndServicesSold": "34358000", "operatingIncome": "4965000", "sellingGeneralAndAdministrative": "23831000", "researchAndDevelopment": "11985000", "operatingExpenses": "53966000", "investmentIncomeNet": "None", "netInterestIncome": "None", "interestIncome": "None", "interestExpense": "1460000", "nonInterestIncome": "None", "otherNonOperatingIncome": "None", "depreciation": "None", "depreciationAndAmortization": "4962000", "incomeBeforeTax": "4097000", "incomeTaxExpense": "1476000", "interestAndDebtExpense": "None", "netIncomeFromContinuingOperations": "0", "comprehensiveIncomeNetOfTax": "None", "ebit": "4965000", "ebitda": "9927000", "netIncome": "2621000"}, {"fiscalDateEnding": "2006-12-31", "reportedCurrency": "USD", "grossProfit": "58931000", "totalRevenue": "93289000", "costOfRevenue": "34358000", "costofGoodsAndServicesSold": "34358000", "operatingIncome": "4965000", "sellingGeneralAndAdministrative": "41981000", "researchAndDevelopment": "11985000", "operatingExpenses": "53966000", "investmentIncomeNet": "None", "netInterestIncome": "None", "interestIncome": "None", "interestExpense": "1460000", "nonInterestIncome": "None", "otherNonOperatingIncome": "None", "depreciation": "None", "depreciationAndAmortization": "4962000", "incomeBeforeTax": "4097000", "incomeTaxExpense": "1476000", "interestAndDebtExpense": "None", "netIncomeFromContinuingOperations": "0", "comprehensiveIncomeNetOfTax": "None", "ebit": "4965000", "ebitda": "9927000", "netIncome": "2621000"}, {"fiscalDateEnding": "2006-09-30", "reportedCurrency": "USD", "grossProfit": "59151000", "totalRevenue": "88230000", "costOfRevenue": "29079000", "costofGoodsAndServicesSold": "29079000", "operatingIncome": "2541000", "sellingGeneralAndAdministrative": "37313000", "researchAndDevelopment": "10847000", "operatingExpenses": "56610000", "investmentIncomeNet": "None", "netInterestIncome": "None", "interestIncome": "None", "interestExpense": "59000", "nonInterestIncome": "None", "otherNonOperatingIncome": "None", "depreciation": "None", "depreciationAndAmortization": "2383000", "incomeBeforeTax": "3849000", "incomeTaxExpense": "1968000", "interestAndDebtExpense": "None", "netIncomeFromContinuingOperations": "0", "comprehensiveIncomeNetOfTax": "None", "ebit": "2541000", "ebitda": "4924000", "netIncome": "1881000"}, {"fiscalDateEnding": "2006-06-30", "reportedCurrency": "USD", "grossProfit": "57484000", "totalRevenue": "84764000", "costOfRevenue": "27280000", "costofGoodsAndServicesSold": "27280000", "operatingIncome": "15520000", "sellingGeneralAndAdministrative": "15877000", "researchAndDevelopment": "10191000", "operatingExpenses": "41964000", "investmentIncomeNet": "None", "netInterestIncome": "None", "interestIncome": "None", "interestExpense": "10000", "nonInterestIncome": "None", "otherNonOperatingIncome": "None", "depreciation": "None", "depreciationAndAmortization": "2075000", "incomeBeforeTax": "16924000", "incomeTaxExpense": "-6384000", "interestAndDebtExpense": "None", "netIncomeFromContinuingOperations": "0", "comprehensiveIncomeNetOfTax": "None", "ebit": "15520000", "ebitda": "17595000", "netIncome": "22529000"}, {"fiscalDateEnding": "2006-03-31", "reportedCurrency": "USD", "grossProfit": "63272000", "totalRevenue": "89833000", "costOfRevenue": "26561000", "costofGoodsAndServicesSold": "26561000", "operatingIncome": "21202000", "sellingGeneralAndAdministrative": "15563000", "researchAndDevelopment": "9978000", "operatingExpenses": "42070000", "investmentIncomeNet": "None", "netInterestIncome": "None", "interestIncome": "None", "interestExpense": "87000", "nonInterestIncome": "None", "otherNonOperatingIncome": "None", "depreciation": "None", "depreciationAndAmortization": "1990000", "incomeBeforeTax": "23055000", "incomeTaxExpense": "8069000", "interestAndDebtExpense": "None", "netIncomeFromContinuingOperations": "0", "comprehensiveIncomeNetOfTax": "None", "ebit": "21202000", "ebitda": "23192000", "netIncome": "14986000"}, {"fiscalDateEnding": "2005-12-31", "reportedCurrency": "USD", "grossProfit": "57249000", "totalRevenue": "85075000", "costOfRevenue": "27826000", "costofGoodsAndServicesSold": "27826000", "operatingIncome": "14515000", "sellingGeneralAndAdministrative": "16970000", "researchAndDevelopment": "9752000", "operatingExpenses": "42734000", "investmentIncomeNet": "None", "netInterestIncome": "None", "interestIncome": "None", "interestExpense": "29000", "nonInterestIncome": "None", "otherNonOperatingIncome": "None", "depreciation": "None", "depreciationAndAmortization": "1913000", "incomeBeforeTax": "17047000", "incomeTaxExpense": "1857000", "interestAndDebtExpense": "None", "netIncomeFromContinuingOperations": "0", "comprehensiveIncomeNetOfTax": "None", "ebit": "14515000", "ebitda": "16428000", "netIncome": "15190000"}, {"fiscalDateEnding": "2005-09-30", "reportedCurrency": "USD", "grossProfit": "53944000", "totalRevenue": "79002000", "costOfRevenue": "25058000", "costofGoodsAndServicesSold": "25058000", "operatingIncome": "11141000", "sellingGeneralAndAdministrative": "32959000", "researchAndDevelopment": "9844000", "operatingExpenses": "42803000", "investmentIncomeNet": "None", "netInterestIncome": "None", "interestIncome": "None", "interestExpense": "103000", "nonInterestIncome": "None", "otherNonOperatingIncome": "None", "depreciation": "None", "depreciationAndAmortization": "1597000", "incomeBeforeTax": "11918000", "incomeTaxExpense": "2783000", "interestAndDebtExpense": "None", "netIncomeFromContinuingOperations": "0", "comprehensiveIncomeNetOfTax": "None", "ebit": "11141000", "ebitda": "12738000", "netIncome": "9135000"}]}