{"symbol": "AHG", "annualReports": [{"fiscalDateEnding": "2025-03-31", "reportedCurrency": "USD", "grossProfit": "-281526", "totalRevenue": "14777798", "costOfRevenue": "15059324", "costofGoodsAndServicesSold": "15059324", "operatingIncome": "-166304352", "sellingGeneralAndAdministrative": "3641446", "researchAndDevelopment": "None", "operatingExpenses": "166022826", "investmentIncomeNet": "None", "netInterestIncome": "None", "interestIncome": "None", "interestExpense": "None", "nonInterestIncome": "None", "otherNonOperatingIncome": "None", "depreciation": "None", "depreciationAndAmortization": "2149790", "incomeBeforeTax": "-166270279", "incomeTaxExpense": "-30801146", "interestAndDebtExpense": "None", "netIncomeFromContinuingOperations": "-135469133", "comprehensiveIncomeNetOfTax": "None", "ebit": "-3922972", "ebitda": "-1773182", "netIncome": "-134977369"}, {"fiscalDateEnding": "2024-03-31", "reportedCurrency": "USD", "grossProfit": "122132", "totalRevenue": "2414338", "costOfRevenue": "2292206", "costofGoodsAndServicesSold": "2292206", "operatingIncome": "-8638040", "sellingGeneralAndAdministrative": "8591751", "researchAndDevelopment": "3.76", "operatingExpenses": "8760172", "investmentIncomeNet": "None", "netInterestIncome": "0", "interestIncome": "None", "interestExpense": "0", "nonInterestIncome": "None", "otherNonOperatingIncome": "None", "depreciation": "None", "depreciationAndAmortization": "138240", "incomeBeforeTax": "-9091791", "incomeTaxExpense": "24988", "interestAndDebtExpense": "None", "netIncomeFromContinuingOperations": "-9116779", "comprehensiveIncomeNetOfTax": "None", "ebit": "-9219141", "ebitda": "-8638040", "netIncome": "-9458784"}, {"fiscalDateEnding": "2023-03-31", "reportedCurrency": "USD", "grossProfit": "1268990", "totalRevenue": "13181561", "costOfRevenue": "11912571", "costofGoodsAndServicesSold": "11912571", "operatingIncome": "-14266853", "sellingGeneralAndAdministrative": "15529182", "researchAndDevelopment": "421186", "operatingExpenses": "15535843", "investmentIncomeNet": "None", "netInterestIncome": "0", "interestIncome": "None", "interestExpense": "804138", "nonInterestIncome": "None", "otherNonOperatingIncome": "None", "depreciation": "None", "depreciationAndAmortization": "18390", "incomeBeforeTax": "-13066489", "incomeTaxExpense": "17549", "interestAndDebtExpense": "None", "netIncomeFromContinuingOperations": "-13084038", "comprehensiveIncomeNetOfTax": "None", "ebit": "-3204143", "ebitda": "-14266853", "netIncome": "-1359923"}, {"fiscalDateEnding": "2022-03-31", "reportedCurrency": "USD", "grossProfit": "916226", "totalRevenue": "6311092", "costOfRevenue": "5394866", "costofGoodsAndServicesSold": "5394866", "operatingIncome": "-15133616", "sellingGeneralAndAdministrative": "15387729", "researchAndDevelopment": "421186", "operatingExpenses": "16049842", "investmentIncomeNet": "None", "netInterestIncome": "-804138", "interestIncome": "None", "interestExpense": "804138", "nonInterestIncome": "None", "otherNonOperatingIncome": "None", "depreciation": "None", "depreciationAndAmortization": "-762156", "incomeBeforeTax": "-16718300", "incomeTaxExpense": "131433", "interestAndDebtExpense": "None", "netIncomeFromContinuingOperations": "-16849733", "comprehensiveIncomeNetOfTax": "None", "ebit": "-15133616", "ebitda": "-15895772", "netIncome": "-16849733"}, {"fiscalDateEnding": "2021-03-31", "reportedCurrency": "USD", "grossProfit": "1210363", "totalRevenue": "1754935", "costOfRevenue": "544572", "costofGoodsAndServicesSold": "544572", "operatingIncome": "-27149727", "sellingGeneralAndAdministrative": "2031159", "researchAndDevelopment": "441405", "operatingExpenses": "28360090", "investmentIncomeNet": "None", "netInterestIncome": "-2154621", "interestIncome": "None", "interestExpense": "2154621", "nonInterestIncome": "None", "otherNonOperatingIncome": "None", "depreciation": "None", "depreciationAndAmortization": "15161", "incomeBeforeTax": "-3810351", "incomeTaxExpense": "482976", "interestAndDebtExpense": "None", "netIncomeFromContinuingOperations": "-31552242", "comprehensiveIncomeNetOfTax": "None", "ebit": "-28914647", "ebitda": "-28899486", "netIncome": "-34826989"}, {"fiscalDateEnding": "2020-03-31", "reportedCurrency": "USD", "grossProfit": "6914474", "totalRevenue": "6914474", "costOfRevenue": "4994059", "costofGoodsAndServicesSold": "4994059", "operatingIncome": "-48105690", "sellingGeneralAndAdministrative": "20836262", "researchAndDevelopment": "1032562", "operatingExpenses": "55020164", "investmentIncomeNet": "None", "netInterestIncome": "-2511720", "interestIncome": "None", "interestExpense": "2498706", "nonInterestIncome": "None", "otherNonOperatingIncome": "None", "depreciation": "None", "depreciationAndAmortization": "120520", "incomeBeforeTax": "-46873530", "incomeTaxExpense": "489955", "interestAndDebtExpense": "None", "netIncomeFromContinuingOperations": "-71198379", "comprehensiveIncomeNetOfTax": "None", "ebit": "-44374824", "ebitda": "-44254304", "netIncome": "-71198379"}, {"fiscalDateEnding": "2019-03-31", "reportedCurrency": "USD", "grossProfit": "53933669", "totalRevenue": "61330504", "costOfRevenue": "7396835", "costofGoodsAndServicesSold": "7396835", "operatingIncome": "5097768", "sellingGeneralAndAdministrative": "16513898", "researchAndDevelopment": "32322000", "operatingExpenses": "48835901", "investmentIncomeNet": "None", "netInterestIncome": "None", "interestIncome": "None", "interestExpense": "0", "nonInterestIncome": "None", "otherNonOperatingIncome": "None", "depreciation": "None", "depreciationAndAmortization": "406799", "incomeBeforeTax": "7405253", "incomeTaxExpense": "1872672", "interestAndDebtExpense": "None", "netIncomeFromContinuingOperations": "5532581", "comprehensiveIncomeNetOfTax": "None", "ebit": "5097768", "ebitda": "5504567", "netIncome": "5532581"}, {"fiscalDateEnding": "2018-03-31", "reportedCurrency": "USD", "grossProfit": "98762073", "totalRevenue": "107257841", "costOfRevenue": "8495768", "costofGoodsAndServicesSold": "8495768", "operatingIncome": "75875438", "sellingGeneralAndAdministrative": "7644998", "researchAndDevelopment": "8495770", "operatingExpenses": "22886635", "investmentIncomeNet": "None", "netInterestIncome": "590122", "interestIncome": "590122", "interestExpense": "0", "nonInterestIncome": "None", "otherNonOperatingIncome": "None", "depreciation": "None", "depreciationAndAmortization": "174384", "incomeBeforeTax": "76536315", "incomeTaxExpense": "11025690", "interestAndDebtExpense": "None", "netIncomeFromContinuingOperations": "65510625", "comprehensiveIncomeNetOfTax": "None", "ebit": "75875438", "ebitda": "76049822", "netIncome": "65481973"}, {"fiscalDateEnding": "2017-03-31", "reportedCurrency": "USD", "grossProfit": "17771278", "totalRevenue": "22920543", "costOfRevenue": "5149265", "costofGoodsAndServicesSold": "5149265", "operatingIncome": "9913546", "sellingGeneralAndAdministrative": "2645605", "researchAndDevelopment": "5149265", "operatingExpenses": "7857732", "investmentIncomeNet": "None", "netInterestIncome": "None", "interestIncome": "None", "interestExpense": "None", "nonInterestIncome": "None", "otherNonOperatingIncome": "None", "depreciation": "None", "depreciationAndAmortization": "92224", "incomeBeforeTax": "10093075", "incomeTaxExpense": "1522211", "interestAndDebtExpense": "None", "netIncomeFromContinuingOperations": "None", "comprehensiveIncomeNetOfTax": "None", "ebit": "9913546", "ebitda": "10005770", "netIncome": "8570864"}, {"fiscalDateEnding": "2016-03-31", "reportedCurrency": "USD", "grossProfit": "9535359", "totalRevenue": "11894226", "costOfRevenue": "2358867", "costofGoodsAndServicesSold": "2358867", "operatingIncome": "4140383", "sellingGeneralAndAdministrative": "1554833", "researchAndDevelopment": "2358867", "operatingExpenses": "5394976", "investmentIncomeNet": "None", "netInterestIncome": "None", "interestIncome": "None", "interestExpense": "None", "nonInterestIncome": "None", "otherNonOperatingIncome": "None", "depreciation": "None", "depreciationAndAmortization": "61392", "incomeBeforeTax": "4166653", "incomeTaxExpense": "628246", "interestAndDebtExpense": "None", "netIncomeFromContinuingOperations": "None", "comprehensiveIncomeNetOfTax": "None", "ebit": "4140383", "ebitda": "4201775", "netIncome": "3538407"}, {"fiscalDateEnding": "2015-03-31", "reportedCurrency": "USD", "grossProfit": "3040337", "totalRevenue": "4645973", "costOfRevenue": "1605636", "costofGoodsAndServicesSold": "1605636", "operatingIncome": "-298625", "sellingGeneralAndAdministrative": "733920", "researchAndDevelopment": "1605636", "operatingExpenses": "3338962", "investmentIncomeNet": "None", "netInterestIncome": "None", "interestIncome": "None", "interestExpense": "None", "nonInterestIncome": "None", "otherNonOperatingIncome": "None", "depreciation": "None", "depreciationAndAmortization": "19701", "incomeBeforeTax": "-306329", "incomeTaxExpense": "43842", "interestAndDebtExpense": "None", "netIncomeFromContinuingOperations": "None", "comprehensiveIncomeNetOfTax": "None", "ebit": "-298625", "ebitda": "-278924", "netIncome": "-350171"}], "quarterlyReports": [{"fiscalDateEnding": "2025-06-30", "reportedCurrency": "None", "grossProfit": "-237135", "totalRevenue": "3921803", "costOfRevenue": "4158938", "costofGoodsAndServicesSold": "4158938", "operatingIncome": "-82881819", "sellingGeneralAndAdministrative": "1453994", "researchAndDevelopment": "None", "operatingExpenses": "82644684", "investmentIncomeNet": "None", "netInterestIncome": "None", "interestIncome": "None", "interestExpense": "None", "nonInterestIncome": "None", "otherNonOperatingIncome": "None", "depreciation": "None", "depreciationAndAmortization": "1066427", "incomeBeforeTax": "-82878178", "incomeTaxExpense": "15420027", "interestAndDebtExpense": "None", "netIncomeFromContinuingOperations": "None", "comprehensiveIncomeNetOfTax": "None", "ebit": "-1691129", "ebitda": "-624702", "netIncome": "-67195369"}, {"fiscalDateEnding": "2024-12-31", "reportedCurrency": "None", "grossProfit": "-237135", "totalRevenue": "3921803", "costOfRevenue": "4158938", "costofGoodsAndServicesSold": "4158938", "operatingIncome": "-82881819", "sellingGeneralAndAdministrative": "1453994", "researchAndDevelopment": "None", "operatingExpenses": "82644684", "investmentIncomeNet": "None", "netInterestIncome": "None", "interestIncome": "None", "interestExpense": "None", "nonInterestIncome": "None", "otherNonOperatingIncome": "None", "depreciation": "None", "depreciationAndAmortization": "1066427", "incomeBeforeTax": "-82878178", "incomeTaxExpense": "15420027", "interestAndDebtExpense": "None", "netIncomeFromContinuingOperations": "None", "comprehensiveIncomeNetOfTax": "None", "ebit": "-1691129", "ebitda": "-624702", "netIncome": "-67195369"}, {"fiscalDateEnding": "2024-06-30", "reportedCurrency": "None", "grossProfit": "96372", "totalRevenue": "3467096", "costOfRevenue": "3370724", "costofGoodsAndServicesSold": "3370724", "operatingIncome": "-270357", "sellingGeneralAndAdministrative": "366729", "researchAndDevelopment": "None", "operatingExpenses": "366729", "investmentIncomeNet": "None", "netInterestIncome": "None", "interestIncome": "None", "interestExpense": "None", "nonInterestIncome": "None", "otherNonOperatingIncome": "None", "depreciation": "None", "depreciationAndAmortization": "8469", "incomeBeforeTax": "-256962", "incomeTaxExpense": "19454", "interestAndDebtExpense": "None", "netIncomeFromContinuingOperations": "None", "comprehensiveIncomeNetOfTax": "None", "ebit": "-270357", "ebitda": "-261888", "netIncome": "-293316"}, {"fiscalDateEnding": "2023-12-31", "reportedCurrency": "None", "grossProfit": "41651", "totalRevenue": "760377", "costOfRevenue": "718726", "costofGoodsAndServicesSold": "718726", "operatingIncome": "-3161096", "sellingGeneralAndAdministrative": "3118537", "researchAndDevelopment": "None", "operatingExpenses": "2479927", "investmentIncomeNet": "None", "netInterestIncome": "None", "interestIncome": "None", "interestExpense": "None", "nonInterestIncome": "None", "otherNonOperatingIncome": "None", "depreciation": "None", "depreciationAndAmortization": "3161096", "incomeBeforeTax": "-3026562", "incomeTaxExpense": "59", "interestAndDebtExpense": "None", "netIncomeFromContinuingOperations": "None", "comprehensiveIncomeNetOfTax": "None", "ebit": "-2997346", "ebitda": "163750", "netIncome": "-2997405"}, {"fiscalDateEnding": "2023-06-30", "reportedCurrency": "None", "grossProfit": "19415", "totalRevenue": "446792", "costOfRevenue": "427377", "costofGoodsAndServicesSold": "427377", "operatingIncome": "-1157924", "sellingGeneralAndAdministrative": "1177339", "researchAndDevelopment": "None", "operatingExpenses": "1538749", "investmentIncomeNet": "None", "netInterestIncome": "None", "interestIncome": "None", "interestExpense": "None", "nonInterestIncome": "None", "otherNonOperatingIncome": "None", "depreciation": "None", "depreciationAndAmortization": "1157924", "incomeBeforeTax": "-1519334", "incomeTaxExpense": "12435", "interestAndDebtExpense": "None", "netIncomeFromContinuingOperations": "None", "comprehensiveIncomeNetOfTax": "None", "ebit": "-7023347", "ebitda": "-7018749", "netIncome": "-1532088"}, {"fiscalDateEnding": "2022-12-31", "reportedCurrency": "None", "grossProfit": "71555", "totalRevenue": "662240", "costOfRevenue": "590685", "costofGoodsAndServicesSold": "590685", "operatingIncome": "-7023347", "sellingGeneralAndAdministrative": "7141698", "researchAndDevelopment": "None", "operatingExpenses": "7434105", "investmentIncomeNet": "None", "netInterestIncome": "None", "interestIncome": "None", "interestExpense": "None", "nonInterestIncome": "None", "otherNonOperatingIncome": "None", "depreciation": "None", "depreciationAndAmortization": "6918", "incomeBeforeTax": "-7362551", "incomeTaxExpense": "2902", "interestAndDebtExpense": "None", "netIncomeFromContinuingOperations": "None", "comprehensiveIncomeNetOfTax": "None", "ebit": "-7023347", "ebitda": "-7016429", "netIncome": "-7413652"}, {"fiscalDateEnding": "2022-09-30", "reportedCurrency": "USD", "grossProfit": "562940", "totalRevenue": "5928541", "costOfRevenue": "5365601", "costofGoodsAndServicesSold": "5365601", "operatingIncome": "-110080", "sellingGeneralAndAdministrative": "622893", "researchAndDevelopment": "None", "operatingExpenses": "266364", "investmentIncomeNet": "None", "netInterestIncome": "None", "interestIncome": "None", "interestExpense": "102069", "nonInterestIncome": "None", "otherNonOperatingIncome": "None", "depreciation": "None", "depreciationAndAmortization": "6918", "incomeBeforeTax": "829306", "incomeTaxExpense": "5873", "interestAndDebtExpense": "None", "netIncomeFromContinuingOperations": "None", "comprehensiveIncomeNetOfTax": "None", "ebit": "-110080", "ebitda": "-103162", "netIncome": "815384"}, {"fiscalDateEnding": "2022-06-30", "reportedCurrency": "USD", "grossProfit": "562940", "totalRevenue": "5928541", "costOfRevenue": "5365601", "costofGoodsAndServicesSold": "5365601", "operatingIncome": "-110080", "sellingGeneralAndAdministrative": "622893", "researchAndDevelopment": "None", "operatingExpenses": "266364", "investmentIncomeNet": "None", "netInterestIncome": "None", "interestIncome": "None", "interestExpense": "None", "nonInterestIncome": "None", "otherNonOperatingIncome": "None", "depreciation": "None", "depreciationAndAmortization": "6918", "incomeBeforeTax": "829306", "incomeTaxExpense": "5873", "interestAndDebtExpense": "None", "netIncomeFromContinuingOperations": "None", "comprehensiveIncomeNetOfTax": "None", "ebit": "-110080", "ebitda": "-103162", "netIncome": "815384"}, {"fiscalDateEnding": "2022-03-31", "reportedCurrency": "None", "grossProfit": "6311072619777", "totalRevenue": "2721492", "costOfRevenue": "180403", "costofGoodsAndServicesSold": "180403", "operatingIncome": "20390818", "sellingGeneralAndAdministrative": "8432933", "researchAndDevelopment": "None", "operatingExpenses": "-26954379", "investmentIncomeNet": "None", "netInterestIncome": "None", "interestIncome": "None", "interestExpense": "None", "nonInterestIncome": "None", "otherNonOperatingIncome": "None", "depreciation": "None", "depreciationAndAmortization": "-7764120", "incomeBeforeTax": "18332799", "incomeTaxExpense": "3621667", "interestAndDebtExpense": "None", "netIncomeFromContinuingOperations": "None", "comprehensiveIncomeNetOfTax": "None", "ebit": "16816536", "ebitda": "9052416", "netIncome": "14711132"}, {"fiscalDateEnding": "2021-12-31", "reportedCurrency": "None", "grossProfit": "3032584", "totalRevenue": "3032584", "costOfRevenue": "None", "costofGoodsAndServicesSold": "None", "operatingIncome": "-3631894", "sellingGeneralAndAdministrative": "1317234", "researchAndDevelopment": "14702", "operatingExpenses": "1626096", "investmentIncomeNet": "None", "netInterestIncome": "None", "interestIncome": "None", "interestExpense": "None", "nonInterestIncome": "None", "otherNonOperatingIncome": "None", "depreciation": "None", "depreciationAndAmortization": "7343", "incomeBeforeTax": "-3910044", "incomeTaxExpense": "56766", "interestAndDebtExpense": "None", "netIncomeFromContinuingOperations": "None", "comprehensiveIncomeNetOfTax": "None", "ebit": "-3631894", "ebitda": "-3624551", "netIncome": "-3967475"}, {"fiscalDateEnding": "2021-09-30", "reportedCurrency": "USD", "grossProfit": "-594308", "totalRevenue": "122962", "costOfRevenue": "840232", "costofGoodsAndServicesSold": "840232", "operatingIncome": "-8916114", "sellingGeneralAndAdministrative": "3663787", "researchAndDevelopment": "112647", "operatingExpenses": "4272068", "investmentIncomeNet": "None", "netInterestIncome": "None", "interestIncome": "None", "interestExpense": "None", "nonInterestIncome": "None", "otherNonOperatingIncome": "None", "depreciation": "None", "depreciationAndAmortization": "-8898212", "incomeBeforeTax": "-0.53", "incomeTaxExpense": "-0.53", "interestAndDebtExpense": "None", "netIncomeFromContinuingOperations": "None", "comprehensiveIncomeNetOfTax": "None", "ebit": "4965312", "ebitda": "-3932900", "netIncome": "16891785"}, {"fiscalDateEnding": "2021-06-30", "reportedCurrency": "USD", "grossProfit": "122962", "totalRevenue": "122962", "costOfRevenue": "5771773", "costofGoodsAndServicesSold": "5771773", "operatingIncome": "-3934914", "sellingGeneralAndAdministrative": "3663787", "researchAndDevelopment": "112648", "operatingExpenses": "4272068", "investmentIncomeNet": "None", "netInterestIncome": "None", "interestIncome": "None", "interestExpense": "497839", "nonInterestIncome": "None", "otherNonOperatingIncome": "None", "depreciation": "None", "depreciationAndAmortization": "2014", "incomeBeforeTax": "-4449106", "incomeTaxExpense": "8951", "interestAndDebtExpense": "None", "netIncomeFromContinuingOperations": "None", "comprehensiveIncomeNetOfTax": "None", "ebit": "-3934914", "ebitda": "-3932900", "netIncome": "-4458057"}, {"fiscalDateEnding": "2021-03-31", "reportedCurrency": "USD", "grossProfit": "None", "totalRevenue": "None", "costOfRevenue": "None", "costofGoodsAndServicesSold": "None", "operatingIncome": "None", "sellingGeneralAndAdministrative": "None", "researchAndDevelopment": "None", "operatingExpenses": "None", "investmentIncomeNet": "None", "netInterestIncome": "None", "interestIncome": "None", "interestExpense": "None", "nonInterestIncome": "None", "otherNonOperatingIncome": "None", "depreciation": "None", "depreciationAndAmortization": "None", "incomeBeforeTax": "None", "incomeTaxExpense": "204470", "interestAndDebtExpense": "None", "netIncomeFromContinuingOperations": "None", "comprehensiveIncomeNetOfTax": "None", "ebit": "-5835152", "ebitda": "None", "netIncome": "None"}, {"fiscalDateEnding": "2020-12-31", "reportedCurrency": "USD", "grossProfit": "-6239044", "totalRevenue": "200857", "costOfRevenue": "6439901", "costofGoodsAndServicesSold": "6439901", "operatingIncome": "-5835152", "sellingGeneralAndAdministrative": "12087661", "researchAndDevelopment": "220703", "operatingExpenses": "12957874", "investmentIncomeNet": "None", "netInterestIncome": "None", "interestIncome": "None", "interestExpense": "None", "nonInterestIncome": "None", "otherNonOperatingIncome": "None", "depreciation": "None", "depreciationAndAmortization": "30130", "incomeBeforeTax": "-6814956", "incomeTaxExpense": "204470", "interestAndDebtExpense": "None", "netIncomeFromContinuingOperations": "None", "comprehensiveIncomeNetOfTax": "None", "ebit": "-5835152", "ebitda": "-5805022", "netIncome": "-7019427"}, {"fiscalDateEnding": "2020-09-30", "reportedCurrency": "USD", "grossProfit": "-103378", "totalRevenue": "676611", "costOfRevenue": "1456600", "costofGoodsAndServicesSold": "1456600", "operatingIncome": "-23587631", "sellingGeneralAndAdministrative": "1521146", "researchAndDevelopment": "None", "operatingExpenses": "2376916", "investmentIncomeNet": "None", "netInterestIncome": "None", "interestIncome": "None", "interestExpense": "579471", "nonInterestIncome": "None", "otherNonOperatingIncome": "None", "depreciation": "None", "depreciationAndAmortization": "-17439353", "incomeBeforeTax": "-1.45", "incomeTaxExpense": "-1.45", "interestAndDebtExpense": "None", "netIncomeFromContinuingOperations": "None", "comprehensiveIncomeNetOfTax": "None", "ebit": "9844767", "ebitda": "-7594586", "netIncome": "16303177"}, {"fiscalDateEnding": "2020-06-30", "reportedCurrency": "USD", "grossProfit": "-5763290", "totalRevenue": "676611", "costOfRevenue": "6439901", "costofGoodsAndServicesSold": "6439901", "operatingIncome": "-7739712", "sellingGeneralAndAdministrative": "1521146", "researchAndDevelopment": "58971", "operatingExpenses": "2376916", "investmentIncomeNet": "None", "netInterestIncome": "None", "interestIncome": "None", "interestExpense": "616455", "nonInterestIncome": "None", "otherNonOperatingIncome": "None", "depreciation": "None", "depreciationAndAmortization": "145126", "incomeBeforeTax": "-8719677", "incomeTaxExpense": "37018", "interestAndDebtExpense": "None", "netIncomeFromContinuingOperations": "None", "comprehensiveIncomeNetOfTax": "None", "ebit": "-7739712", "ebitda": "-7594586", "netIncome": "-8756694"}, {"fiscalDateEnding": "2020-03-31", "reportedCurrency": "USD", "grossProfit": "11435060", "totalRevenue": "11435060", "costOfRevenue": "None", "costofGoodsAndServicesSold": "None", "operatingIncome": "-68527730", "sellingGeneralAndAdministrative": "42919710", "researchAndDevelopment": "4994060", "operatingExpenses": "79962790", "investmentIncomeNet": "None", "netInterestIncome": "None", "interestIncome": "None", "interestExpense": "None", "nonInterestIncome": "None", "otherNonOperatingIncome": "None", "depreciation": "None", "depreciationAndAmortization": "1598080", "incomeBeforeTax": "-66929650", "incomeTaxExpense": "4268730", "interestAndDebtExpense": "None", "netIncomeFromContinuingOperations": "None", "comprehensiveIncomeNetOfTax": "None", "ebit": "-68527730", "ebitda": "-66929650", "netIncome": "-71198380"}, {"fiscalDateEnding": "2019-12-31", "reportedCurrency": "None", "grossProfit": "774849", "totalRevenue": "876792", "costOfRevenue": "101943", "costofGoodsAndServicesSold": "101943", "operatingIncome": "-8578748", "sellingGeneralAndAdministrative": "9038726", "researchAndDevelopment": "58971", "operatingExpenses": "24105815", "investmentIncomeNet": "None", "netInterestIncome": "None", "interestIncome": "None", "interestExpense": "None", "nonInterestIncome": "None", "otherNonOperatingIncome": "None", "depreciation": "None", "depreciationAndAmortization": "4308", "incomeBeforeTax": "-23743535", "incomeTaxExpense": "-306784", "interestAndDebtExpense": "None", "netIncomeFromContinuingOperations": "None", "comprehensiveIncomeNetOfTax": "None", "ebit": "-8578748", "ebitda": "-8574440", "netIncome": "-23436750"}, {"fiscalDateEnding": "2019-09-30", "reportedCurrency": "USD", "grossProfit": "2321558", "totalRevenue": "4543296", "costOfRevenue": "2221738", "costofGoodsAndServicesSold": "2221738", "operatingIncome": "-10286147", "sellingGeneralAndAdministrative": "2698724", "researchAndDevelopment": "2221738", "operatingExpenses": "12607705", "investmentIncomeNet": "None", "netInterestIncome": "None", "interestIncome": "None", "interestExpense": "643203", "nonInterestIncome": "None", "otherNonOperatingIncome": "None", "depreciation": "None", "depreciationAndAmortization": "101700", "incomeBeforeTax": "-9441889", "incomeTaxExpense": "956162", "interestAndDebtExpense": "None", "netIncomeFromContinuingOperations": "None", "comprehensiveIncomeNetOfTax": "None", "ebit": "-9642944", "ebitda": "-8798686", "netIncome": "-10398051"}, {"fiscalDateEnding": "2019-06-30", "reportedCurrency": "USD", "grossProfit": "2977017", "totalRevenue": "4918534", "costOfRevenue": "1941517", "costofGoodsAndServicesSold": "1941517", "operatingIncome": "-7703041", "sellingGeneralAndAdministrative": "2525997", "researchAndDevelopment": "1941517", "operatingExpenses": "10680058", "investmentIncomeNet": "None", "netInterestIncome": "None", "interestIncome": "None", "interestExpense": "629913", "nonInterestIncome": "None", "otherNonOperatingIncome": "None", "depreciation": "None", "depreciationAndAmortization": "101700", "incomeBeforeTax": "-6552770", "incomeTaxExpense": "607641", "interestAndDebtExpense": "None", "netIncomeFromContinuingOperations": "None", "comprehensiveIncomeNetOfTax": "None", "ebit": "-7073128", "ebitda": "-5922857", "netIncome": "-7160411"}, {"fiscalDateEnding": "2019-03-31", "reportedCurrency": "USD", "grossProfit": "4146620", "totalRevenue": "4146620", "costOfRevenue": "1608518", "costofGoodsAndServicesSold": "1608518", "operatingIncome": "-2401630", "sellingGeneralAndAdministrative": "3208212", "researchAndDevelopment": "26533690", "operatingExpenses": "4939732", "investmentIncomeNet": "None", "netInterestIncome": "None", "interestIncome": "None", "interestExpense": "63490", "nonInterestIncome": "None", "otherNonOperatingIncome": "None", "depreciation": "None", "depreciationAndAmortization": "63490", "incomeBeforeTax": "-2338140", "incomeTaxExpense": "-5185470", "interestAndDebtExpense": "None", "netIncomeFromContinuingOperations": "None", "comprehensiveIncomeNetOfTax": "None", "ebit": "-2401630", "ebitda": "-2338140", "netIncome": "2847330"}, {"fiscalDateEnding": "2018-12-31", "reportedCurrency": "USD", "grossProfit": "-335291", "totalRevenue": "1911225", "costOfRevenue": "2246516", "costofGoodsAndServicesSold": "2246516", "operatingIncome": "-11141784", "sellingGeneralAndAdministrative": "3630677", "researchAndDevelopment": "2246520", "operatingExpenses": "10806493", "investmentIncomeNet": "None", "netInterestIncome": "None", "interestIncome": "None", "interestExpense": "1173689", "nonInterestIncome": "None", "otherNonOperatingIncome": "None", "depreciation": "None", "depreciationAndAmortization": "43596", "incomeBeforeTax": "-9968095", "incomeTaxExpense": "-375306", "interestAndDebtExpense": "None", "netIncomeFromContinuingOperations": "None", "comprehensiveIncomeNetOfTax": "None", "ebit": "-11141784", "ebitda": "-11098188", "netIncome": "-9592789"}, {"fiscalDateEnding": "2018-09-30", "reportedCurrency": "USD", "grossProfit": "1443929", "totalRevenue": "3621162", "costOfRevenue": "2177233", "costofGoodsAndServicesSold": "2177233", "operatingIncome": "-17452572", "sellingGeneralAndAdministrative": "7146938", "researchAndDevelopment": "2177233", "operatingExpenses": "18896501", "investmentIncomeNet": "None", "netInterestIncome": "None", "interestIncome": "None", "interestExpense": "605238", "nonInterestIncome": "None", "otherNonOperatingIncome": "None", "depreciation": "None", "depreciationAndAmortization": "43596", "incomeBeforeTax": "-16847334", "incomeTaxExpense": "553241", "interestAndDebtExpense": "None", "netIncomeFromContinuingOperations": "None", "comprehensiveIncomeNetOfTax": "None", "ebit": "-17452572", "ebitda": "-16847334", "netIncome": "-17400575"}, {"fiscalDateEnding": "2018-06-30", "reportedCurrency": "USD", "grossProfit": "50286929", "totalRevenue": "51651497", "costOfRevenue": "1364568", "costofGoodsAndServicesSold": "1364568", "operatingIncome": "36093754", "sellingGeneralAndAdministrative": "2528071", "researchAndDevelopment": "1364568", "operatingExpenses": "14193175", "investmentIncomeNet": "None", "netInterestIncome": "None", "interestIncome": "None", "interestExpense": "None", "nonInterestIncome": "None", "otherNonOperatingIncome": "None", "depreciation": "None", "depreciationAndAmortization": "43596", "incomeBeforeTax": "36558822", "incomeTaxExpense": "6880207", "interestAndDebtExpense": "None", "netIncomeFromContinuingOperations": "None", "comprehensiveIncomeNetOfTax": "None", "ebit": "36093754", "ebitda": "36558822", "netIncome": "29678615"}, {"fiscalDateEnding": "2018-03-31", "reportedCurrency": "USD", "grossProfit": "27610000", "totalRevenue": "27610000", "costOfRevenue": "2054458", "costofGoodsAndServicesSold": "2054458", "operatingIncome": "19260000", "sellingGeneralAndAdministrative": "2802356", "researchAndDevelopment": "2050000", "operatingExpenses": "6299297", "investmentIncomeNet": "None", "netInterestIncome": "None", "interestIncome": "None", "interestExpense": "None", "nonInterestIncome": "None", "otherNonOperatingIncome": "None", "depreciation": "None", "depreciationAndAmortization": "130000", "incomeBeforeTax": "19430000", "incomeTaxExpense": "2380000", "interestAndDebtExpense": "None", "netIncomeFromContinuingOperations": "None", "comprehensiveIncomeNetOfTax": "None", "ebit": "19430000", "ebitda": "19560000", "netIncome": "17050000"}, {"fiscalDateEnding": "2017-12-31", "reportedCurrency": "USD", "grossProfit": "40106952", "totalRevenue": "43312160", "costOfRevenue": "3205208", "costofGoodsAndServicesSold": "3205208", "operatingIncome": "31624278", "sellingGeneralAndAdministrative": "2998092", "researchAndDevelopment": "3205208", "operatingExpenses": "8482674", "investmentIncomeNet": "None", "netInterestIncome": "None", "interestIncome": "None", "interestExpense": "None", "nonInterestIncome": "None", "otherNonOperatingIncome": "None", "depreciation": "None", "depreciationAndAmortization": "23056", "incomeBeforeTax": "31864259", "incomeTaxExpense": "4958434", "interestAndDebtExpense": "None", "netIncomeFromContinuingOperations": "None", "comprehensiveIncomeNetOfTax": "None", "ebit": "31624278", "ebitda": "31624278", "netIncome": "26874919"}, {"fiscalDateEnding": "2017-09-30", "reportedCurrency": "USD", "grossProfit": "19317785", "totalRevenue": "21218902", "costOfRevenue": "1901117", "costofGoodsAndServicesSold": "1901117", "operatingIncome": "14676412", "sellingGeneralAndAdministrative": "949803", "researchAndDevelopment": "1901117", "operatingExpenses": "4641373", "investmentIncomeNet": "None", "netInterestIncome": "None", "interestIncome": "None", "interestExpense": "None", "nonInterestIncome": "None", "otherNonOperatingIncome": "None", "depreciation": "None", "depreciationAndAmortization": "36191", "incomeBeforeTax": "14774038", "incomeTaxExpense": "2108997", "interestAndDebtExpense": "None", "netIncomeFromContinuingOperations": "None", "comprehensiveIncomeNetOfTax": "None", "ebit": "14676412", "ebitda": "14676412", "netIncome": "12667295"}, {"fiscalDateEnding": "2017-06-30", "reportedCurrency": "USD", "grossProfit": "13777936", "totalRevenue": "15112921", "costOfRevenue": "1334985", "costofGoodsAndServicesSold": "1334985", "operatingIncome": "10314645", "sellingGeneralAndAdministrative": "894747", "researchAndDevelopment": "1334985", "operatingExpenses": "3463291", "investmentIncomeNet": "None", "netInterestIncome": "None", "interestIncome": "None", "interestExpense": "None", "nonInterestIncome": "None", "otherNonOperatingIncome": "None", "depreciation": "None", "depreciationAndAmortization": "36191", "incomeBeforeTax": "10470508", "incomeTaxExpense": "1575944", "interestAndDebtExpense": "None", "netIncomeFromContinuingOperations": "None", "comprehensiveIncomeNetOfTax": "None", "ebit": "10314645", "ebitda": "10350836", "netIncome": "8894564"}, {"fiscalDateEnding": "2017-03-31", "reportedCurrency": "USD", "grossProfit": "6172476", "totalRevenue": "7448407", "costOfRevenue": "1275931", "costofGoodsAndServicesSold": "1275931", "operatingIncome": "3566751", "sellingGeneralAndAdministrative": "659686", "researchAndDevelopment": "1275931", "operatingExpenses": "2605725", "investmentIncomeNet": "None", "netInterestIncome": "None", "interestIncome": "None", "interestExpense": "None", "nonInterestIncome": "None", "otherNonOperatingIncome": "None", "depreciation": "None", "depreciationAndAmortization": "23056", "incomeBeforeTax": "3582014", "incomeTaxExpense": "-647383", "interestAndDebtExpense": "None", "netIncomeFromContinuingOperations": "None", "comprehensiveIncomeNetOfTax": "None", "ebit": "3566751", "ebitda": "3566751", "netIncome": "4229397"}, {"fiscalDateEnding": "2016-12-31", "reportedCurrency": "USD", "grossProfit": "4916149", "totalRevenue": "6408116", "costOfRevenue": "1491967", "costofGoodsAndServicesSold": "1491967", "operatingIncome": "2636239", "sellingGeneralAndAdministrative": "867570", "researchAndDevelopment": "1491967", "operatingExpenses": "2279910", "investmentIncomeNet": "None", "netInterestIncome": "None", "interestIncome": "None", "interestExpense": "None", "nonInterestIncome": "None", "otherNonOperatingIncome": "None", "depreciation": "None", "depreciationAndAmortization": "15348", "incomeBeforeTax": "2660510", "incomeTaxExpense": "1067582", "interestAndDebtExpense": "None", "netIncomeFromContinuingOperations": "None", "comprehensiveIncomeNetOfTax": "None", "ebit": "2636239", "ebitda": "2636239", "netIncome": "1592928"}, {"fiscalDateEnding": "2016-09-30", "reportedCurrency": "USD", "grossProfit": "3697746", "totalRevenue": "5156030", "costOfRevenue": "1458284", "costofGoodsAndServicesSold": "1458284", "operatingIncome": "2186186", "sellingGeneralAndAdministrative": "679706", "researchAndDevelopment": "1458284", "operatingExpenses": "1511560", "investmentIncomeNet": "None", "netInterestIncome": "None", "interestIncome": "None", "interestExpense": "None", "nonInterestIncome": "None", "otherNonOperatingIncome": "None", "depreciation": "None", "depreciationAndAmortization": "19714", "incomeBeforeTax": "2299836", "incomeTaxExpense": "868380", "interestAndDebtExpense": "None", "netIncomeFromContinuingOperations": "None", "comprehensiveIncomeNetOfTax": "None", "ebit": "2186186", "ebitda": "2186186", "netIncome": "1431456"}, {"fiscalDateEnding": "2016-06-30", "reportedCurrency": "USD", "grossProfit": "2984907", "totalRevenue": "3907990", "costOfRevenue": "923083", "costofGoodsAndServicesSold": "923083", "operatingIncome": "1524370", "sellingGeneralAndAdministrative": "438643", "researchAndDevelopment": "923083", "operatingExpenses": "1460537", "investmentIncomeNet": "None", "netInterestIncome": "None", "interestIncome": "None", "interestExpense": "None", "nonInterestIncome": "None", "otherNonOperatingIncome": "None", "depreciation": "None", "depreciationAndAmortization": "18207", "incomeBeforeTax": "1550715", "incomeTaxExpense": "233632", "interestAndDebtExpense": "None", "netIncomeFromContinuingOperations": "None", "comprehensiveIncomeNetOfTax": "None", "ebit": "1524370", "ebitda": "1542577", "netIncome": "1317083"}, {"fiscalDateEnding": "2016-03-31", "reportedCurrency": "None", "grossProfit": "3971517", "totalRevenue": "3971517", "costOfRevenue": "None", "costofGoodsAndServicesSold": "None", "operatingIncome": "1660293", "sellingGeneralAndAdministrative": "456141", "researchAndDevelopment": "447997", "operatingExpenses": "2303317", "investmentIncomeNet": "None", "netInterestIncome": "None", "interestIncome": "None", "interestExpense": "None", "nonInterestIncome": "None", "otherNonOperatingIncome": "None", "depreciation": "None", "depreciationAndAmortization": "17487", "incomeBeforeTax": "1668200", "incomeTaxExpense": "251284", "interestAndDebtExpense": "None", "netIncomeFromContinuingOperations": "None", "comprehensiveIncomeNetOfTax": "None", "ebit": "1660293", "ebitda": "1677780", "netIncome": "1416915"}, {"fiscalDateEnding": "2015-12-31", "reportedCurrency": "None", "grossProfit": "3971517", "totalRevenue": "3971517", "costOfRevenue": "None", "costofGoodsAndServicesSold": "None", "operatingIncome": "1660293", "sellingGeneralAndAdministrative": "456141", "researchAndDevelopment": "447997", "operatingExpenses": "2303317", "investmentIncomeNet": "None", "netInterestIncome": "None", "interestIncome": "None", "interestExpense": "None", "nonInterestIncome": "None", "otherNonOperatingIncome": "None", "depreciation": "None", "depreciationAndAmortization": "17487", "incomeBeforeTax": "1668200", "incomeTaxExpense": "251284", "interestAndDebtExpense": "None", "netIncomeFromContinuingOperations": "None", "comprehensiveIncomeNetOfTax": "None", "ebit": "1660293", "ebitda": "1677780", "netIncome": "1416915"}, {"fiscalDateEnding": "2015-09-30", "reportedCurrency": "None", "grossProfit": "1975595", "totalRevenue": "1975595", "costOfRevenue": "None", "costofGoodsAndServicesSold": "None", "operatingIncome": "409898", "sellingGeneralAndAdministrative": "321275", "researchAndDevelopment": "None", "operatingExpenses": "1560468", "investmentIncomeNet": "None", "netInterestIncome": "None", "interestIncome": "None", "interestExpense": "None", "nonInterestIncome": "None", "otherNonOperatingIncome": "None", "depreciation": "None", "depreciationAndAmortization": "13209", "incomeBeforeTax": "415127", "incomeTaxExpense": "62838", "interestAndDebtExpense": "None", "netIncomeFromContinuingOperations": "None", "comprehensiveIncomeNetOfTax": "None", "ebit": "409898", "ebitda": "423107", "netIncome": "352289"}, {"fiscalDateEnding": "2015-06-30", "reportedCurrency": "None", "grossProfit": "1975596", "totalRevenue": "1975596", "costOfRevenue": "None", "costofGoodsAndServicesSold": "None", "operatingIncome": "409899", "sellingGeneralAndAdministrative": "321276", "researchAndDevelopment": "None", "operatingExpenses": "1560469", "investmentIncomeNet": "None", "netInterestIncome": "None", "interestIncome": "None", "interestExpense": "None", "nonInterestIncome": "None", "otherNonOperatingIncome": "None", "depreciation": "None", "depreciationAndAmortization": "13209", "incomeBeforeTax": "415127", "incomeTaxExpense": "62838", "interestAndDebtExpense": "None", "netIncomeFromContinuingOperations": "None", "comprehensiveIncomeNetOfTax": "None", "ebit": "409899", "ebitda": "423108", "netIncome": "352289"}]}