{"symbol": "ACHC", "annualReports": [{"fiscalDateEnding": "2024-12-31", "reportedCurrency": "USD", "grossProfit": "711982000", "totalRevenue": "3153963000", "costOfRevenue": "2441981000", "costofGoodsAndServicesSold": "2441981000", "operatingIncome": "522276000", "sellingGeneralAndAdministrative": "189706000", "researchAndDevelopment": "None", "operatingExpenses": "189706000", "investmentIncomeNet": "None", "netInterestIncome": "-116368000", "interestIncome": "None", "interestExpense": "116368000", "nonInterestIncome": "None", "otherNonOperatingIncome": "None", "depreciation": "None", "depreciationAndAmortization": "149595000", "incomeBeforeTax": "341879000", "incomeTaxExpense": "77395000", "interestAndDebtExpense": "None", "netIncomeFromContinuingOperations": "264484000", "comprehensiveIncomeNetOfTax": "None", "ebit": "458247000", "ebitda": "607842000", "netIncome": "255612000"}, {"fiscalDateEnding": "2023-12-31", "reportedCurrency": "USD", "grossProfit": "682609000", "totalRevenue": "2928738000", "costOfRevenue": "2246129000", "costofGoodsAndServicesSold": "2246129000", "operatingIncome": "506596000", "sellingGeneralAndAdministrative": "176013000", "researchAndDevelopment": "None", "operatingExpenses": "176013000", "investmentIncomeNet": "None", "netInterestIncome": "-81056000", "interestIncome": "None", "interestExpense": "82125000", "nonInterestIncome": "None", "otherNonOperatingIncome": "None", "depreciation": "None", "depreciationAndAmortization": "132349000", "incomeBeforeTax": "-25360000", "incomeTaxExpense": "-9699000", "interestAndDebtExpense": "None", "netIncomeFromContinuingOperations": "-12273000", "comprehensiveIncomeNetOfTax": "None", "ebit": "56765000", "ebitda": "189114000", "netIncome": "-21667000"}, {"fiscalDateEnding": "2022-12-31", "reportedCurrency": "USD", "grossProfit": "2510199000", "totalRevenue": "2610399000", "costOfRevenue": "100200000", "costofGoodsAndServicesSold": "100200000", "operatingIncome": "467695000", "sellingGeneralAndAdministrative": "1596909000", "researchAndDevelopment": "None", "operatingExpenses": "2042504000", "investmentIncomeNet": "None", "netInterestIncome": "-69760000", "interestIncome": "None", "interestExpense": "69760000", "nonInterestIncome": "None", "otherNonOperatingIncome": "None", "depreciation": "None", "depreciationAndAmortization": "117769000", "incomeBeforeTax": "374143000", "incomeTaxExpense": "94110000", "interestAndDebtExpense": "None", "netIncomeFromContinuingOperations": "280033000", "comprehensiveIncomeNetOfTax": "None", "ebit": "443903000", "ebitda": "561672000", "netIncome": "273139000"}, {"fiscalDateEnding": "2021-12-31", "reportedCurrency": "USD", "grossProfit": "2223692000", "totalRevenue": "2314394000", "costOfRevenue": "90702000", "costofGoodsAndServicesSold": "90702000", "operatingIncome": "414474000", "sellingGeneralAndAdministrative": "1419062000", "researchAndDevelopment": "None", "operatingExpenses": "1809218000", "investmentIncomeNet": "None", "netInterestIncome": "-76993000", "interestIncome": "None", "interestExpense": "76993000", "nonInterestIncome": "None", "otherNonOperatingIncome": "-24650000", "depreciation": "None", "depreciationAndAmortization": "106717000", "incomeBeforeTax": "275760000", "incomeTaxExpense": "67557000", "interestAndDebtExpense": "None", "netIncomeFromContinuingOperations": "208203000", "comprehensiveIncomeNetOfTax": "None", "ebit": "352753000", "ebitda": "459470000", "netIncome": "190635000"}, {"fiscalDateEnding": "2020-12-31", "reportedCurrency": "USD", "grossProfit": "2002688000", "totalRevenue": "2089929000", "costOfRevenue": "87241000", "costofGoodsAndServicesSold": "87241000", "operatingIncome": "365606000", "sellingGeneralAndAdministrative": "1312373000", "researchAndDevelopment": "None", "operatingExpenses": "2002688000", "investmentIncomeNet": "None", "netInterestIncome": "-158105000", "interestIncome": "None", "interestExpense": "158105000", "nonInterestIncome": "None", "otherNonOperatingIncome": "-7233000", "depreciation": "None", "depreciationAndAmortization": "95256000", "incomeBeforeTax": "183797000", "incomeTaxExpense": "40606000", "interestAndDebtExpense": "None", "netIncomeFromContinuingOperations": "143191000", "comprehensiveIncomeNetOfTax": "None", "ebit": "341902000", "ebitda": "437158000", "netIncome": "-672132000"}, {"fiscalDateEnding": "2019-12-31", "reportedCurrency": "USD", "grossProfit": "815490000", "totalRevenue": "2008381000", "costOfRevenue": "1192891000", "costofGoodsAndServicesSold": "1192891000", "operatingIncome": "661553000", "sellingGeneralAndAdministrative": "118451000", "researchAndDevelopment": "None", "operatingExpenses": "153937000", "investmentIncomeNet": "None", "netInterestIncome": "-187094000", "interestIncome": "187094000", "interestExpense": "187325000", "nonInterestIncome": "None", "otherNonOperatingIncome": "None", "depreciation": "None", "depreciationAndAmortization": "87923000", "incomeBeforeTax": "78395000", "incomeTaxExpense": "25085000", "interestAndDebtExpense": "None", "netIncomeFromContinuingOperations": "110122000", "comprehensiveIncomeNetOfTax": "None", "ebit": "314094000", "ebitda": "402017000", "netIncome": "108923000"}, {"fiscalDateEnding": "2018-12-31", "reportedCurrency": "USD", "grossProfit": "1233780000", "totalRevenue": "3012442000", "costOfRevenue": "1778662000", "costofGoodsAndServicesSold": "1778662000", "operatingIncome": "412743000", "sellingGeneralAndAdministrative": "307707000", "researchAndDevelopment": "0", "operatingExpenses": "821037000", "investmentIncomeNet": "None", "netInterestIncome": "-185410000", "interestIncome": "185410000", "interestExpense": "185410000", "nonInterestIncome": "None", "otherNonOperatingIncome": "None", "depreciation": "None", "depreciationAndAmortization": "158832000", "incomeBeforeTax": "-168954000", "incomeTaxExpense": "6532000", "interestAndDebtExpense": "None", "netIncomeFromContinuingOperations": "-175486000", "comprehensiveIncomeNetOfTax": "None", "ebit": "227049000", "ebitda": "385881000", "netIncome": "-175750000"}, {"fiscalDateEnding": "2017-12-31", "reportedCurrency": "USD", "grossProfit": "1185717000", "totalRevenue": "2836316000", "costOfRevenue": "1650599000", "costofGoodsAndServicesSold": "1650599000", "operatingIncome": "437882000", "sellingGeneralAndAdministrative": "272998000", "researchAndDevelopment": "0", "operatingExpenses": "747835000", "investmentIncomeNet": "None", "netInterestIncome": "-176007000", "interestIncome": "176007000", "interestExpense": "176007000", "nonInterestIncome": "None", "otherNonOperatingIncome": "None", "depreciation": "None", "depreciationAndAmortization": "143010000", "incomeBeforeTax": "236798000", "incomeTaxExpense": "37209000", "interestAndDebtExpense": "None", "netIncomeFromContinuingOperations": "199589000", "comprehensiveIncomeNetOfTax": "None", "ebit": "437882000", "ebitda": "580892000", "netIncome": "199835000"}, {"fiscalDateEnding": "2016-12-31", "reportedCurrency": "USD", "grossProfit": "1151635000", "totalRevenue": "2810914000", "costOfRevenue": "1659279000", "costofGoodsAndServicesSold": "1659279000", "operatingIncome": "445142000", "sellingGeneralAndAdministrative": "258834000", "researchAndDevelopment": "0", "operatingExpenses": "706493000", "investmentIncomeNet": "None", "netInterestIncome": "-181325000", "interestIncome": "180802000", "interestExpense": "181325000", "nonInterestIncome": "None", "otherNonOperatingIncome": "None", "depreciation": "None", "depreciationAndAmortization": "135103000", "incomeBeforeTax": "32955000", "incomeTaxExpense": "28779000", "interestAndDebtExpense": "None", "netIncomeFromContinuingOperations": "4176000", "comprehensiveIncomeNetOfTax": "None", "ebit": "445142000", "ebitda": "580245000", "netIncome": "6143000"}, {"fiscalDateEnding": "2015-12-31", "reportedCurrency": "USD", "grossProfit": "740097000", "totalRevenue": "1794492000", "costOfRevenue": "1054395000", "costofGoodsAndServicesSold": "1054395000", "operatingIncome": "320810000", "sellingGeneralAndAdministrative": "148991000", "researchAndDevelopment": "0", "operatingExpenses": "419287000", "investmentIncomeNet": "None", "netInterestIncome": "None", "interestIncome": "108668000", "interestExpense": "106742000", "nonInterestIncome": "None", "otherNonOperatingIncome": "None", "depreciation": "None", "depreciationAndAmortization": "63550000", "incomeBeforeTax": "164753000", "incomeTaxExpense": "46397000", "interestAndDebtExpense": "None", "netIncomeFromContinuingOperations": "111365000", "comprehensiveIncomeNetOfTax": "None", "ebit": "320810000", "ebitda": "384360000", "netIncome": "119545000"}, {"fiscalDateEnding": "2014-12-31", "reportedCurrency": "USD", "grossProfit": "380767000", "totalRevenue": "1004601000", "costOfRevenue": "623834000", "costofGoodsAndServicesSold": "623834000", "operatingIncome": "172763000", "sellingGeneralAndAdministrative": "64683000", "researchAndDevelopment": "0", "operatingExpenses": "208004000", "investmentIncomeNet": "None", "netInterestIncome": "None", "interestIncome": "None", "interestExpense": "48221000", "nonInterestIncome": "None", "otherNonOperatingIncome": "None", "depreciation": "None", "depreciationAndAmortization": "32667000", "incomeBeforeTax": "126154000", "incomeTaxExpense": "42922000", "interestAndDebtExpense": "None", "netIncomeFromContinuingOperations": "83232000", "comprehensiveIncomeNetOfTax": "None", "ebit": "172763000", "ebitda": "205430000", "netIncome": "83040000"}, {"fiscalDateEnding": "2013-12-31", "reportedCurrency": "USD", "grossProfit": "267877000", "totalRevenue": "713408000", "costOfRevenue": "445531000", "costofGoodsAndServicesSold": "445531000", "operatingIncome": "122995000", "sellingGeneralAndAdministrative": "47220000", "researchAndDevelopment": "0", "operatingExpenses": "144882000", "investmentIncomeNet": "None", "netInterestIncome": "None", "interestIncome": "None", "interestExpense": "37250000", "nonInterestIncome": "None", "otherNonOperatingIncome": "None", "depreciation": "None", "depreciationAndAmortization": "17090000", "incomeBeforeTax": "69245000", "incomeTaxExpense": "25975000", "interestAndDebtExpense": "None", "netIncomeFromContinuingOperations": "43270000", "comprehensiveIncomeNetOfTax": "None", "ebit": "122995000", "ebitda": "140085000", "netIncome": "42579000"}, {"fiscalDateEnding": "2012-12-31", "reportedCurrency": "USD", "grossProfit": "148326000", "totalRevenue": "407461000", "costOfRevenue": "259135000", "costofGoodsAndServicesSold": "259135000", "operatingIncome": "70710000", "sellingGeneralAndAdministrative": "26857000", "researchAndDevelopment": "0", "operatingExpenses": "77616000", "investmentIncomeNet": "None", "netInterestIncome": "None", "interestIncome": "None", "interestExpense": "29769000", "nonInterestIncome": "None", "otherNonOperatingIncome": "None", "depreciation": "None", "depreciationAndAmortization": "7982000", "incomeBeforeTax": "32829000", "incomeTaxExpense": "12325000", "interestAndDebtExpense": "None", "netIncomeFromContinuingOperations": "20504000", "comprehensiveIncomeNetOfTax": "None", "ebit": "62598000", "ebitda": "70580000", "netIncome": "20403000"}, {"fiscalDateEnding": "2011-12-31", "reportedCurrency": "USD", "grossProfit": "53435000", "totalRevenue": "221373000", "costOfRevenue": "167938000", "costofGoodsAndServicesSold": "167938000", "operatingIncome": "-29065000", "sellingGeneralAndAdministrative": "57740000", "researchAndDevelopment": "0", "operatingExpenses": "82500000", "investmentIncomeNet": "None", "netInterestIncome": "None", "interestIncome": "None", "interestExpense": "9191000", "nonInterestIncome": "None", "otherNonOperatingIncome": "None", "depreciation": "None", "depreciationAndAmortization": "4288000", "incomeBeforeTax": "-38256000", "incomeTaxExpense": "-5383000", "interestAndDebtExpense": "None", "netIncomeFromContinuingOperations": "-32873000", "comprehensiveIncomeNetOfTax": "None", "ebit": "-29065000", "ebitda": "-24777000", "netIncome": "-34892000"}, {"fiscalDateEnding": "2010-12-31", "reportedCurrency": "USD", "grossProfit": "19743000", "totalRevenue": "62103000", "costOfRevenue": "42360000", "costofGoodsAndServicesSold": "42360000", "operatingIncome": "8814000", "sellingGeneralAndAdministrative": "3083000", "researchAndDevelopment": "None", "operatingExpenses": "10929000", "investmentIncomeNet": "None", "netInterestIncome": "None", "interestIncome": "None", "interestExpense": "738000", "nonInterestIncome": "None", "otherNonOperatingIncome": "None", "depreciation": "None", "depreciationAndAmortization": "976000", "incomeBeforeTax": "7158000", "incomeTaxExpense": "477000", "interestAndDebtExpense": "None", "netIncomeFromContinuingOperations": "None", "comprehensiveIncomeNetOfTax": "None", "ebit": "7896000", "ebitda": "8872000", "netIncome": "6210000"}], "quarterlyReports": [{"fiscalDateEnding": "2025-09-30", "reportedCurrency": "USD", "grossProfit": "821161000", "totalRevenue": "851573000", "costOfRevenue": "30412000", "costofGoodsAndServicesSold": "30412000", "operatingIncome": "119523000", "sellingGeneralAndAdministrative": "525383000", "researchAndDevelopment": "None", "operatingExpenses": "701638000", "investmentIncomeNet": "None", "netInterestIncome": "-36619000", "interestIncome": "None", "interestExpense": "36619000", "nonInterestIncome": "None", "otherNonOperatingIncome": "None", "depreciation": "None", "depreciationAndAmortization": "47468000", "incomeBeforeTax": "39985000", "incomeTaxExpense": "1668000", "interestAndDebtExpense": "None", "netIncomeFromContinuingOperations": "38317000", "comprehensiveIncomeNetOfTax": "None", "ebit": "76604000", "ebitda": "124072000", "netIncome": "36246000"}, {"fiscalDateEnding": "2025-06-30", "reportedCurrency": "USD", "grossProfit": "840700000", "totalRevenue": "869232000", "costOfRevenue": "28532000", "costofGoodsAndServicesSold": "28532000", "operatingIncome": "142303000", "sellingGeneralAndAdministrative": "514988000", "researchAndDevelopment": "None", "operatingExpenses": "698397000", "investmentIncomeNet": "None", "netInterestIncome": "-35138000", "interestIncome": "None", "interestExpense": "35138000", "nonInterestIncome": "None", "otherNonOperatingIncome": "None", "depreciation": "None", "depreciationAndAmortization": "48995000", "incomeBeforeTax": "50003000", "incomeTaxExpense": "12067000", "interestAndDebtExpense": "None", "netIncomeFromContinuingOperations": "37936000", "comprehensiveIncomeNetOfTax": "None", "ebit": "85141000", "ebitda": "134136000", "netIncome": "30127000"}, {"fiscalDateEnding": "2025-03-31", "reportedCurrency": "USD", "grossProfit": "251185000", "totalRevenue": "770505000", "costOfRevenue": "519320000", "costofGoodsAndServicesSold": "519320000", "operatingIncome": "13468000", "sellingGeneralAndAdministrative": "45707000", "researchAndDevelopment": "None", "operatingExpenses": "237717000", "investmentIncomeNet": "None", "netInterestIncome": "-29182000", "interestIncome": "None", "interestExpense": "29182000", "nonInterestIncome": "None", "otherNonOperatingIncome": "None", "depreciation": "None", "depreciationAndAmortization": "48088000", "incomeBeforeTax": "13468000", "incomeTaxExpense": "4404000", "interestAndDebtExpense": "None", "netIncomeFromContinuingOperations": "9064000", "comprehensiveIncomeNetOfTax": "None", "ebit": "42650000", "ebitda": "90738000", "netIncome": "8374000"}, {"fiscalDateEnding": "2024-12-31", "reportedCurrency": "USD", "grossProfit": "745678000", "totalRevenue": "774238000", "costOfRevenue": "28560000", "costofGoodsAndServicesSold": "28560000", "operatingIncome": "103462000", "sellingGeneralAndAdministrative": "484787000", "researchAndDevelopment": "None", "operatingExpenses": "642216000", "investmentIncomeNet": "None", "netInterestIncome": "-30071000", "interestIncome": "None", "interestExpense": "30071000", "nonInterestIncome": "None", "otherNonOperatingIncome": "None", "depreciation": "None", "depreciationAndAmortization": "39541000", "incomeBeforeTax": "38008000", "incomeTaxExpense": "4479000", "interestAndDebtExpense": "None", "netIncomeFromContinuingOperations": "33529000", "comprehensiveIncomeNetOfTax": "None", "ebit": "68079000", "ebitda": "107620000", "netIncome": "32615000"}, {"fiscalDateEnding": "2024-09-30", "reportedCurrency": "USD", "grossProfit": "786011000", "totalRevenue": "815634000", "costOfRevenue": "29623000", "costofGoodsAndServicesSold": "29623000", "operatingIncome": "147199000", "sellingGeneralAndAdministrative": "489034000", "researchAndDevelopment": "None", "operatingExpenses": "638812000", "investmentIncomeNet": "None", "netInterestIncome": "-29924000", "interestIncome": "None", "interestExpense": "29924000", "nonInterestIncome": "None", "otherNonOperatingIncome": "None", "depreciation": "None", "depreciationAndAmortization": "37641000", "incomeBeforeTax": "98567000", "incomeTaxExpense": "27199000", "interestAndDebtExpense": "None", "netIncomeFromContinuingOperations": "71368000", "comprehensiveIncomeNetOfTax": "None", "ebit": "128491000", "ebitda": "166132000", "netIncome": "68132000"}, {"fiscalDateEnding": "2024-06-30", "reportedCurrency": "USD", "grossProfit": "190760000", "totalRevenue": "796040000", "costOfRevenue": "605280000", "costofGoodsAndServicesSold": "605280000", "operatingIncome": "142710000", "sellingGeneralAndAdministrative": "479696000", "researchAndDevelopment": "None", "operatingExpenses": "48050000", "investmentIncomeNet": "None", "netInterestIncome": "-29159000", "interestIncome": "None", "interestExpense": "29159000", "nonInterestIncome": "None", "otherNonOperatingIncome": "None", "depreciation": "None", "depreciationAndAmortization": "36066000", "incomeBeforeTax": "106460000", "incomeTaxExpense": "25643000", "interestAndDebtExpense": "None", "netIncomeFromContinuingOperations": "80817000", "comprehensiveIncomeNetOfTax": "None", "ebit": "135619000", "ebitda": "171685000", "netIncome": "78482000"}, {"fiscalDateEnding": "2024-03-31", "reportedCurrency": "USD", "grossProfit": "174593000", "totalRevenue": "768051000", "costOfRevenue": "593458000", "costofGoodsAndServicesSold": "593458000", "operatingIncome": "128905000", "sellingGeneralAndAdministrative": "475074000", "researchAndDevelopment": "None", "operatingExpenses": "45688000", "investmentIncomeNet": "None", "netInterestIncome": "-27214000", "interestIncome": "None", "interestExpense": "27214000", "nonInterestIncome": "None", "otherNonOperatingIncome": "None", "depreciation": "None", "depreciationAndAmortization": "36347000", "incomeBeforeTax": "98844000", "incomeTaxExpense": "20074000", "interestAndDebtExpense": "None", "netIncomeFromContinuingOperations": "78770000", "comprehensiveIncomeNetOfTax": "None", "ebit": "128905000", "ebitda": "165252000", "netIncome": "76383000"}, {"fiscalDateEnding": "2023-12-31", "reportedCurrency": "USD", "grossProfit": "170590000", "totalRevenue": "742800000", "costOfRevenue": "572210000", "costofGoodsAndServicesSold": "572210000", "operatingIncome": "125045000", "sellingGeneralAndAdministrative": "457587000", "researchAndDevelopment": "None", "operatingExpenses": "45545000", "investmentIncomeNet": "None", "netInterestIncome": "-20474000", "interestIncome": "None", "interestExpense": "20474000", "nonInterestIncome": "None", "otherNonOperatingIncome": "None", "depreciation": "None", "depreciationAndAmortization": "35380000", "incomeBeforeTax": "79965000", "incomeTaxExpense": "20208000", "interestAndDebtExpense": "None", "netIncomeFromContinuingOperations": "59757000", "comprehensiveIncomeNetOfTax": "None", "ebit": "125045000", "ebitda": "160425000", "netIncome": "57729000"}, {"fiscalDateEnding": "2023-09-30", "reportedCurrency": "USD", "grossProfit": "723187000", "totalRevenue": "750334000", "costOfRevenue": "27147000", "costofGoodsAndServicesSold": "27147000", "operatingIncome": "600746000", "sellingGeneralAndAdministrative": "451421000", "researchAndDevelopment": "None", "operatingExpenses": "723187000", "investmentIncomeNet": "None", "netInterestIncome": "-20742000", "interestIncome": "None", "interestExpense": "20742000", "nonInterestIncome": "None", "otherNonOperatingIncome": "None", "depreciation": "None", "depreciationAndAmortization": "33388000", "incomeBeforeTax": "-287398000", "incomeTaxExpense": "-71873000", "interestAndDebtExpense": "None", "netIncomeFromContinuingOperations": "-215525000", "comprehensiveIncomeNetOfTax": "None", "ebit": "-266656000", "ebitda": "-233268000", "netIncome": "-217710000"}, {"fiscalDateEnding": "2023-06-30", "reportedCurrency": "USD", "grossProfit": "318560000", "totalRevenue": "731337000", "costOfRevenue": "412777000", "costofGoodsAndServicesSold": "412777000", "operatingIncome": "263032000", "sellingGeneralAndAdministrative": "43803000", "researchAndDevelopment": "None", "operatingExpenses": "55528000", "investmentIncomeNet": "None", "netInterestIncome": "-20910000", "interestIncome": "None", "interestExpense": "20910000", "nonInterestIncome": "None", "otherNonOperatingIncome": "None", "depreciation": "None", "depreciationAndAmortization": "32012000", "incomeBeforeTax": "96430000", "incomeTaxExpense": "22881000", "interestAndDebtExpense": "None", "netIncomeFromContinuingOperations": "73549000", "comprehensiveIncomeNetOfTax": "None", "ebit": "135108000", "ebitda": "167120000", "netIncome": "72299000"}, {"fiscalDateEnding": "2023-03-31", "reportedCurrency": "USD", "grossProfit": "287069000", "totalRevenue": "704267000", "costOfRevenue": "417198000", "costofGoodsAndServicesSold": "417198000", "operatingIncome": "234520000", "sellingGeneralAndAdministrative": "41125000", "researchAndDevelopment": "None", "operatingExpenses": "52549000", "investmentIncomeNet": "None", "netInterestIncome": "-19999000", "interestIncome": "None", "interestExpense": "19999000", "nonInterestIncome": "None", "otherNonOperatingIncome": "None", "depreciation": "None", "depreciationAndAmortization": "31569000", "incomeBeforeTax": "85643000", "incomeTaxExpense": "19085000", "interestAndDebtExpense": "None", "netIncomeFromContinuingOperations": "66558000", "comprehensiveIncomeNetOfTax": "None", "ebit": "112113000", "ebitda": "143682000", "netIncome": "66015000"}, {"fiscalDateEnding": "2022-12-31", "reportedCurrency": "USD", "grossProfit": "283684000", "totalRevenue": "675295000", "costOfRevenue": "391611000", "costofGoodsAndServicesSold": "391611000", "operatingIncome": "231707000", "sellingGeneralAndAdministrative": "40295000", "researchAndDevelopment": "None", "operatingExpenses": "51977000", "investmentIncomeNet": "None", "netInterestIncome": "-19405000", "interestIncome": "None", "interestExpense": "19405000", "nonInterestIncome": "None", "otherNonOperatingIncome": "None", "depreciation": "None", "depreciationAndAmortization": "30142000", "incomeBeforeTax": "88072000", "incomeTaxExpense": "24927000", "interestAndDebtExpense": "None", "netIncomeFromContinuingOperations": "63145000", "comprehensiveIncomeNetOfTax": "None", "ebit": "107643000", "ebitda": "137785000", "netIncome": "61124000"}, {"fiscalDateEnding": "2022-09-30", "reportedCurrency": "USD", "grossProfit": "288580000", "totalRevenue": "666732000", "costOfRevenue": "378152000", "costofGoodsAndServicesSold": "378152000", "operatingIncome": "236874000", "sellingGeneralAndAdministrative": "40367000", "researchAndDevelopment": "None", "operatingExpenses": "51706000", "investmentIncomeNet": "None", "netInterestIncome": "-18003000", "interestIncome": "None", "interestExpense": "18003000", "nonInterestIncome": "None", "otherNonOperatingIncome": "None", "depreciation": "None", "depreciationAndAmortization": "29573000", "incomeBeforeTax": "97102000", "incomeTaxExpense": "24056000", "interestAndDebtExpense": "None", "netIncomeFromContinuingOperations": "73046000", "comprehensiveIncomeNetOfTax": "None", "ebit": "118308000", "ebitda": "147881000", "netIncome": "71099000"}, {"fiscalDateEnding": "2022-06-30", "reportedCurrency": "USD", "grossProfit": "287309000", "totalRevenue": "651719000", "costOfRevenue": "364410000", "costofGoodsAndServicesSold": "364410000", "operatingIncome": "235677000", "sellingGeneralAndAdministrative": "40440000", "researchAndDevelopment": "None", "operatingExpenses": "51632000", "investmentIncomeNet": "None", "netInterestIncome": "-16565000", "interestIncome": "None", "interestExpense": "16565000", "nonInterestIncome": "None", "otherNonOperatingIncome": "None", "depreciation": "None", "depreciationAndAmortization": "29128000", "incomeBeforeTax": "109657000", "incomeTaxExpense": "27725000", "interestAndDebtExpense": "None", "netIncomeFromContinuingOperations": "81932000", "comprehensiveIncomeNetOfTax": "None", "ebit": "121612000", "ebitda": "150740000", "netIncome": "80079000"}, {"fiscalDateEnding": "2022-03-31", "reportedCurrency": "USD", "grossProfit": "257192000", "totalRevenue": "616653000", "costOfRevenue": "359461000", "costofGoodsAndServicesSold": "359461000", "operatingIncome": "209032000", "sellingGeneralAndAdministrative": "36911000", "researchAndDevelopment": "None", "operatingExpenses": "48160000", "investmentIncomeNet": "None", "netInterestIncome": "-15787000", "interestIncome": "None", "interestExpense": "15787000", "nonInterestIncome": "None", "otherNonOperatingIncome": "None", "depreciation": "None", "depreciationAndAmortization": "28926000", "incomeBeforeTax": "79312000", "incomeTaxExpense": "17402000", "interestAndDebtExpense": "None", "netIncomeFromContinuingOperations": "61910000", "comprehensiveIncomeNetOfTax": "None", "ebit": "98681000", "ebitda": "127607000", "netIncome": "60837000"}, {"fiscalDateEnding": "2021-12-31", "reportedCurrency": "USD", "grossProfit": "249356000", "totalRevenue": "593480000", "costOfRevenue": "344124000", "costofGoodsAndServicesSold": "344124000", "operatingIncome": "204703000", "sellingGeneralAndAdministrative": "34824000", "researchAndDevelopment": "None", "operatingExpenses": "44653000", "investmentIncomeNet": "None", "netInterestIncome": "-15573000", "interestIncome": "None", "interestExpense": "15573000", "nonInterestIncome": "None", "otherNonOperatingIncome": "None", "depreciation": "None", "depreciationAndAmortization": "28368000", "incomeBeforeTax": "96128000", "incomeTaxExpense": "24609000", "interestAndDebtExpense": "None", "netIncomeFromContinuingOperations": "71519000", "comprehensiveIncomeNetOfTax": "None", "ebit": "97259000", "ebitda": "125627000", "netIncome": "70278000"}, {"fiscalDateEnding": "2021-09-30", "reportedCurrency": "USD", "grossProfit": "254698000", "totalRevenue": "587559000", "costOfRevenue": "332861000", "costofGoodsAndServicesSold": "332861000", "operatingIncome": "105131000", "sellingGeneralAndAdministrative": "45260000", "researchAndDevelopment": "None", "operatingExpenses": "149567000", "investmentIncomeNet": "None", "netInterestIncome": "-15706000", "interestIncome": "None", "interestExpense": "15706000", "nonInterestIncome": "None", "otherNonOperatingIncome": "None", "depreciation": "None", "depreciationAndAmortization": "27805000", "incomeBeforeTax": "85311000", "incomeTaxExpense": "17411000", "interestAndDebtExpense": "None", "netIncomeFromContinuingOperations": "67900000", "comprehensiveIncomeNetOfTax": "None", "ebit": "101017000", "ebitda": "128822000", "netIncome": "66126000"}, {"fiscalDateEnding": "2021-06-30", "reportedCurrency": "USD", "grossProfit": "250290000", "totalRevenue": "582156000", "costOfRevenue": "331866000", "costofGoodsAndServicesSold": "331866000", "operatingIncome": "205974000", "sellingGeneralAndAdministrative": "34696000", "researchAndDevelopment": "None", "operatingExpenses": "44316000", "investmentIncomeNet": "None", "netInterestIncome": "-16687000", "interestIncome": "None", "interestExpense": "16687000", "nonInterestIncome": "None", "otherNonOperatingIncome": "None", "depreciation": "None", "depreciationAndAmortization": "25650000", "incomeBeforeTax": "64997000", "incomeTaxExpense": "19333000", "interestAndDebtExpense": "None", "netIncomeFromContinuingOperations": "45664000", "comprehensiveIncomeNetOfTax": "None", "ebit": "106573000", "ebitda": "132223000", "netIncome": "44514000"}, {"fiscalDateEnding": "2021-03-31", "reportedCurrency": "USD", "grossProfit": "225544000", "totalRevenue": "551199000", "costOfRevenue": "325655000", "costofGoodsAndServicesSold": "325655000", "operatingIncome": "184515000", "sellingGeneralAndAdministrative": "31617000", "researchAndDevelopment": "None", "operatingExpenses": "41029000", "investmentIncomeNet": "None", "netInterestIncome": "-29027000", "interestIncome": "None", "interestExpense": "29027000", "nonInterestIncome": "None", "otherNonOperatingIncome": "-24650000", "depreciation": "None", "depreciationAndAmortization": "24894000", "incomeBeforeTax": "29324000", "incomeTaxExpense": "6204000", "interestAndDebtExpense": "None", "netIncomeFromContinuingOperations": "23120000", "comprehensiveIncomeNetOfTax": "None", "ebit": "87611000", "ebitda": "112505000", "netIncome": "9717000"}, {"fiscalDateEnding": "2020-12-31", "reportedCurrency": "USD", "grossProfit": "217405000", "totalRevenue": "541276000", "costOfRevenue": "323871000", "costofGoodsAndServicesSold": "323871000", "operatingIncome": "178538000", "sellingGeneralAndAdministrative": "29480000", "researchAndDevelopment": "None", "operatingExpenses": "38867000", "investmentIncomeNet": "None", "netInterestIncome": "-39707000", "interestIncome": "None", "interestExpense": "39041000", "nonInterestIncome": "None", "otherNonOperatingIncome": "-3962000", "depreciation": "None", "depreciationAndAmortization": "24958000", "incomeBeforeTax": "76085000", "incomeTaxExpense": "16431999", "interestAndDebtExpense": "None", "netIncomeFromContinuingOperations": "29849000", "comprehensiveIncomeNetOfTax": "None", "ebit": "93848000", "ebitda": "118806000", "netIncome": "-783672000"}, {"fiscalDateEnding": "2020-09-30", "reportedCurrency": "USD", "grossProfit": "235569000", "totalRevenue": "547961000", "costOfRevenue": "312392000", "costofGoodsAndServicesSold": "312392000", "operatingIncome": "196832000", "sellingGeneralAndAdministrative": "29372000", "researchAndDevelopment": "None", "operatingExpenses": "38737000", "investmentIncomeNet": "None", "netInterestIncome": "-37553000", "interestIncome": "None", "interestExpense": "37553000", "nonInterestIncome": "None", "otherNonOperatingIncome": "None", "depreciation": "None", "depreciationAndAmortization": "24132000", "incomeBeforeTax": "46078000", "incomeTaxExpense": "9191000", "interestAndDebtExpense": "None", "netIncomeFromContinuingOperations": "37561000", "comprehensiveIncomeNetOfTax": "None", "ebit": "104487000", "ebitda": "128619000", "netIncome": "36998000"}, {"fiscalDateEnding": "2020-06-30", "reportedCurrency": "USD", "grossProfit": "195158000", "totalRevenue": "491475000", "costOfRevenue": "296317000", "costofGoodsAndServicesSold": "296317000", "operatingIncome": "155079000", "sellingGeneralAndAdministrative": "30586000", "researchAndDevelopment": "None", "operatingExpenses": "40079000", "investmentIncomeNet": "None", "netInterestIncome": "-38726000", "interestIncome": "None", "interestExpense": "38726000", "nonInterestIncome": "None", "otherNonOperatingIncome": "-3271000", "depreciation": "None", "depreciationAndAmortization": "23331000", "incomeBeforeTax": "36850000", "incomeTaxExpense": "9177000", "interestAndDebtExpense": "None", "netIncomeFromContinuingOperations": "41714000", "comprehensiveIncomeNetOfTax": "None", "ebit": "65577000", "ebitda": "88908000", "netIncome": "41079000"}, {"fiscalDateEnding": "2020-03-31", "reportedCurrency": "USD", "grossProfit": "200034000", "totalRevenue": "509217000", "costOfRevenue": "309183000", "costofGoodsAndServicesSold": "309183000", "operatingIncome": "159866000", "sellingGeneralAndAdministrative": "31051000", "researchAndDevelopment": "None", "operatingExpenses": "40168000", "investmentIncomeNet": "None", "netInterestIncome": "-42785000", "interestIncome": "42785000", "interestExpense": "42785000", "nonInterestIncome": "None", "otherNonOperatingIncome": "None", "depreciation": "None", "depreciationAndAmortization": "22835000", "incomeBeforeTax": "24784000", "incomeTaxExpense": "5806000", "interestAndDebtExpense": "None", "netIncomeFromContinuingOperations": "34067000", "comprehensiveIncomeNetOfTax": "None", "ebit": "68875000", "ebitda": "91710000", "netIncome": "33463000"}, {"fiscalDateEnding": "2019-12-31", "reportedCurrency": "USD", "grossProfit": "320051000", "totalRevenue": "780232000", "costOfRevenue": "460181000", "costofGoodsAndServicesSold": "460181000", "operatingIncome": "99604000", "sellingGeneralAndAdministrative": "84764000", "researchAndDevelopment": "None", "operatingExpenses": "220447000", "investmentIncomeNet": "None", "netInterestIncome": "-43710000", "interestIncome": "43710000", "interestExpense": "43710000", "nonInterestIncome": "None", "otherNonOperatingIncome": "None", "depreciation": "None", "depreciationAndAmortization": "41767000", "incomeBeforeTax": "-10248000", "incomeTaxExpense": "65000", "interestAndDebtExpense": "None", "netIncomeFromContinuingOperations": "-10313000", "comprehensiveIncomeNetOfTax": "None", "ebit": "33462000", "ebitda": "75229000", "netIncome": "-11254000"}, {"fiscalDateEnding": "2019-09-30", "reportedCurrency": "USD", "grossProfit": "317860000", "totalRevenue": "777251000", "costOfRevenue": "459391000", "costofGoodsAndServicesSold": "459391000", "operatingIncome": "101979000", "sellingGeneralAndAdministrative": "82286000", "researchAndDevelopment": "None", "operatingExpenses": "215881000", "investmentIncomeNet": "None", "netInterestIncome": "-46644000", "interestIncome": "46644000", "interestExpense": "46644000", "nonInterestIncome": "None", "otherNonOperatingIncome": "None", "depreciation": "None", "depreciationAndAmortization": "40620000", "incomeBeforeTax": "49560000", "incomeTaxExpense": "6837000", "interestAndDebtExpense": "None", "netIncomeFromContinuingOperations": "42723000", "comprehensiveIncomeNetOfTax": "None", "ebit": "96204000", "ebitda": "136824000", "netIncome": "42566000"}, {"fiscalDateEnding": "2019-06-30", "reportedCurrency": "USD", "grossProfit": "328229000", "totalRevenue": "789362000", "costOfRevenue": "461133000", "costofGoodsAndServicesSold": "461133000", "operatingIncome": "113627000", "sellingGeneralAndAdministrative": "78848000", "researchAndDevelopment": "None", "operatingExpenses": "214602000", "investmentIncomeNet": "None", "netInterestIncome": "-48610000", "interestIncome": "48610000", "interestExpense": "48610000", "nonInterestIncome": "None", "otherNonOperatingIncome": "None", "depreciation": "None", "depreciationAndAmortization": "41077000", "incomeBeforeTax": "59805000", "incomeTaxExpense": "11604000", "interestAndDebtExpense": "None", "netIncomeFromContinuingOperations": "48201000", "comprehensiveIncomeNetOfTax": "None", "ebit": "113627000", "ebitda": "154704000", "netIncome": "48140000"}, {"fiscalDateEnding": "2019-03-31", "reportedCurrency": "USD", "grossProfit": "301081000", "totalRevenue": "760617000", "costOfRevenue": "459536000", "costofGoodsAndServicesSold": "459536000", "operatingIncome": "89322000", "sellingGeneralAndAdministrative": "77314000", "researchAndDevelopment": "None", "operatingExpenses": "211759000", "investmentIncomeNet": "None", "netInterestIncome": "-48130000", "interestIncome": "48130000", "interestExpense": "48130000", "nonInterestIncome": "None", "otherNonOperatingIncome": "None", "depreciation": "None", "depreciationAndAmortization": "40580000", "incomeBeforeTax": "36871000", "incomeTaxExpense": "7360000", "interestAndDebtExpense": "None", "netIncomeFromContinuingOperations": "29511000", "comprehensiveIncomeNetOfTax": "None", "ebit": "85001000", "ebitda": "125581000", "netIncome": "29471000"}, {"fiscalDateEnding": "2018-12-31", "reportedCurrency": "USD", "grossProfit": "300029000", "totalRevenue": "743547000", "costOfRevenue": "443518000", "costofGoodsAndServicesSold": "443518000", "operatingIncome": "91707000", "sellingGeneralAndAdministrative": "80329000", "researchAndDevelopment": "0", "operatingExpenses": "208322000", "investmentIncomeNet": "None", "netInterestIncome": "None", "interestIncome": "None", "interestExpense": "47704000", "nonInterestIncome": "None", "otherNonOperatingIncome": "None", "depreciation": "None", "depreciationAndAmortization": "39472000", "incomeBeforeTax": "-341336000", "incomeTaxExpense": "-9807000", "interestAndDebtExpense": "None", "netIncomeFromContinuingOperations": "-331529000", "comprehensiveIncomeNetOfTax": "None", "ebit": "-293632000", "ebitda": "-254160000", "netIncome": "-331637000"}, {"fiscalDateEnding": "2018-09-30", "reportedCurrency": "USD", "grossProfit": "313538000", "totalRevenue": "760916000", "costOfRevenue": "447378000", "costofGoodsAndServicesSold": "447378000", "operatingIncome": "104040000", "sellingGeneralAndAdministrative": "79375000", "researchAndDevelopment": "0", "operatingExpenses": "209498000", "investmentIncomeNet": "None", "netInterestIncome": "None", "interestIncome": "None", "interestExpense": "46651000", "nonInterestIncome": "None", "otherNonOperatingIncome": "None", "depreciation": "None", "depreciationAndAmortization": "39659000", "incomeBeforeTax": "55036000", "incomeTaxExpense": "8757000", "interestAndDebtExpense": "None", "netIncomeFromContinuingOperations": "46279000", "comprehensiveIncomeNetOfTax": "None", "ebit": "104040000", "ebitda": "143699000", "netIncome": "46232000"}, {"fiscalDateEnding": "2018-06-30", "reportedCurrency": "USD", "grossProfit": "318864000", "totalRevenue": "765738000", "costOfRevenue": "446874000", "costofGoodsAndServicesSold": "446874000", "operatingIncome": "117957000", "sellingGeneralAndAdministrative": "73697000", "researchAndDevelopment": "0", "operatingExpenses": "200907000", "investmentIncomeNet": "None", "netInterestIncome": "None", "interestIncome": "None", "interestExpense": "45812000", "nonInterestIncome": "None", "otherNonOperatingIncome": "None", "depreciation": "None", "depreciationAndAmortization": "39928000", "incomeBeforeTax": "69258000", "incomeTaxExpense": "10368000", "interestAndDebtExpense": "None", "netIncomeFromContinuingOperations": "58890000", "comprehensiveIncomeNetOfTax": "None", "ebit": "117957000", "ebitda": "157885000", "netIncome": "58836000"}, {"fiscalDateEnding": "2018-03-31", "reportedCurrency": "USD", "grossProfit": "301349000", "totalRevenue": "742241000", "costOfRevenue": "440892000", "costofGoodsAndServicesSold": "440892000", "operatingIncome": "99039000", "sellingGeneralAndAdministrative": "74306000", "researchAndDevelopment": "0", "operatingExpenses": "202310000", "investmentIncomeNet": "None", "netInterestIncome": "None", "interestIncome": "None", "interestExpense": "45243000", "nonInterestIncome": "None", "otherNonOperatingIncome": "None", "depreciation": "None", "depreciationAndAmortization": "39773000", "incomeBeforeTax": "48088000", "incomeTaxExpense": "-2786000", "interestAndDebtExpense": "None", "netIncomeFromContinuingOperations": "50874000", "comprehensiveIncomeNetOfTax": "None", "ebit": "99039000", "ebitda": "138812000", "netIncome": "50819000"}, {"fiscalDateEnding": "2017-12-31", "reportedCurrency": "USD", "grossProfit": "304491000", "totalRevenue": "724512000", "costOfRevenue": "420021000", "costofGoodsAndServicesSold": "420021000", "operatingIncome": "111300000", "sellingGeneralAndAdministrative": "72771000", "researchAndDevelopment": "0", "operatingExpenses": "193191000", "investmentIncomeNet": "None", "netInterestIncome": "None", "interestIncome": "None", "interestExpense": "45230000", "nonInterestIncome": "None", "otherNonOperatingIncome": "None", "depreciation": "None", "depreciationAndAmortization": "37754000", "incomeBeforeTax": "60639000", "incomeTaxExpense": "-9050000", "interestAndDebtExpense": "None", "netIncomeFromContinuingOperations": "69689000", "comprehensiveIncomeNetOfTax": "None", "ebit": "111300000", "ebitda": "149054000", "netIncome": "69629000"}, {"fiscalDateEnding": "2017-09-30", "reportedCurrency": "USD", "grossProfit": "302500000", "totalRevenue": "716714000", "costOfRevenue": "414214000", "costofGoodsAndServicesSold": "414214000", "operatingIncome": "111639000", "sellingGeneralAndAdministrative": "72091000", "researchAndDevelopment": "0", "operatingExpenses": "190861000", "investmentIncomeNet": "None", "netInterestIncome": "None", "interestIncome": "None", "interestExpense": "44515000", "nonInterestIncome": "None", "otherNonOperatingIncome": "None", "depreciation": "None", "depreciationAndAmortization": "36442000", "incomeBeforeTax": "61459000", "incomeTaxExpense": "15970000", "interestAndDebtExpense": "None", "netIncomeFromContinuingOperations": "45489000", "comprehensiveIncomeNetOfTax": "None", "ebit": "111639000", "ebitda": "148081000", "netIncome": "45618000"}, {"fiscalDateEnding": "2017-06-30", "reportedCurrency": "USD", "grossProfit": "303662000", "totalRevenue": "715896000", "costOfRevenue": "412234000", "costofGoodsAndServicesSold": "412234000", "operatingIncome": "119583000", "sellingGeneralAndAdministrative": "65756000", "researchAndDevelopment": "0", "operatingExpenses": "184079000", "investmentIncomeNet": "None", "netInterestIncome": "None", "interestIncome": "None", "interestExpense": "43505000", "nonInterestIncome": "None", "otherNonOperatingIncome": "None", "depreciation": "None", "depreciationAndAmortization": "35201000", "incomeBeforeTax": "66216000", "incomeTaxExpense": "16578000", "interestAndDebtExpense": "None", "netIncomeFromContinuingOperations": "49638000", "comprehensiveIncomeNetOfTax": "None", "ebit": "119583000", "ebitda": "154784000", "netIncome": "49630000"}, {"fiscalDateEnding": "2017-03-31", "reportedCurrency": "USD", "grossProfit": "275064000", "totalRevenue": "679194000", "costOfRevenue": "404130000", "costofGoodsAndServicesSold": "404130000", "operatingIncome": "95360000", "sellingGeneralAndAdministrative": "62380000", "researchAndDevelopment": "0", "operatingExpenses": "179704000", "investmentIncomeNet": "None", "netInterestIncome": "None", "interestIncome": "None", "interestExpense": "42757000", "nonInterestIncome": "None", "otherNonOperatingIncome": "None", "depreciation": "None", "depreciationAndAmortization": "33613000", "incomeBeforeTax": "48484000", "incomeTaxExpense": "13711000", "interestAndDebtExpense": "None", "netIncomeFromContinuingOperations": "34773000", "comprehensiveIncomeNetOfTax": "None", "ebit": "95360000", "ebitda": "128973000", "netIncome": "34958000"}, {"fiscalDateEnding": "2016-12-31", "reportedCurrency": "USD", "grossProfit": "289615000", "totalRevenue": "702888000", "costOfRevenue": "413273000", "costofGoodsAndServicesSold": "413273000", "operatingIncome": "108200000", "sellingGeneralAndAdministrative": "65851000", "researchAndDevelopment": "0", "operatingExpenses": "181415000", "investmentIncomeNet": "None", "netInterestIncome": "None", "interestIncome": "None", "interestExpense": "46010000", "nonInterestIncome": "None", "otherNonOperatingIncome": "None", "depreciation": "None", "depreciationAndAmortization": "33958000", "incomeBeforeTax": "42438000", "incomeTaxExpense": "1012000", "interestAndDebtExpense": "None", "netIncomeFromContinuingOperations": "41426000", "comprehensiveIncomeNetOfTax": "None", "ebit": "108200000", "ebitda": "142158000", "netIncome": "41818000"}, {"fiscalDateEnding": "2016-09-30", "reportedCurrency": "USD", "grossProfit": "295868000", "totalRevenue": "734665000", "costOfRevenue": "438797000", "costofGoodsAndServicesSold": "438797000", "operatingIncome": "112275000", "sellingGeneralAndAdministrative": "67427000", "researchAndDevelopment": "0", "operatingExpenses": "183593000", "investmentIncomeNet": "None", "netInterestIncome": "None", "interestIncome": "None", "interestExpense": "48843000", "nonInterestIncome": "None", "otherNonOperatingIncome": "None", "depreciation": "None", "depreciationAndAmortization": "36418000", "incomeBeforeTax": "-115814000", "incomeTaxExpense": "2396000", "interestAndDebtExpense": "None", "netIncomeFromContinuingOperations": "-118210000", "comprehensiveIncomeNetOfTax": "None", "ebit": "-66971000", "ebitda": "-30553000", "netIncome": "-117808000"}, {"fiscalDateEnding": "2016-06-30", "reportedCurrency": "USD", "grossProfit": "317052000", "totalRevenue": "756548000", "costOfRevenue": "439496000", "costofGoodsAndServicesSold": "439496000", "operatingIncome": "128586000", "sellingGeneralAndAdministrative": "70759000", "researchAndDevelopment": "0", "operatingExpenses": "188466000", "investmentIncomeNet": "None", "netInterestIncome": "None", "interestIncome": "None", "interestExpense": "48758000", "nonInterestIncome": "None", "otherNonOperatingIncome": "None", "depreciation": "None", "depreciationAndAmortization": "36752000", "incomeBeforeTax": "73852000", "incomeTaxExpense": "18261000", "interestAndDebtExpense": "None", "netIncomeFromContinuingOperations": "55591000", "comprehensiveIncomeNetOfTax": "None", "ebit": "128586000", "ebitda": "165338000", "netIncome": "56445000"}, {"fiscalDateEnding": "2016-03-31", "reportedCurrency": "USD", "grossProfit": "249100000", "totalRevenue": "616813000", "costOfRevenue": "367713000", "costofGoodsAndServicesSold": "367713000", "operatingIncome": "96081000", "sellingGeneralAndAdministrative": "54797000", "researchAndDevelopment": "0", "operatingExpenses": "153019000", "investmentIncomeNet": "None", "netInterestIncome": "None", "interestIncome": "None", "interestExpense": "37714000", "nonInterestIncome": "None", "otherNonOperatingIncome": "None", "depreciation": "None", "depreciationAndAmortization": "27975000", "incomeBeforeTax": "32479000", "incomeTaxExpense": "7110000", "interestAndDebtExpense": "None", "netIncomeFromContinuingOperations": "25369000", "comprehensiveIncomeNetOfTax": "None", "ebit": "96081000", "ebitda": "124056000", "netIncome": "25688000"}, {"fiscalDateEnding": "2015-12-31", "reportedCurrency": "USD", "grossProfit": "206937000", "totalRevenue": "495319000", "costOfRevenue": "288382000", "costofGoodsAndServicesSold": "288382000", "operatingIncome": "87323000", "sellingGeneralAndAdministrative": "43137000", "researchAndDevelopment": "0", "operatingExpenses": "119614000", "investmentIncomeNet": "None", "netInterestIncome": "None", "interestIncome": "None", "interestExpense": "28810000", "nonInterestIncome": "None", "otherNonOperatingIncome": "None", "depreciation": "None", "depreciationAndAmortization": "18630000", "incomeBeforeTax": "52518000", "incomeTaxExpense": "11603000", "interestAndDebtExpense": "None", "netIncomeFromContinuingOperations": "33924000", "comprehensiveIncomeNetOfTax": "None", "ebit": "87323000", "ebitda": "105953000", "netIncome": "41557000"}, {"fiscalDateEnding": "2015-09-30", "reportedCurrency": "USD", "grossProfit": "199686000", "totalRevenue": "479730000", "costOfRevenue": "280044000", "costofGoodsAndServicesSold": "280044000", "operatingIncome": "86251000", "sellingGeneralAndAdministrative": "39301000", "researchAndDevelopment": "0", "operatingExpenses": "113435000", "investmentIncomeNet": "None", "netInterestIncome": "None", "interestIncome": "None", "interestExpense": "27737000", "nonInterestIncome": "None", "otherNonOperatingIncome": "None", "depreciation": "None", "depreciationAndAmortization": "16890000", "incomeBeforeTax": "41675000", "incomeTaxExpense": "12669000", "interestAndDebtExpense": "None", "netIncomeFromContinuingOperations": "29006000", "comprehensiveIncomeNetOfTax": "None", "ebit": "86251000", "ebitda": "103141000", "netIncome": "29550000"}, {"fiscalDateEnding": "2015-06-30", "reportedCurrency": "USD", "grossProfit": "189816000", "totalRevenue": "453660000", "costOfRevenue": "263844000", "costofGoodsAndServicesSold": "263844000", "operatingIncome": "85522000", "sellingGeneralAndAdministrative": "38240000", "researchAndDevelopment": "0", "operatingExpenses": "104294000", "investmentIncomeNet": "None", "netInterestIncome": "None", "interestIncome": "None", "interestExpense": "28049000", "nonInterestIncome": "None", "otherNonOperatingIncome": "None", "depreciation": "None", "depreciationAndAmortization": "14926000", "incomeBeforeTax": "49355000", "incomeTaxExpense": "15512000", "interestAndDebtExpense": "None", "netIncomeFromContinuingOperations": "33843000", "comprehensiveIncomeNetOfTax": "None", "ebit": "85522000", "ebitda": "100448000", "netIncome": "33844000"}, {"fiscalDateEnding": "2015-03-31", "reportedCurrency": "USD", "grossProfit": "143658000", "totalRevenue": "365783000", "costOfRevenue": "222125000", "costofGoodsAndServicesSold": "222125000", "operatingIncome": "61714000", "sellingGeneralAndAdministrative": "28313000", "researchAndDevelopment": "0", "operatingExpenses": "81944000", "investmentIncomeNet": "None", "netInterestIncome": "None", "interestIncome": "None", "interestExpense": "22146000", "nonInterestIncome": "None", "otherNonOperatingIncome": "None", "depreciation": "None", "depreciationAndAmortization": "13104000", "incomeBeforeTax": "21205000", "incomeTaxExpense": "6613000", "interestAndDebtExpense": "None", "netIncomeFromContinuingOperations": "14592000", "comprehensiveIncomeNetOfTax": "None", "ebit": "61714000", "ebitda": "74818000", "netIncome": "14594000"}, {"fiscalDateEnding": "2014-12-31", "reportedCurrency": "USD", "grossProfit": "114469000", "totalRevenue": "294901000", "costOfRevenue": "180432000", "costofGoodsAndServicesSold": "180432000", "operatingIncome": "52372000", "sellingGeneralAndAdministrative": "19660000", "researchAndDevelopment": "0", "operatingExpenses": "62097000", "investmentIncomeNet": "None", "netInterestIncome": "None", "interestIncome": "None", "interestExpense": "14716000", "nonInterestIncome": "None", "otherNonOperatingIncome": "None", "depreciation": "None", "depreciationAndAmortization": "10971000", "incomeBeforeTax": "34840000", "incomeTaxExpense": "12539000", "interestAndDebtExpense": "None", "netIncomeFromContinuingOperations": "22301000", "comprehensiveIncomeNetOfTax": "None", "ebit": "52372000", "ebitda": "63343000", "netIncome": "22129000"}, {"fiscalDateEnding": "2014-09-30", "reportedCurrency": "USD", "grossProfit": "111785000", "totalRevenue": "294479000", "costOfRevenue": "182694000", "costofGoodsAndServicesSold": "182694000", "operatingIncome": "51936000", "sellingGeneralAndAdministrative": "18092000", "researchAndDevelopment": "0", "operatingExpenses": "59849000", "investmentIncomeNet": "None", "netInterestIncome": "None", "interestIncome": "None", "interestExpense": "14068000", "nonInterestIncome": "None", "otherNonOperatingIncome": "None", "depreciation": "None", "depreciationAndAmortization": "10325000", "incomeBeforeTax": "33156000", "incomeTaxExpense": "7703000", "interestAndDebtExpense": "None", "netIncomeFromContinuingOperations": "25453000", "comprehensiveIncomeNetOfTax": "None", "ebit": "51936000", "ebitda": "62261000", "netIncome": "25402000"}, {"fiscalDateEnding": "2014-06-30", "reportedCurrency": "USD", "grossProfit": "80734000", "totalRevenue": "213803000", "costOfRevenue": "133069000", "costofGoodsAndServicesSold": "133069000", "operatingIncome": "26643000", "sellingGeneralAndAdministrative": "13780000", "researchAndDevelopment": "0", "operatingExpenses": "44361000", "investmentIncomeNet": "None", "netInterestIncome": "None", "interestIncome": "None", "interestExpense": "9730000", "nonInterestIncome": "None", "otherNonOperatingIncome": "None", "depreciation": "None", "depreciationAndAmortization": "5935000", "incomeBeforeTax": "37362000", "incomeTaxExpense": "14905000", "interestAndDebtExpense": "None", "netIncomeFromContinuingOperations": "22457000", "comprehensiveIncomeNetOfTax": "None", "ebit": "36373000", "ebitda": "42308000", "netIncome": "22451000"}, {"fiscalDateEnding": "2014-03-31", "reportedCurrency": "USD", "grossProfit": "73779000", "totalRevenue": "201418000", "costOfRevenue": "127639000", "costofGoodsAndServicesSold": "127639000", "operatingIncome": "32082000", "sellingGeneralAndAdministrative": "13151000", "researchAndDevelopment": "0", "operatingExpenses": "41697000", "investmentIncomeNet": "None", "netInterestIncome": "None", "interestIncome": "None", "interestExpense": "9707000", "nonInterestIncome": "None", "otherNonOperatingIncome": "None", "depreciation": "None", "depreciationAndAmortization": "5436000", "incomeBeforeTax": "20796000", "incomeTaxExpense": "7775000", "interestAndDebtExpense": "None", "netIncomeFromContinuingOperations": "13021000", "comprehensiveIncomeNetOfTax": "None", "ebit": "32082000", "ebitda": "37518000", "netIncome": "13058000"}, {"fiscalDateEnding": "2013-12-31", "reportedCurrency": "USD", "grossProfit": "71389000", "totalRevenue": "189999000", "costOfRevenue": "118610000", "costofGoodsAndServicesSold": "118610000", "operatingIncome": "32850000", "sellingGeneralAndAdministrative": "12549000", "researchAndDevelopment": "0", "operatingExpenses": "38539000", "investmentIncomeNet": "None", "netInterestIncome": "None", "interestIncome": "None", "interestExpense": "9578000", "nonInterestIncome": "None", "otherNonOperatingIncome": "None", "depreciation": "None", "depreciationAndAmortization": "4842000", "incomeBeforeTax": "19935000", "incomeTaxExpense": "7536000", "interestAndDebtExpense": "None", "netIncomeFromContinuingOperations": "12399000", "comprehensiveIncomeNetOfTax": "None", "ebit": "32850000", "ebitda": "37692000", "netIncome": "12280000"}, {"fiscalDateEnding": "2013-09-30", "reportedCurrency": "USD", "grossProfit": "71107000", "totalRevenue": "184702000", "costOfRevenue": "113595000", "costofGoodsAndServicesSold": "113595000", "operatingIncome": "32736000", "sellingGeneralAndAdministrative": "11612000", "researchAndDevelopment": "0", "operatingExpenses": "38371000", "investmentIncomeNet": "None", "netInterestIncome": "None", "interestIncome": "None", "interestExpense": "9465000", "nonInterestIncome": "None", "otherNonOperatingIncome": "None", "depreciation": "None", "depreciationAndAmortization": "4414000", "incomeBeforeTax": "22287000", "incomeTaxExpense": "7741000", "interestAndDebtExpense": "None", "netIncomeFromContinuingOperations": "14546000", "comprehensiveIncomeNetOfTax": "None", "ebit": "31752000", "ebitda": "36166000", "netIncome": "14364000"}, {"fiscalDateEnding": "2013-06-30", "reportedCurrency": "USD", "grossProfit": "67117000", "totalRevenue": "177494000", "costOfRevenue": "110377000", "costofGoodsAndServicesSold": "110377000", "operatingIncome": "31091000", "sellingGeneralAndAdministrative": "11718000", "researchAndDevelopment": "0", "operatingExpenses": "36026000", "investmentIncomeNet": "None", "netInterestIncome": "None", "interestIncome": "None", "interestExpense": "9445000", "nonInterestIncome": "None", "otherNonOperatingIncome": "None", "depreciation": "None", "depreciationAndAmortization": "4212000", "incomeBeforeTax": "20291000", "incomeTaxExpense": "8020000", "interestAndDebtExpense": "None", "netIncomeFromContinuingOperations": "12271000", "comprehensiveIncomeNetOfTax": "None", "ebit": "29736000", "ebitda": "33948000", "netIncome": "12197000"}, {"fiscalDateEnding": "2013-03-31", "reportedCurrency": "USD", "grossProfit": "58264000", "totalRevenue": "161213000", "costOfRevenue": "102949000", "costofGoodsAndServicesSold": "102949000", "operatingIncome": "26318000", "sellingGeneralAndAdministrative": "11341000", "researchAndDevelopment": "0", "operatingExpenses": "31946000", "investmentIncomeNet": "None", "netInterestIncome": "None", "interestIncome": "None", "interestExpense": "8762000", "nonInterestIncome": "None", "otherNonOperatingIncome": "None", "depreciation": "None", "depreciationAndAmortization": "3622000", "incomeBeforeTax": "6732000", "incomeTaxExpense": "2678000", "interestAndDebtExpense": "None", "netIncomeFromContinuingOperations": "4054000", "comprehensiveIncomeNetOfTax": "None", "ebit": "15494000", "ebitda": "19116000", "netIncome": "3738000"}, {"fiscalDateEnding": "2012-12-31", "reportedCurrency": "USD", "grossProfit": "42855000", "totalRevenue": "114252000", "costOfRevenue": "71397000", "costofGoodsAndServicesSold": "71397000", "operatingIncome": "23201000", "sellingGeneralAndAdministrative": "7092000", "researchAndDevelopment": "0", "operatingExpenses": "21751000", "investmentIncomeNet": "None", "netInterestIncome": "None", "interestIncome": "None", "interestExpense": "7583000", "nonInterestIncome": "None", "otherNonOperatingIncome": "None", "depreciation": "None", "depreciationAndAmortization": "2650000", "incomeBeforeTax": "7506000", "incomeTaxExpense": "3018000", "interestAndDebtExpense": "None", "netIncomeFromContinuingOperations": "4447000", "comprehensiveIncomeNetOfTax": "None", "ebit": "15089000", "ebitda": "17739000", "netIncome": "4365000"}, {"fiscalDateEnding": "2012-09-30", "reportedCurrency": "USD", "grossProfit": "38397000", "totalRevenue": "103116000", "costOfRevenue": "64719000", "costofGoodsAndServicesSold": "64719000", "operatingIncome": "17744000", "sellingGeneralAndAdministrative": "7197000", "researchAndDevelopment": "0", "operatingExpenses": "20653000", "investmentIncomeNet": "None", "netInterestIncome": "None", "interestIncome": "None", "interestExpense": "7433000", "nonInterestIncome": "None", "otherNonOperatingIncome": "None", "depreciation": "None", "depreciationAndAmortization": "2076000", "incomeBeforeTax": "10311000", "incomeTaxExpense": "3723000", "interestAndDebtExpense": "None", "netIncomeFromContinuingOperations": "6588000", "comprehensiveIncomeNetOfTax": "None", "ebit": "18476000", "ebitda": "20552000", "netIncome": "6450000"}, {"fiscalDateEnding": "2012-06-30", "reportedCurrency": "USD", "grossProfit": "95658000", "totalRevenue": "100530000", "costOfRevenue": "4872000", "costofGoodsAndServicesSold": "4872000", "operatingIncome": "10020000", "sellingGeneralAndAdministrative": "66114000", "researchAndDevelopment": "0", "operatingExpenses": "78167000", "investmentIncomeNet": "None", "netInterestIncome": "None", "interestIncome": "None", "interestExpense": "7471000", "nonInterestIncome": "None", "otherNonOperatingIncome": "None", "depreciation": "None", "depreciationAndAmortization": "1646000", "incomeBeforeTax": "10020000", "incomeTaxExpense": "3919000", "interestAndDebtExpense": "None", "netIncomeFromContinuingOperations": "6101000", "comprehensiveIncomeNetOfTax": "None", "ebit": "17491000", "ebitda": "19137000", "netIncome": "5909000"}, {"fiscalDateEnding": "2012-03-31", "reportedCurrency": "USD", "grossProfit": "86841000", "totalRevenue": "91298000", "costOfRevenue": "4457000", "costofGoodsAndServicesSold": "4457000", "operatingIncome": "12315000", "sellingGeneralAndAdministrative": "63771000", "researchAndDevelopment": "0", "operatingExpenses": "74526000", "investmentIncomeNet": "None", "netInterestIncome": "None", "interestIncome": "None", "interestExpense": "7282000", "nonInterestIncome": "None", "otherNonOperatingIncome": "None", "depreciation": "None", "depreciationAndAmortization": "1615000", "incomeBeforeTax": "5033000", "incomeTaxExpense": "1665000", "interestAndDebtExpense": "None", "netIncomeFromContinuingOperations": "3368000", "comprehensiveIncomeNetOfTax": "None", "ebit": "12269000", "ebitda": "13884000", "netIncome": "3679000"}, {"fiscalDateEnding": "2011-12-31", "reportedCurrency": "USD", "grossProfit": "25831000", "totalRevenue": "75354000", "costOfRevenue": "49523000", "costofGoodsAndServicesSold": "49523000", "operatingIncome": "-18372000", "sellingGeneralAndAdministrative": "37175000", "researchAndDevelopment": "0", "operatingExpenses": "44203000", "investmentIncomeNet": "None", "netInterestIncome": "None", "interestIncome": "None", "interestExpense": "9191000", "nonInterestIncome": "None", "otherNonOperatingIncome": "None", "depreciation": "None", "depreciationAndAmortization": "1174000", "incomeBeforeTax": "-23420000", "incomeTaxExpense": "-8765000", "interestAndDebtExpense": "None", "netIncomeFromContinuingOperations": "0", "comprehensiveIncomeNetOfTax": "None", "ebit": "-18372000", "ebitda": "-17198000", "netIncome": "-15909000"}, {"fiscalDateEnding": "2011-09-30", "reportedCurrency": "USD", "grossProfit": "19900000", "totalRevenue": "63058000", "costOfRevenue": "43158000", "costofGoodsAndServicesSold": "43158000", "operatingIncome": "6514000", "sellingGeneralAndAdministrative": "6793000", "researchAndDevelopment": "0", "operatingExpenses": "13386000", "investmentIncomeNet": "None", "netInterestIncome": "None", "interestIncome": "None", "interestExpense": "1928000", "nonInterestIncome": "None", "otherNonOperatingIncome": "None", "depreciation": "None", "depreciationAndAmortization": "915000", "incomeBeforeTax": "4586000", "incomeTaxExpense": "864000", "interestAndDebtExpense": "None", "netIncomeFromContinuingOperations": "3722000", "comprehensiveIncomeNetOfTax": "None", "ebit": "6401000", "ebitda": "7316000", "netIncome": "3123000"}, {"fiscalDateEnding": "2011-06-30", "reportedCurrency": "USD", "grossProfit": "1237000", "totalRevenue": "63575000", "costOfRevenue": "62338000", "costofGoodsAndServicesSold": "62338000", "operatingIncome": "-18946000", "sellingGeneralAndAdministrative": "10276000", "researchAndDevelopment": "0", "operatingExpenses": "18191000", "investmentIncomeNet": "None", "netInterestIncome": "None", "interestIncome": "None", "interestExpense": "1992000", "nonInterestIncome": "None", "otherNonOperatingIncome": "None", "depreciation": "None", "depreciationAndAmortization": "1956000", "incomeBeforeTax": "-18946000", "incomeTaxExpense": "2789000", "interestAndDebtExpense": "None", "netIncomeFromContinuingOperations": "0", "comprehensiveIncomeNetOfTax": "None", "ebit": "-16954000", "ebitda": "-14998000", "netIncome": "-21857000"}, {"fiscalDateEnding": "2011-03-31", "reportedCurrency": "USD", "grossProfit": "15913000", "totalRevenue": "16846000", "costOfRevenue": "933000", "costofGoodsAndServicesSold": "933000", "operatingIncome": "-305000", "sellingGeneralAndAdministrative": "14089000", "researchAndDevelopment": "0", "operatingExpenses": "16218000", "investmentIncomeNet": "None", "netInterestIncome": "None", "interestIncome": "None", "interestExpense": "223000", "nonInterestIncome": "None", "otherNonOperatingIncome": "None", "depreciation": "None", "depreciationAndAmortization": "243000", "incomeBeforeTax": "-528000", "incomeTaxExpense": "-271000", "interestAndDebtExpense": "None", "netIncomeFromContinuingOperations": "0", "comprehensiveIncomeNetOfTax": "None", "ebit": "-305000", "ebitda": "-62000", "netIncome": "-249000"}, {"fiscalDateEnding": "2010-12-31", "reportedCurrency": "USD", "grossProfit": "3230000", "totalRevenue": "13759000", "costOfRevenue": "10529000", "costofGoodsAndServicesSold": "10529000", "operatingIncome": "2133000", "sellingGeneralAndAdministrative": "762000", "researchAndDevelopment": "0", "operatingExpenses": "1097000", "investmentIncomeNet": "None", "netInterestIncome": "None", "interestIncome": "None", "interestExpense": "189000", "nonInterestIncome": "None", "otherNonOperatingIncome": "None", "depreciation": "None", "depreciationAndAmortization": "248000", "incomeBeforeTax": "1026000", "incomeTaxExpense": "18000", "interestAndDebtExpense": "None", "netIncomeFromContinuingOperations": "0", "comprehensiveIncomeNetOfTax": "None", "ebit": "1215000", "ebitda": "1463000", "netIncome": "524000"}, {"fiscalDateEnding": "2010-09-30", "reportedCurrency": "USD", "grossProfit": "5399000", "totalRevenue": "15872000", "costOfRevenue": "10473000", "costofGoodsAndServicesSold": "10473000", "operatingIncome": "2012000", "sellingGeneralAndAdministrative": "786000", "researchAndDevelopment": "0", "operatingExpenses": "3387000", "investmentIncomeNet": "None", "netInterestIncome": "None", "interestIncome": "None", "interestExpense": "191000", "nonInterestIncome": "None", "otherNonOperatingIncome": "None", "depreciation": "None", "depreciationAndAmortization": "248000", "incomeBeforeTax": "1821000", "incomeTaxExpense": "172000", "interestAndDebtExpense": "None", "netIncomeFromContinuingOperations": "0", "comprehensiveIncomeNetOfTax": "None", "ebit": "2012000", "ebitda": "2260000", "netIncome": "1566000"}, {"fiscalDateEnding": "2010-06-30", "reportedCurrency": "USD", "grossProfit": "0", "totalRevenue": "32472000", "costOfRevenue": "22880000", "costofGoodsAndServicesSold": "22880000", "operatingIncome": "4682000", "sellingGeneralAndAdministrative": "4430000", "researchAndDevelopment": "0", "operatingExpenses": "0", "investmentIncomeNet": "None", "netInterestIncome": "None", "interestIncome": "None", "interestExpense": "358000", "nonInterestIncome": "None", "otherNonOperatingIncome": "None", "depreciation": "None", "depreciationAndAmortization": "None", "incomeBeforeTax": "4311000", "incomeTaxExpense": "287000", "interestAndDebtExpense": "None", "netIncomeFromContinuingOperations": "0", "comprehensiveIncomeNetOfTax": "None", "ebit": "0", "ebitda": "None", "netIncome": "4120000"}]}