{"symbol": "ORCL", "annualReports": [{"fiscalDateEnding": "2025-05-31", "reportedCurrency": "USD", "grossProfit": "40472000000", "totalRevenue": "57399000000", "costOfRevenue": "16927000000", "costofGoodsAndServicesSold": "16927000000", "operatingIncome": "17678000000", "sellingGeneralAndAdministrative": "1602000000", "researchAndDevelopment": "9860000000", "operatingExpenses": "22794000000", "investmentIncomeNet": "None", "netInterestIncome": "-3000000000", "interestIncome": "578000000", "interestExpense": "3578000000", "nonInterestIncome": "None", "otherNonOperatingIncome": "None", "depreciation": "None", "depreciationAndAmortization": "6174000000", "incomeBeforeTax": "14160000000", "incomeTaxExpense": "1717000000", "interestAndDebtExpense": "None", "netIncomeFromContinuingOperations": "12443000000", "comprehensiveIncomeNetOfTax": "None", "ebit": "17738000000", "ebitda": "23912000000", "netIncome": "12443000000"}, {"fiscalDateEnding": "2024-05-31", "reportedCurrency": "USD", "grossProfit": "37818000000", "totalRevenue": "52961000000", "costOfRevenue": "15143000000", "costofGoodsAndServicesSold": "15143000000", "operatingIncome": "15353000000", "sellingGeneralAndAdministrative": "1548000000", "researchAndDevelopment": "8915000000", "operatingExpenses": "22465000000", "investmentIncomeNet": "None", "netInterestIncome": "-3063000000", "interestIncome": "451000000", "interestExpense": "3514000000", "nonInterestIncome": "None", "otherNonOperatingIncome": "None", "depreciation": "None", "depreciationAndAmortization": "6139000000", "incomeBeforeTax": "11741000000", "incomeTaxExpense": "1274000000", "interestAndDebtExpense": "None", "netIncomeFromContinuingOperations": "10467000000", "comprehensiveIncomeNetOfTax": "None", "ebit": "15255000000", "ebitda": "21394000000", "netIncome": "10467000000"}, {"fiscalDateEnding": "2023-05-31", "reportedCurrency": "USD", "grossProfit": "36390000000", "totalRevenue": "49954000000", "costOfRevenue": "13564000000", "costofGoodsAndServicesSold": "13564000000", "operatingIncome": "13093000000", "sellingGeneralAndAdministrative": "1579000000", "researchAndDevelopment": "8623000000", "operatingExpenses": "23297000000", "investmentIncomeNet": "None", "netInterestIncome": "-3505000000", "interestIncome": "285000000", "interestExpense": "3505000000", "nonInterestIncome": "None", "otherNonOperatingIncome": "None", "depreciation": "None", "depreciationAndAmortization": "6108000000", "incomeBeforeTax": "9126000000", "incomeTaxExpense": "623000000", "interestAndDebtExpense": "None", "netIncomeFromContinuingOperations": "8503000000", "comprehensiveIncomeNetOfTax": "None", "ebit": "12631000000", "ebitda": "18739000000", "netIncome": "8503000000"}, {"fiscalDateEnding": "2022-05-31", "reportedCurrency": "USD", "grossProfit": "33563000000", "totalRevenue": "42440000000", "costOfRevenue": "8877000000", "costofGoodsAndServicesSold": "8877000000", "operatingIncome": "10926000000", "sellingGeneralAndAdministrative": "1317000000", "researchAndDevelopment": "7219000000", "operatingExpenses": "22637000000", "investmentIncomeNet": "None", "netInterestIncome": "-2755000000", "interestIncome": "94000000", "interestExpense": "2755000000", "nonInterestIncome": "None", "otherNonOperatingIncome": "None", "depreciation": "None", "depreciationAndAmortization": "3122000000", "incomeBeforeTax": "7649000000", "incomeTaxExpense": "932000000", "interestAndDebtExpense": "None", "netIncomeFromContinuingOperations": "6717000000", "comprehensiveIncomeNetOfTax": "None", "ebit": "10404000000", "ebitda": "13526000000", "netIncome": "6717000000"}, {"fiscalDateEnding": "2021-05-31", "reportedCurrency": "USD", "grossProfit": "32624000000", "totalRevenue": "40479000000", "costOfRevenue": "7855000000", "costofGoodsAndServicesSold": "7855000000", "operatingIncome": "15213000000", "sellingGeneralAndAdministrative": "1254000000", "researchAndDevelopment": "6527000000", "operatingExpenses": "17411000000", "investmentIncomeNet": "None", "netInterestIncome": "-2496000000", "interestIncome": "101000000", "interestExpense": "2496000000", "nonInterestIncome": "None", "otherNonOperatingIncome": "None", "depreciation": "None", "depreciationAndAmortization": "2916000000", "incomeBeforeTax": "12999000000", "incomeTaxExpense": "-747000000", "interestAndDebtExpense": "None", "netIncomeFromContinuingOperations": "13464000000", "comprehensiveIncomeNetOfTax": "None", "ebit": "15495000000", "ebitda": "18411000000", "netIncome": "13746000000"}, {"fiscalDateEnding": "2020-05-31", "reportedCurrency": "USD", "grossProfit": "31130000000", "totalRevenue": "39068000000", "costOfRevenue": "7938000000", "costofGoodsAndServicesSold": "7938000000", "operatingIncome": "13896000000", "sellingGeneralAndAdministrative": "1181000000", "researchAndDevelopment": "6067000000", "operatingExpenses": "17234000000", "investmentIncomeNet": "None", "netInterestIncome": "-1468000000", "interestIncome": "527000000", "interestExpense": "1995000000", "nonInterestIncome": "None", "otherNonOperatingIncome": "None", "depreciation": "None", "depreciationAndAmortization": "2968000000", "incomeBeforeTax": "12063000000", "incomeTaxExpense": "1928000000", "interestAndDebtExpense": "None", "netIncomeFromContinuingOperations": "10135000000", "comprehensiveIncomeNetOfTax": "None", "ebit": "14058000000", "ebitda": "17026000000", "netIncome": "10135000000"}, {"fiscalDateEnding": "2019-05-31", "reportedCurrency": "USD", "grossProfit": "31511000000", "totalRevenue": "39506000000", "costOfRevenue": "7995000000", "costofGoodsAndServicesSold": "7995000000", "operatingIncome": "13535000000", "sellingGeneralAndAdministrative": "1265000000", "researchAndDevelopment": "6026000000", "operatingExpenses": "17976000000", "investmentIncomeNet": "None", "netInterestIncome": "-990000000", "interestIncome": "1092000000", "interestExpense": "2082000000", "nonInterestIncome": "None", "otherNonOperatingIncome": "None", "depreciation": "None", "depreciationAndAmortization": "2919000000", "incomeBeforeTax": "12268000000", "incomeTaxExpense": "1185000000", "interestAndDebtExpense": "None", "netIncomeFromContinuingOperations": "10268000000", "comprehensiveIncomeNetOfTax": "None", "ebit": "14350000000", "ebitda": "17269000000", "netIncome": "11083000000"}, {"fiscalDateEnding": "2018-05-31", "reportedCurrency": "USD", "grossProfit": "31771000000", "totalRevenue": "39831000000", "costOfRevenue": "8060000000", "costofGoodsAndServicesSold": "8060000000", "operatingIncome": "13264000000", "sellingGeneralAndAdministrative": "1282000000", "researchAndDevelopment": "6084000000", "operatingExpenses": "18077000000", "investmentIncomeNet": "None", "netInterestIncome": "-824000000", "interestIncome": "1201000000", "interestExpense": "2025000000", "nonInterestIncome": "None", "otherNonOperatingIncome": "None", "depreciation": "None", "depreciationAndAmortization": "2785000000", "incomeBeforeTax": "12424000000", "incomeTaxExpense": "8837000000", "interestAndDebtExpense": "None", "netIncomeFromContinuingOperations": "2588000000", "comprehensiveIncomeNetOfTax": "None", "ebit": "14449000000", "ebitda": "17234000000", "netIncome": "3587000000"}, {"fiscalDateEnding": "2017-05-31", "reportedCurrency": "USD", "grossProfit": "30276000000", "totalRevenue": "37728000000", "costOfRevenue": "7452000000", "costofGoodsAndServicesSold": "7452000000", "operatingIncome": "12913000000", "sellingGeneralAndAdministrative": "1172000000", "researchAndDevelopment": "6153000000", "operatingExpenses": "17427000000", "investmentIncomeNet": "None", "netInterestIncome": "-996000000", "interestIncome": "802000000", "interestExpense": "1798000000", "nonInterestIncome": "None", "otherNonOperatingIncome": "605000000", "depreciation": "None", "depreciationAndAmortization": "2451000000", "incomeBeforeTax": "11680000000", "incomeTaxExpense": "2228000000", "interestAndDebtExpense": "None", "netIncomeFromContinuingOperations": "9335000000", "comprehensiveIncomeNetOfTax": "None", "ebit": "13437000000", "ebitda": "15888000000", "netIncome": "9452000000"}, {"fiscalDateEnding": "2016-05-31", "reportedCurrency": "USD", "grossProfit": "29568000000", "totalRevenue": "37047000000", "costOfRevenue": "7479000000", "costofGoodsAndServicesSold": "7479000000", "operatingIncome": "12604000000", "sellingGeneralAndAdministrative": "1155000000", "researchAndDevelopment": "5787000000", "operatingExpenses": "16964000000", "investmentIncomeNet": "None", "netInterestIncome": "-929000000", "interestIncome": "1155000000", "interestExpense": "1467000000", "nonInterestIncome": "None", "otherNonOperatingIncome": "305000000", "depreciation": "None", "depreciationAndAmortization": "2509000000", "incomeBeforeTax": "11442000000", "incomeTaxExpense": "2541000000", "interestAndDebtExpense": "None", "netIncomeFromContinuingOperations": "8901000000", "comprehensiveIncomeNetOfTax": "None", "ebit": "12909000000", "ebitda": "15418000000", "netIncome": "8901000000"}, {"fiscalDateEnding": "2015-05-31", "reportedCurrency": "USD", "grossProfit": "30694000000", "totalRevenue": "38226000000", "costOfRevenue": "7532000000", "costofGoodsAndServicesSold": "7532000000", "operatingIncome": "13871000000", "sellingGeneralAndAdministrative": "1077000000", "researchAndDevelopment": "5524000000", "operatingExpenses": "16823000000", "investmentIncomeNet": "None", "netInterestIncome": "None", "interestIncome": "None", "interestExpense": "1143000000", "nonInterestIncome": "None", "otherNonOperatingIncome": "106000000", "depreciation": "None", "depreciationAndAmortization": "2861000000", "incomeBeforeTax": "12834000000", "incomeTaxExpense": "2896000000", "interestAndDebtExpense": "None", "netIncomeFromContinuingOperations": "9938000000", "comprehensiveIncomeNetOfTax": "None", "ebit": "13977000000", "ebitda": "16838000000", "netIncome": "9938000000"}, {"fiscalDateEnding": "2014-05-31", "reportedCurrency": "USD", "grossProfit": "31039000000", "totalRevenue": "38275000000", "costOfRevenue": "7236000000", "costofGoodsAndServicesSold": "7236000000", "operatingIncome": "14759000000", "sellingGeneralAndAdministrative": "1038000000", "researchAndDevelopment": "5151000000", "operatingExpenses": "16280000000", "investmentIncomeNet": "None", "netInterestIncome": "None", "interestIncome": "None", "interestExpense": "914000000", "nonInterestIncome": "None", "otherNonOperatingIncome": "-141000000", "depreciation": "None", "depreciationAndAmortization": "2908000000", "incomeBeforeTax": "13704000000", "incomeTaxExpense": "2749000000", "interestAndDebtExpense": "None", "netIncomeFromContinuingOperations": "10955000000", "comprehensiveIncomeNetOfTax": "None", "ebit": "14618000000", "ebitda": "17526000000", "netIncome": "10955000000"}, {"fiscalDateEnding": "2013-05-31", "reportedCurrency": "USD", "grossProfit": "29801000000", "totalRevenue": "37180000000", "costOfRevenue": "7379000000", "costofGoodsAndServicesSold": "7379000000", "operatingIncome": "14432000000", "sellingGeneralAndAdministrative": "1072000000", "researchAndDevelopment": "4850000000", "operatingExpenses": "15117000000", "investmentIncomeNet": "None", "netInterestIncome": "None", "interestIncome": "None", "interestExpense": "797000000", "nonInterestIncome": "None", "otherNonOperatingIncome": "11000000", "depreciation": "None", "depreciationAndAmortization": "2931000000", "incomeBeforeTax": "13898000000", "incomeTaxExpense": "2973000000", "interestAndDebtExpense": "None", "netIncomeFromContinuingOperations": "13898000000", "comprehensiveIncomeNetOfTax": "None", "ebit": "14695000000", "ebitda": "17626000000", "netIncome": "10925000000"}, {"fiscalDateEnding": "2012-05-31", "reportedCurrency": "USD", "grossProfit": "29126000000", "totalRevenue": "37121000000", "costOfRevenue": "7995000000", "costofGoodsAndServicesSold": "7995000000", "operatingIncome": "13706000000", "sellingGeneralAndAdministrative": "1126000000", "researchAndDevelopment": "4523000000", "operatingExpenses": "15420000000", "investmentIncomeNet": "None", "netInterestIncome": "None", "interestIncome": "None", "interestExpense": "766000000", "nonInterestIncome": "None", "otherNonOperatingIncome": "22000000", "depreciation": "None", "depreciationAndAmortization": "2916000000", "incomeBeforeTax": "12962000000", "incomeTaxExpense": "2981000000", "interestAndDebtExpense": "None", "netIncomeFromContinuingOperations": "12962000000", "comprehensiveIncomeNetOfTax": "None", "ebit": "13728000000", "ebitda": "16644000000", "netIncome": "9981000000"}, {"fiscalDateEnding": "2011-05-31", "reportedCurrency": "USD", "grossProfit": "27224000000", "totalRevenue": "35622000000", "costOfRevenue": "8398000000", "costofGoodsAndServicesSold": "8398000000", "operatingIncome": "12033000000", "sellingGeneralAndAdministrative": "970000000", "researchAndDevelopment": "4519000000", "operatingExpenses": "15191000000", "investmentIncomeNet": "None", "netInterestIncome": "None", "interestIncome": "None", "interestExpense": "808000000", "nonInterestIncome": "None", "otherNonOperatingIncome": "186000000", "depreciation": "None", "depreciationAndAmortization": "2796000000", "incomeBeforeTax": "11411000000", "incomeTaxExpense": "2864000000", "interestAndDebtExpense": "None", "netIncomeFromContinuingOperations": "8547000000", "comprehensiveIncomeNetOfTax": "None", "ebit": "12219000000", "ebitda": "15015000000", "netIncome": "8547000000"}, {"fiscalDateEnding": "2010-05-31", "reportedCurrency": "USD", "grossProfit": "21056000000", "totalRevenue": "26820000000", "costOfRevenue": "5764000000", "costofGoodsAndServicesSold": "5764000000", "operatingIncome": "9062000000", "sellingGeneralAndAdministrative": "911000000", "researchAndDevelopment": "3254000000", "operatingExpenses": "11994000000", "investmentIncomeNet": "None", "netInterestIncome": "None", "interestIncome": "None", "interestExpense": "754000000", "nonInterestIncome": "None", "otherNonOperatingIncome": "-65000000", "depreciation": "None", "depreciationAndAmortization": "2271000000", "incomeBeforeTax": "8243000000", "incomeTaxExpense": "2108000000", "interestAndDebtExpense": "None", "netIncomeFromContinuingOperations": "6135000000", "comprehensiveIncomeNetOfTax": "None", "ebit": "9051000000", "ebitda": "11322000000", "netIncome": "6135000000"}, {"fiscalDateEnding": "2009-05-31", "reportedCurrency": "USD", "grossProfit": "18458000000", "totalRevenue": "23252000000", "costOfRevenue": "4794000000", "costofGoodsAndServicesSold": "4794000000", "operatingIncome": "8321000000", "sellingGeneralAndAdministrative": "785000000", "researchAndDevelopment": "2767000000", "operatingExpenses": "10137000000", "investmentIncomeNet": "None", "netInterestIncome": "None", "interestIncome": "None", "interestExpense": "630000000", "nonInterestIncome": "None", "otherNonOperatingIncome": "None", "depreciation": "None", "depreciationAndAmortization": "1976000000", "incomeBeforeTax": "7834000000", "incomeTaxExpense": "2241000000", "interestAndDebtExpense": "None", "netIncomeFromContinuingOperations": "None", "comprehensiveIncomeNetOfTax": "None", "ebit": "8501000000", "ebitda": "10477000000", "netIncome": "5593000000"}, {"fiscalDateEnding": "2008-05-31", "reportedCurrency": "USD", "grossProfit": "17449000000", "totalRevenue": "22430000000", "costOfRevenue": "4981000000", "costofGoodsAndServicesSold": "4981000000", "operatingIncome": "7844000000", "sellingGeneralAndAdministrative": "808000000", "researchAndDevelopment": "2741000000", "operatingExpenses": "9605000000", "investmentIncomeNet": "None", "netInterestIncome": "None", "interestIncome": "None", "interestExpense": "394000000", "nonInterestIncome": "None", "otherNonOperatingIncome": "None", "depreciation": "None", "depreciationAndAmortization": "1480000000", "incomeBeforeTax": "7834000000", "incomeTaxExpense": "2313000000", "interestAndDebtExpense": "None", "netIncomeFromContinuingOperations": "None", "comprehensiveIncomeNetOfTax": "None", "ebit": "8228000000", "ebitda": "9708000000", "netIncome": "5521000000"}, {"fiscalDateEnding": "2007-05-31", "reportedCurrency": "USD", "grossProfit": "13805000000", "totalRevenue": "17996000000", "costOfRevenue": "4191000000", "costofGoodsAndServicesSold": "4191000000", "operatingIncome": "5974000000", "sellingGeneralAndAdministrative": "692000000", "researchAndDevelopment": "2195000000", "operatingExpenses": "7831000000", "investmentIncomeNet": "None", "netInterestIncome": "None", "interestIncome": "None", "interestExpense": "343000000", "nonInterestIncome": "None", "otherNonOperatingIncome": "None", "depreciation": "None", "depreciationAndAmortization": "1127000000", "incomeBeforeTax": "5986000000", "incomeTaxExpense": "1712000000", "interestAndDebtExpense": "None", "netIncomeFromContinuingOperations": "None", "comprehensiveIncomeNetOfTax": "None", "ebit": "6133000000", "ebitda": "7260000000", "netIncome": "4274000000"}, {"fiscalDateEnding": "2006-05-31", "reportedCurrency": "USD", "grossProfit": "11145000000", "totalRevenue": "14380000000", "costOfRevenue": "3235000000", "costofGoodsAndServicesSold": "3235000000", "operatingIncome": "4736000000", "sellingGeneralAndAdministrative": "555000000", "researchAndDevelopment": "1872000000", "operatingExpenses": "6409000000", "investmentIncomeNet": "None", "netInterestIncome": "None", "interestIncome": "None", "interestExpense": "169000000", "nonInterestIncome": "None", "otherNonOperatingIncome": "None", "depreciation": "None", "depreciationAndAmortization": "855000000", "incomeBeforeTax": "4810000000", "incomeTaxExpense": "1429000000", "interestAndDebtExpense": "None", "netIncomeFromContinuingOperations": "None", "comprehensiveIncomeNetOfTax": "None", "ebit": "4971000000", "ebitda": "5826000000", "netIncome": "3381000000"}], "quarterlyReports": [{"fiscalDateEnding": "2025-11-30", "reportedCurrency": "USD", "grossProfit": "10684000000", "totalRevenue": "16058000000", "costOfRevenue": "5374000000", "costofGoodsAndServicesSold": "5374000000", "operatingIncome": "4731000000", "sellingGeneralAndAdministrative": "409000000", "researchAndDevelopment": "2561000000", "operatingExpenses": "5953000000", "investmentIncomeNet": "None", "netInterestIncome": "-865000000", "interestIncome": "192000000", "interestExpense": "1057000000", "nonInterestIncome": "None", "otherNonOperatingIncome": "None", "depreciation": "None", "depreciationAndAmortization": "2110000000", "incomeBeforeTax": "6342000000", "incomeTaxExpense": "207000000", "interestAndDebtExpense": "None", "netIncomeFromContinuingOperations": "6135000000", "comprehensiveIncomeNetOfTax": "None", "ebit": "7399000000", "ebitda": "9509000000", "netIncome": "6135000000"}, {"fiscalDateEnding": "2025-08-31", "reportedCurrency": "USD", "grossProfit": "10042000000", "totalRevenue": "14926000000", "costOfRevenue": "4884000000", "costofGoodsAndServicesSold": "4884000000", "operatingIncome": "4277000000", "sellingGeneralAndAdministrative": "376000000", "researchAndDevelopment": "2491000000", "operatingExpenses": "5765000000", "investmentIncomeNet": "None", "netInterestIncome": "-820000000", "interestIncome": "103000000", "interestExpense": "923000000", "nonInterestIncome": "None", "otherNonOperatingIncome": "None", "depreciation": "None", "depreciationAndAmortization": "420000000", "incomeBeforeTax": "3427000000", "incomeTaxExpense": "500000000", "interestAndDebtExpense": "None", "netIncomeFromContinuingOperations": "2927000000", "comprehensiveIncomeNetOfTax": "None", "ebit": "4350000000", "ebitda": "4770000000", "netIncome": "2927000000"}, {"fiscalDateEnding": "2025-05-31", "reportedCurrency": "USD", "grossProfit": "11162000000", "totalRevenue": "15903000000", "costOfRevenue": "4740000000", "costofGoodsAndServicesSold": "4740000000", "operatingIncome": "5109000000", "sellingGeneralAndAdministrative": "467000000", "researchAndDevelopment": "2654000000", "operatingExpenses": "6053000000", "investmentIncomeNet": "None", "netInterestIncome": "-818000000", "interestIncome": "160000000", "interestExpense": "978000000", "nonInterestIncome": "None", "otherNonOperatingIncome": "None", "depreciation": "None", "depreciationAndAmortization": "1696000000", "incomeBeforeTax": "4151000000", "incomeTaxExpense": "724000000", "interestAndDebtExpense": "None", "netIncomeFromContinuingOperations": "3427000000", "comprehensiveIncomeNetOfTax": "None", "ebit": "5130000000", "ebitda": "6826000000", "netIncome": "3427000000"}, {"fiscalDateEnding": "2025-02-28", "reportedCurrency": "USD", "grossProfit": "9935000000", "totalRevenue": "14130000000", "costOfRevenue": "4195000000", "costofGoodsAndServicesSold": "4195000000", "operatingIncome": "4358000000", "sellingGeneralAndAdministrative": "390000000", "researchAndDevelopment": "2429000000", "operatingExpenses": "5577000000", "investmentIncomeNet": "None", "netInterestIncome": "-757000000", "interestIncome": "135000000", "interestExpense": "892000000", "nonInterestIncome": "None", "otherNonOperatingIncome": "None", "depreciation": "None", "depreciationAndAmortization": "1551000000", "incomeBeforeTax": "3448000000", "incomeTaxExpense": "512000000", "interestAndDebtExpense": "None", "netIncomeFromContinuingOperations": "2936000000", "comprehensiveIncomeNetOfTax": "None", "ebit": "4340000000", "ebitda": "5891000000", "netIncome": "2936000000"}, {"fiscalDateEnding": "2024-11-30", "reportedCurrency": "USD", "grossProfit": "9974000000", "totalRevenue": "14059000000", "costOfRevenue": "4085000000", "costofGoodsAndServicesSold": "4085000000", "operatingIncome": "4220000000", "sellingGeneralAndAdministrative": "387000000", "researchAndDevelopment": "2471000000", "operatingExpenses": "5754000000", "investmentIncomeNet": "None", "netInterestIncome": "-717000000", "interestIncome": "149000000", "interestExpense": "866000000", "nonInterestIncome": "None", "otherNonOperatingIncome": "None", "depreciation": "None", "depreciationAndAmortization": "1499000000", "incomeBeforeTax": "3390000000", "incomeTaxExpense": "239000000", "interestAndDebtExpense": "None", "netIncomeFromContinuingOperations": "3151000000", "comprehensiveIncomeNetOfTax": "None", "ebit": "4256000000", "ebitda": "5755000000", "netIncome": "3151000000"}, {"fiscalDateEnding": "2024-08-31", "reportedCurrency": "USD", "grossProfit": "9401000000", "totalRevenue": "13307000000", "costOfRevenue": "3906000000", "costofGoodsAndServicesSold": "3906000000", "operatingIncome": "3991000000", "sellingGeneralAndAdministrative": "358000000", "researchAndDevelopment": "2306000000", "operatingExpenses": "5410000000", "investmentIncomeNet": "None", "netInterestIncome": "-709000000", "interestIncome": "133000000", "interestExpense": "842000000", "nonInterestIncome": "None", "otherNonOperatingIncome": "None", "depreciation": "None", "depreciationAndAmortization": "1428000000", "incomeBeforeTax": "3169000000", "incomeTaxExpense": "240000000", "interestAndDebtExpense": "None", "netIncomeFromContinuingOperations": "2929000000", "comprehensiveIncomeNetOfTax": "None", "ebit": "4011000000", "ebitda": "5439000000", "netIncome": "2929000000"}, {"fiscalDateEnding": "2024-05-31", "reportedCurrency": "USD", "grossProfit": "10363000000", "totalRevenue": "14287000000", "costOfRevenue": "3924000000", "costofGoodsAndServicesSold": "3924000000", "operatingIncome": "4686000000", "sellingGeneralAndAdministrative": "402000000", "researchAndDevelopment": "2226000000", "operatingExpenses": "5677000000", "investmentIncomeNet": "None", "netInterestIncome": "-807000000", "interestIncome": "71000000", "interestExpense": "878000000", "nonInterestIncome": "None", "otherNonOperatingIncome": "None", "depreciation": "None", "depreciationAndAmortization": "1554000000", "incomeBeforeTax": "3782000000", "incomeTaxExpense": "639000000", "interestAndDebtExpense": "None", "netIncomeFromContinuingOperations": "3144000000", "comprehensiveIncomeNetOfTax": "None", "ebit": "4660000000", "ebitda": "6214000000", "netIncome": "3144000000"}, {"fiscalDateEnding": "2024-02-29", "reportedCurrency": "USD", "grossProfit": "9411000000", "totalRevenue": "13280000000", "costOfRevenue": "3869000000", "costofGoodsAndServicesSold": "3869000000", "operatingIncome": "3750000000", "sellingGeneralAndAdministrative": "377000000", "researchAndDevelopment": "2248000000", "operatingExpenses": "5661000000", "investmentIncomeNet": "None", "netInterestIncome": "-765000000", "interestIncome": "111000000", "interestExpense": "876000000", "nonInterestIncome": "None", "otherNonOperatingIncome": "None", "depreciation": "None", "depreciationAndAmortization": "1557000000", "incomeBeforeTax": "2865000000", "incomeTaxExpense": "464000000", "interestAndDebtExpense": "None", "netIncomeFromContinuingOperations": "2401000000", "comprehensiveIncomeNetOfTax": "None", "ebit": "3741000000", "ebitda": "5298000000", "netIncome": "2401000000"}, {"fiscalDateEnding": "2023-11-30", "reportedCurrency": "USD", "grossProfit": "9201000000", "totalRevenue": "12941000000", "costOfRevenue": "3740000000", "costofGoodsAndServicesSold": "3740000000", "operatingIncome": "3622000000", "sellingGeneralAndAdministrative": "375000000", "researchAndDevelopment": "2226000000", "operatingExpenses": "5579000000", "investmentIncomeNet": "None", "netInterestIncome": "-888000000", "interestIncome": "133000000", "interestExpense": "888000000", "nonInterestIncome": "None", "otherNonOperatingIncome": "None", "depreciation": "None", "depreciationAndAmortization": "1553000000", "incomeBeforeTax": "2720000000", "incomeTaxExpense": "217000000", "interestAndDebtExpense": "None", "netIncomeFromContinuingOperations": "2503000000", "comprehensiveIncomeNetOfTax": "None", "ebit": "3608000000", "ebitda": "5161000000", "netIncome": "2503000000"}, {"fiscalDateEnding": "2023-08-31", "reportedCurrency": "USD", "grossProfit": "8843000000", "totalRevenue": "12453000000", "costOfRevenue": "3610000000", "costofGoodsAndServicesSold": "3610000000", "operatingIncome": "3296000000", "sellingGeneralAndAdministrative": "393000000", "researchAndDevelopment": "2216000000", "operatingExpenses": "5547000000", "investmentIncomeNet": "None", "netInterestIncome": "-872000000", "interestIncome": "136000000", "interestExpense": "872000000", "nonInterestIncome": "None", "otherNonOperatingIncome": "None", "depreciation": "None", "depreciationAndAmortization": "1475000000", "incomeBeforeTax": "2375000000", "incomeTaxExpense": "-45000000", "interestAndDebtExpense": "None", "netIncomeFromContinuingOperations": "2420000000", "comprehensiveIncomeNetOfTax": "None", "ebit": "3247000000", "ebitda": "4722000000", "netIncome": "2420000000"}, {"fiscalDateEnding": "2023-05-31", "reportedCurrency": "USD", "grossProfit": "10106000000", "totalRevenue": "13836000000", "costOfRevenue": "3730000000", "costofGoodsAndServicesSold": "3730000000", "operatingIncome": "4140000000", "sellingGeneralAndAdministrative": "400000000", "researchAndDevelopment": "2226000000", "operatingExpenses": "5966000000", "investmentIncomeNet": "None", "netInterestIncome": "-955000000", "interestIncome": "105000000", "interestExpense": "955000000", "nonInterestIncome": "None", "otherNonOperatingIncome": "None", "depreciation": "None", "depreciationAndAmortization": "1586000000", "incomeBeforeTax": "3109000000", "incomeTaxExpense": "-210000000", "interestAndDebtExpense": "None", "netIncomeFromContinuingOperations": "3319000000", "comprehensiveIncomeNetOfTax": "None", "ebit": "4064000000", "ebitda": "5650000000", "netIncome": "3319000000"}, {"fiscalDateEnding": "2023-02-28", "reportedCurrency": "USD", "grossProfit": "8959000000", "totalRevenue": "12398000000", "costOfRevenue": "3439000000", "costofGoodsAndServicesSold": "3439000000", "operatingIncome": "3260000000", "sellingGeneralAndAdministrative": "402000000", "researchAndDevelopment": "2146000000", "operatingExpenses": "5699000000", "investmentIncomeNet": "None", "netInterestIncome": "-818000000", "interestIncome": "90000000", "interestExpense": "907000000", "nonInterestIncome": "None", "otherNonOperatingIncome": "None", "depreciation": "None", "depreciationAndAmortization": "1558000000", "incomeBeforeTax": "2218000000", "incomeTaxExpense": "322000000", "interestAndDebtExpense": "None", "netIncomeFromContinuingOperations": "2030000000", "comprehensiveIncomeNetOfTax": "None", "ebit": "3126000000", "ebitda": "4684000000", "netIncome": "1896000000"}, {"fiscalDateEnding": "2022-11-30", "reportedCurrency": "USD", "grossProfit": "8917000000", "totalRevenue": "12275000000", "costOfRevenue": "3358000000", "costofGoodsAndServicesSold": "3358000000", "operatingIncome": "3071000000", "sellingGeneralAndAdministrative": "366000000", "researchAndDevelopment": "2158000000", "operatingExpenses": "5846000000", "investmentIncomeNet": "None", "netInterestIncome": "-894000000", "interestIncome": "52000000", "interestExpense": "856000000", "nonInterestIncome": "None", "otherNonOperatingIncome": "None", "depreciation": "None", "depreciationAndAmortization": "1498000000", "incomeBeforeTax": "2144000000", "incomeTaxExpense": "403000000", "interestAndDebtExpense": "None", "netIncomeFromContinuingOperations": "1741000000", "comprehensiveIncomeNetOfTax": "None", "ebit": "3000000000", "ebitda": "4498000000", "netIncome": "1741000000"}, {"fiscalDateEnding": "2022-08-31", "reportedCurrency": "USD", "grossProfit": "8408000000", "totalRevenue": "11445000000", "costOfRevenue": "3037000000", "costofGoodsAndServicesSold": "3037000000", "operatingIncome": "2623000000", "sellingGeneralAndAdministrative": "411000000", "researchAndDevelopment": "2093000000", "operatingExpenses": "5785000000", "investmentIncomeNet": "None", "netInterestIncome": "-787000000", "interestIncome": "38000000", "interestExpense": "787000000", "nonInterestIncome": "None", "otherNonOperatingIncome": "None", "depreciation": "None", "depreciationAndAmortization": "1466000000", "incomeBeforeTax": "1656000000", "incomeTaxExpense": "108000000", "interestAndDebtExpense": "None", "netIncomeFromContinuingOperations": "1728000000", "comprehensiveIncomeNetOfTax": "None", "ebit": "2443000000", "ebitda": "3909000000", "netIncome": "1548000000"}, {"fiscalDateEnding": "2022-05-31", "reportedCurrency": "USD", "grossProfit": "9444000000", "totalRevenue": "11840000000", "costOfRevenue": "2397000000", "costofGoodsAndServicesSold": "2397000000", "operatingIncome": "4503000000", "sellingGeneralAndAdministrative": "364000000", "researchAndDevelopment": "1965000000", "operatingExpenses": "4941000000", "investmentIncomeNet": "None", "netInterestIncome": "-704000000", "interestIncome": "38000000", "interestExpense": "704000000", "nonInterestIncome": "None", "otherNonOperatingIncome": "None", "depreciation": "None", "depreciationAndAmortization": "831000000", "incomeBeforeTax": "3624000000", "incomeTaxExpense": "435000000", "interestAndDebtExpense": "None", "netIncomeFromContinuingOperations": "3189000000", "comprehensiveIncomeNetOfTax": "None", "ebit": "4328000000", "ebitda": "5159000000", "netIncome": "3189000000"}, {"fiscalDateEnding": "2022-02-28", "reportedCurrency": "USD", "grossProfit": "8295000000", "totalRevenue": "10513000000", "costOfRevenue": "2218000000", "costofGoodsAndServicesSold": "2218000000", "operatingIncome": "3822000000", "sellingGeneralAndAdministrative": "335000000", "researchAndDevelopment": "1816000000", "operatingExpenses": "4473000000", "investmentIncomeNet": "None", "netInterestIncome": "-651000000", "interestIncome": "16000000", "interestExpense": "667000000", "nonInterestIncome": "None", "otherNonOperatingIncome": "None", "depreciation": "None", "depreciationAndAmortization": "775000000", "incomeBeforeTax": "2840000000", "incomeTaxExpense": "521000000", "interestAndDebtExpense": "None", "netIncomeFromContinuingOperations": "2634000000", "comprehensiveIncomeNetOfTax": "None", "ebit": "3507000000", "ebitda": "4282000000", "netIncome": "2319000000"}, {"fiscalDateEnding": "2021-11-30", "reportedCurrency": "USD", "grossProfit": "8201000000", "totalRevenue": "10360000000", "costOfRevenue": "2159000000", "costofGoodsAndServicesSold": "2159000000", "operatingIncome": "-824000000", "sellingGeneralAndAdministrative": "319000000", "researchAndDevelopment": "1754000000", "operatingExpenses": "9039000000", "investmentIncomeNet": "None", "netInterestIncome": "-658000000", "interestIncome": "21000000", "interestExpense": "679000000", "nonInterestIncome": "None", "otherNonOperatingIncome": "None", "depreciation": "None", "depreciationAndAmortization": "759000000", "incomeBeforeTax": "-1496000000", "incomeTaxExpense": "-249000000", "interestAndDebtExpense": "None", "netIncomeFromContinuingOperations": "-1254000000", "comprehensiveIncomeNetOfTax": "None", "ebit": "-817000000", "ebitda": "-58000000", "netIncome": "-1247000000"}, {"fiscalDateEnding": "2021-08-31", "reportedCurrency": "USD", "grossProfit": "7625000000", "totalRevenue": "9728000000", "costOfRevenue": "2103000000", "costofGoodsAndServicesSold": "2103000000", "operatingIncome": "3427000000", "sellingGeneralAndAdministrative": "298000000", "researchAndDevelopment": "1684000000", "operatingExpenses": "4198000000", "investmentIncomeNet": "None", "netInterestIncome": "-685000000", "interestIncome": "20000000", "interestExpense": "705000000", "nonInterestIncome": "None", "otherNonOperatingIncome": "None", "depreciation": "None", "depreciationAndAmortization": "757000000", "incomeBeforeTax": "2681000000", "incomeTaxExpense": "224000000", "interestAndDebtExpense": "None", "netIncomeFromContinuingOperations": "2457000000", "comprehensiveIncomeNetOfTax": "None", "ebit": "3386000000", "ebitda": "4143000000", "netIncome": "2457000000"}, {"fiscalDateEnding": "2021-05-31", "reportedCurrency": "USD", "grossProfit": "9105000000", "totalRevenue": "11227000000", "costOfRevenue": "2122000000", "costofGoodsAndServicesSold": "2122000000", "operatingIncome": "4541000000", "sellingGeneralAndAdministrative": "305000000", "researchAndDevelopment": "1715000000", "operatingExpenses": "4564000000", "investmentIncomeNet": "None", "netInterestIncome": "-697000000", "interestIncome": "21000000", "interestExpense": "697000000", "nonInterestIncome": "None", "otherNonOperatingIncome": "None", "depreciation": "None", "depreciationAndAmortization": "752000000", "incomeBeforeTax": "4156000000", "incomeTaxExpense": "124000000", "interestAndDebtExpense": "None", "netIncomeFromContinuingOperations": "3720000000", "comprehensiveIncomeNetOfTax": "None", "ebit": "4853000000", "ebitda": "5605000000", "netIncome": "4033000000"}, {"fiscalDateEnding": "2021-02-28", "reportedCurrency": "USD", "grossProfit": "8170000000", "totalRevenue": "10085000000", "costOfRevenue": "1915000000", "costofGoodsAndServicesSold": "1915000000", "operatingIncome": "3878000000", "sellingGeneralAndAdministrative": "330000000", "researchAndDevelopment": "1621000000", "operatingExpenses": "4292000000", "investmentIncomeNet": "None", "netInterestIncome": "-585000000", "interestIncome": "23000000", "interestExpense": "585000000", "nonInterestIncome": "None", "otherNonOperatingIncome": "None", "depreciation": "None", "depreciationAndAmortization": "732000000", "incomeBeforeTax": "3276000000", "incomeTaxExpense": "-1745000000", "interestAndDebtExpense": "None", "netIncomeFromContinuingOperations": "5038000000", "comprehensiveIncomeNetOfTax": "None", "ebit": "3861000000", "ebitda": "4593000000", "netIncome": "5021000000"}, {"fiscalDateEnding": "2020-11-30", "reportedCurrency": "USD", "grossProfit": "7861000000", "totalRevenue": "9800000000", "costOfRevenue": "1939000000", "costofGoodsAndServicesSold": "1939000000", "operatingIncome": "3583000000", "sellingGeneralAndAdministrative": "324000000", "researchAndDevelopment": "1601000000", "operatingExpenses": "4278000000", "investmentIncomeNet": "None", "netInterestIncome": "-600000000", "interestIncome": "27000000", "interestExpense": "600000000", "nonInterestIncome": "None", "otherNonOperatingIncome": "None", "depreciation": "None", "depreciationAndAmortization": "731000000", "incomeBeforeTax": "2972000000", "incomeTaxExpense": "530000000", "interestAndDebtExpense": "None", "netIncomeFromContinuingOperations": "2453000000", "comprehensiveIncomeNetOfTax": "None", "ebit": "3572000000", "ebitda": "4303000000", "netIncome": "2442000000"}, {"fiscalDateEnding": "2020-08-31", "reportedCurrency": "USD", "grossProfit": "7487000000", "totalRevenue": "9367000000", "costOfRevenue": "1880000000", "costofGoodsAndServicesSold": "1880000000", "operatingIncome": "3211000000", "sellingGeneralAndAdministrative": "295000000", "researchAndDevelopment": "1589000000", "operatingExpenses": "4276000000", "investmentIncomeNet": "None", "netInterestIncome": "-583000000", "interestIncome": "31000000", "interestExpense": "614000000", "nonInterestIncome": "None", "otherNonOperatingIncome": "None", "depreciation": "None", "depreciationAndAmortization": "701000000", "incomeBeforeTax": "2595000000", "incomeTaxExpense": "344000000", "interestAndDebtExpense": "None", "netIncomeFromContinuingOperations": "2251000000", "comprehensiveIncomeNetOfTax": "None", "ebit": "3209000000", "ebitda": "3910000000", "netIncome": "2251000000"}, {"fiscalDateEnding": "2020-05-31", "reportedCurrency": "USD", "grossProfit": "8470000000", "totalRevenue": "10439000000", "costOfRevenue": "1969000000", "costofGoodsAndServicesSold": "1969000000", "operatingIncome": "4308000000", "sellingGeneralAndAdministrative": "278000000", "researchAndDevelopment": "1479000000", "operatingExpenses": "4162000000", "investmentIncomeNet": "None", "netInterestIncome": "-509000000", "interestIncome": "70000000", "interestExpense": "579000000", "nonInterestIncome": "None", "otherNonOperatingIncome": "None", "depreciation": "None", "depreciationAndAmortization": "722000000", "incomeBeforeTax": "3696000000", "incomeTaxExpense": "580000000", "interestAndDebtExpense": "None", "netIncomeFromContinuingOperations": "3116000000", "comprehensiveIncomeNetOfTax": "None", "ebit": "4275000000", "ebitda": "4997000000", "netIncome": "3116000000"}, {"fiscalDateEnding": "2020-02-29", "reportedCurrency": "USD", "grossProfit": "7832000000", "totalRevenue": "9796000000", "costOfRevenue": "1964000000", "costofGoodsAndServicesSold": "1964000000", "operatingIncome": "3528000000", "sellingGeneralAndAdministrative": "288000000", "researchAndDevelopment": "1500000000", "operatingExpenses": "4304000000", "investmentIncomeNet": "None", "netInterestIncome": "-334000000", "interestIncome": "122000000", "interestExpense": "456000000", "nonInterestIncome": "None", "otherNonOperatingIncome": "None", "depreciation": "None", "depreciationAndAmortization": "748000000", "incomeBeforeTax": "3076000000", "incomeTaxExpense": "505000000", "interestAndDebtExpense": "None", "netIncomeFromContinuingOperations": "2567000000", "comprehensiveIncomeNetOfTax": "None", "ebit": "3532000000", "ebitda": "4280000000", "netIncome": "2571000000"}, {"fiscalDateEnding": "2019-11-30", "reportedCurrency": "USD", "grossProfit": "7566000000", "totalRevenue": "9614000000", "costOfRevenue": "2048000000", "costofGoodsAndServicesSold": "2048000000", "operatingIncome": "3183000000", "sellingGeneralAndAdministrative": "323000000", "researchAndDevelopment": "1531000000", "operatingExpenses": "4383000000", "investmentIncomeNet": "None", "netInterestIncome": "-320000000", "interestIncome": "145000000", "interestExpense": "465000000", "nonInterestIncome": "None", "otherNonOperatingIncome": "None", "depreciation": "None", "depreciationAndAmortization": "748000000", "incomeBeforeTax": "2810000000", "incomeTaxExpense": "499000000", "interestAndDebtExpense": "None", "netIncomeFromContinuingOperations": "2219000000", "comprehensiveIncomeNetOfTax": "None", "ebit": "3275000000", "ebitda": "4023000000", "netIncome": "2311000000"}, {"fiscalDateEnding": "2019-08-31", "reportedCurrency": "USD", "grossProfit": "7261000000", "totalRevenue": "9218000000", "costOfRevenue": "1957000000", "costofGoodsAndServicesSold": "1957000000", "operatingIncome": "2877000000", "sellingGeneralAndAdministrative": "292000000", "researchAndDevelopment": "1557000000", "operatingExpenses": "4384000000", "investmentIncomeNet": "None", "netInterestIncome": "-304000000", "interestIncome": "190000000", "interestExpense": "494000000", "nonInterestIncome": "None", "otherNonOperatingIncome": "None", "depreciation": "None", "depreciationAndAmortization": "750000000", "incomeBeforeTax": "2482000000", "incomeTaxExpense": "345000000", "interestAndDebtExpense": "None", "netIncomeFromContinuingOperations": "2038000000", "comprehensiveIncomeNetOfTax": "None", "ebit": "2976000000", "ebitda": "3726000000", "netIncome": "2137000000"}, {"fiscalDateEnding": "2019-05-31", "reportedCurrency": "USD", "grossProfit": "9073000000", "totalRevenue": "11136000000", "costOfRevenue": "2063000000", "costofGoodsAndServicesSold": "2063000000", "operatingIncome": "4257000000", "sellingGeneralAndAdministrative": "330000000", "researchAndDevelopment": "1562000000", "operatingExpenses": "4817000000", "investmentIncomeNet": "None", "netInterestIncome": "-323000000", "interestIncome": "202000000", "interestExpense": "525000000", "nonInterestIncome": "None", "otherNonOperatingIncome": "None", "depreciation": "None", "depreciationAndAmortization": "754000000", "incomeBeforeTax": "3866000000", "incomeTaxExpense": "126000000", "interestAndDebtExpense": "None", "netIncomeFromContinuingOperations": "3606000000", "comprehensiveIncomeNetOfTax": "None", "ebit": "4391000000", "ebitda": "5145000000", "netIncome": "3740000000"}, {"fiscalDateEnding": "2019-02-28", "reportedCurrency": "USD", "grossProfit": "7638000000", "totalRevenue": "9614000000", "costOfRevenue": "1976000000", "costofGoodsAndServicesSold": "1976000000", "operatingIncome": "3399000000", "sellingGeneralAndAdministrative": "316000000", "researchAndDevelopment": "1426000000", "operatingExpenses": "4239000000", "investmentIncomeNet": "None", "netInterestIncome": "-263000000", "interestIncome": "246000000", "interestExpense": "509000000", "nonInterestIncome": "None", "otherNonOperatingIncome": "None", "depreciation": "None", "depreciationAndAmortization": "741000000", "incomeBeforeTax": "3088000000", "incomeTaxExpense": "343000000", "interestAndDebtExpense": "None", "netIncomeFromContinuingOperations": "2547000000", "comprehensiveIncomeNetOfTax": "None", "ebit": "3597000000", "ebitda": "4338000000", "netIncome": "2745000000"}, {"fiscalDateEnding": "2018-11-30", "reportedCurrency": "USD", "grossProfit": "7561000000", "totalRevenue": "9562000000", "costOfRevenue": "2001000000", "costofGoodsAndServicesSold": "2001000000", "operatingIncome": "3101000000", "sellingGeneralAndAdministrative": "299000000", "researchAndDevelopment": "1475000000", "operatingExpenses": "4460000000", "investmentIncomeNet": "None", "netInterestIncome": "None", "interestIncome": "None", "interestExpense": "519000000", "nonInterestIncome": "None", "otherNonOperatingIncome": "None", "depreciation": "None", "depreciationAndAmortization": "704000000", "incomeBeforeTax": "2774000000", "incomeTaxExpense": "441000000", "interestAndDebtExpense": "None", "netIncomeFromContinuingOperations": "2141000000", "comprehensiveIncomeNetOfTax": "None", "ebit": "3293000000", "ebitda": "3997000000", "netIncome": "2333000000"}, {"fiscalDateEnding": "2018-08-31", "reportedCurrency": "USD", "grossProfit": "7240000000", "totalRevenue": "9193000000", "costOfRevenue": "1953000000", "costofGoodsAndServicesSold": "1953000000", "operatingIncome": "2778000000", "sellingGeneralAndAdministrative": "321000000", "researchAndDevelopment": "1564000000", "operatingExpenses": "4462000000", "investmentIncomeNet": "None", "netInterestIncome": "None", "interestIncome": "None", "interestExpense": "529000000", "nonInterestIncome": "None", "otherNonOperatingIncome": "None", "depreciation": "None", "depreciationAndAmortization": "720000000", "incomeBeforeTax": "2540000000", "incomeTaxExpense": "275000000", "interestAndDebtExpense": "None", "netIncomeFromContinuingOperations": "1974000000", "comprehensiveIncomeNetOfTax": "None", "ebit": "3069000000", "ebitda": "3789000000", "netIncome": "2265000000"}, {"fiscalDateEnding": "2018-05-31", "reportedCurrency": "USD", "grossProfit": "9078000000", "totalRevenue": "11251000000", "costOfRevenue": "2173000000", "costofGoodsAndServicesSold": "2173000000", "operatingIncome": "4380000000", "sellingGeneralAndAdministrative": "305000000", "researchAndDevelopment": "1544000000", "operatingExpenses": "4693000000", "investmentIncomeNet": "None", "netInterestIncome": "None", "interestIncome": "None", "interestExpense": "548000000", "nonInterestIncome": "None", "otherNonOperatingIncome": "None", "depreciation": "None", "depreciationAndAmortization": "702000000", "incomeBeforeTax": "4140000000", "incomeTaxExpense": "733000000", "interestAndDebtExpense": "None", "netIncomeFromContinuingOperations": "2169000000", "comprehensiveIncomeNetOfTax": "None", "ebit": "4688000000", "ebitda": "5390000000", "netIncome": "3276000000"}, {"fiscalDateEnding": "2018-02-28", "reportedCurrency": "USD", "grossProfit": "7775000000", "totalRevenue": "9771000000", "costOfRevenue": "1996000000", "costofGoodsAndServicesSold": "1996000000", "operatingIncome": "3315000000", "sellingGeneralAndAdministrative": "339000000", "researchAndDevelopment": "1496000000", "operatingExpenses": "4365000000", "investmentIncomeNet": "None", "netInterestIncome": "None", "interestIncome": "None", "interestExpense": "533000000", "nonInterestIncome": "None", "otherNonOperatingIncome": "423000000", "depreciation": "None", "depreciationAndAmortization": "137000000", "incomeBeforeTax": "3191000000", "incomeTaxExpense": "7238000000", "interestAndDebtExpense": "None", "netIncomeFromContinuingOperations": "-4024000000", "comprehensiveIncomeNetOfTax": "None", "ebit": "3395000000", "ebitda": "3532000000", "netIncome": "-4047000000"}, {"fiscalDateEnding": "2017-11-30", "reportedCurrency": "USD", "grossProfit": "7661000000", "totalRevenue": "9621000000", "costOfRevenue": "1960000000", "costofGoodsAndServicesSold": "1960000000", "operatingIncome": "3039000000", "sellingGeneralAndAdministrative": "320000000", "researchAndDevelopment": "1473000000", "operatingExpenses": "4609000000", "investmentIncomeNet": "None", "netInterestIncome": "None", "interestIncome": "None", "interestExpense": "475000000", "nonInterestIncome": "None", "otherNonOperatingIncome": "273000000", "depreciation": "None", "depreciationAndAmortization": "688000000", "incomeBeforeTax": "2826000000", "incomeTaxExpense": "612000000", "interestAndDebtExpense": "None", "netIncomeFromContinuingOperations": "2233000000", "comprehensiveIncomeNetOfTax": "None", "ebit": "3301000000", "ebitda": "3989000000", "netIncome": "2214000000"}, {"fiscalDateEnding": "2017-08-31", "reportedCurrency": "USD", "grossProfit": "7259000000", "totalRevenue": "9187000000", "costOfRevenue": "1928000000", "costofGoodsAndServicesSold": "1928000000", "operatingIncome": "2749000000", "sellingGeneralAndAdministrative": "319000000", "researchAndDevelopment": "1572000000", "operatingExpenses": "4427000000", "investmentIncomeNet": "None", "netInterestIncome": "None", "interestIncome": "None", "interestExpense": "469000000", "nonInterestIncome": "None", "otherNonOperatingIncome": "233000000", "depreciation": "None", "depreciationAndAmortization": "696000000", "incomeBeforeTax": "2500000000", "incomeTaxExpense": "356000000", "interestAndDebtExpense": "None", "netIncomeFromContinuingOperations": "2210000000", "comprehensiveIncomeNetOfTax": "None", "ebit": "2969000000", "ebitda": "3665000000", "netIncome": "2144000000"}, {"fiscalDateEnding": "2017-05-31", "reportedCurrency": "USD", "grossProfit": "8889000000", "totalRevenue": "10892000000", "costOfRevenue": "2003000000", "costofGoodsAndServicesSold": "2003000000", "operatingIncome": "4074000000", "sellingGeneralAndAdministrative": "317000000", "researchAndDevelopment": "1608000000", "operatingExpenses": "4816000000", "investmentIncomeNet": "None", "netInterestIncome": "None", "interestIncome": "None", "interestExpense": "481000000", "nonInterestIncome": "None", "otherNonOperatingIncome": "169000000", "depreciation": "None", "depreciationAndAmortization": "772000000", "incomeBeforeTax": "3761000000", "incomeTaxExpense": "529000000", "interestAndDebtExpense": "None", "netIncomeFromContinuingOperations": "3232000000", "comprehensiveIncomeNetOfTax": "None", "ebit": "4210000000", "ebitda": "4982000000", "netIncome": "3231000000"}, {"fiscalDateEnding": "2017-02-28", "reportedCurrency": "USD", "grossProfit": "7313000000", "totalRevenue": "9205000000", "costOfRevenue": "1892000000", "costofGoodsAndServicesSold": "1892000000", "operatingIncome": "2959000000", "sellingGeneralAndAdministrative": "241000000", "researchAndDevelopment": "1521000000", "operatingExpenses": "4362000000", "investmentIncomeNet": "None", "netInterestIncome": "None", "interestIncome": "None", "interestExpense": "450000000", "nonInterestIncome": "None", "otherNonOperatingIncome": "189000000", "depreciation": "None", "depreciationAndAmortization": "371000000", "incomeBeforeTax": "2698000000", "incomeTaxExpense": "459000000", "interestAndDebtExpense": "None", "netIncomeFromContinuingOperations": "2239000000", "comprehensiveIncomeNetOfTax": "None", "ebit": "3150000000", "ebitda": "3521000000", "netIncome": "2239000000"}, {"fiscalDateEnding": "2016-11-30", "reportedCurrency": "USD", "grossProfit": "7238000000", "totalRevenue": "9035000000", "costOfRevenue": "1797000000", "costofGoodsAndServicesSold": "1797000000", "operatingIncome": "3037000000", "sellingGeneralAndAdministrative": "303000000", "researchAndDevelopment": "1510000000", "operatingExpenses": "4201000000", "investmentIncomeNet": "None", "netInterestIncome": "None", "interestIncome": "None", "interestExpense": "451000000", "nonInterestIncome": "None", "otherNonOperatingIncome": "99000000", "depreciation": "None", "depreciationAndAmortization": "314000000", "incomeBeforeTax": "2685000000", "incomeTaxExpense": "653000000", "interestAndDebtExpense": "None", "netIncomeFromContinuingOperations": "2032000000", "comprehensiveIncomeNetOfTax": "None", "ebit": "3163000000", "ebitda": "3477000000", "netIncome": "2032000000"}, {"fiscalDateEnding": "2016-08-31", "reportedCurrency": "USD", "grossProfit": "6819000000", "totalRevenue": "8595000000", "costOfRevenue": "1776000000", "costofGoodsAndServicesSold": "1776000000", "operatingIncome": "2641000000", "sellingGeneralAndAdministrative": "315000000", "researchAndDevelopment": "1520000000", "operatingExpenses": "4178000000", "investmentIncomeNet": "None", "netInterestIncome": "None", "interestIncome": "None", "interestExpense": "416000000", "nonInterestIncome": "None", "otherNonOperatingIncome": "148000000", "depreciation": "None", "depreciationAndAmortization": "533000000", "incomeBeforeTax": "2373000000", "incomeTaxExpense": "541000000", "interestAndDebtExpense": "None", "netIncomeFromContinuingOperations": "1832000000", "comprehensiveIncomeNetOfTax": "None", "ebit": "2789000000", "ebitda": "3322000000", "netIncome": "1832000000"}, {"fiscalDateEnding": "2016-05-31", "reportedCurrency": "USD", "grossProfit": "8658000000", "totalRevenue": "10594000000", "costOfRevenue": "1936000000", "costofGoodsAndServicesSold": "1936000000", "operatingIncome": "3968000000", "sellingGeneralAndAdministrative": "323000000", "researchAndDevelopment": "1534000000", "operatingExpenses": "4690000000", "investmentIncomeNet": "None", "netInterestIncome": "None", "interestIncome": "None", "interestExpense": "362000000", "nonInterestIncome": "None", "otherNonOperatingIncome": "126000000", "depreciation": "None", "depreciationAndAmortization": "1170000000", "incomeBeforeTax": "3732000000", "incomeTaxExpense": "918000000", "interestAndDebtExpense": "None", "netIncomeFromContinuingOperations": "2815000000", "comprehensiveIncomeNetOfTax": "None", "ebit": "4140000000", "ebitda": "5310000000", "netIncome": "2814000000"}, {"fiscalDateEnding": "2016-02-29", "reportedCurrency": "USD", "grossProfit": "7173000000", "totalRevenue": "9012000000", "costOfRevenue": "1839000000", "costofGoodsAndServicesSold": "1839000000", "operatingIncome": "3027000000", "sellingGeneralAndAdministrative": "290000000", "researchAndDevelopment": "1419000000", "operatingExpenses": "4146000000", "investmentIncomeNet": "None", "netInterestIncome": "None", "interestIncome": "None", "interestExpense": "360000000", "nonInterestIncome": "None", "otherNonOperatingIncome": "65000000", "depreciation": "None", "depreciationAndAmortization": "435000000", "incomeBeforeTax": "2732000000", "incomeTaxExpense": "590000000", "interestAndDebtExpense": "None", "netIncomeFromContinuingOperations": "2142000000", "comprehensiveIncomeNetOfTax": "None", "ebit": "3153000000", "ebitda": "3588000000", "netIncome": "2142000000"}, {"fiscalDateEnding": "2015-11-30", "reportedCurrency": "USD", "grossProfit": "7140000000", "totalRevenue": "8993000000", "costOfRevenue": "1853000000", "costofGoodsAndServicesSold": "1853000000", "operatingIncome": "2955000000", "sellingGeneralAndAdministrative": "285000000", "researchAndDevelopment": "1444000000", "operatingExpenses": "4185000000", "investmentIncomeNet": "None", "netInterestIncome": "None", "interestIncome": "None", "interestExpense": "371000000", "nonInterestIncome": "None", "otherNonOperatingIncome": "84000000", "depreciation": "None", "depreciationAndAmortization": "443000000", "incomeBeforeTax": "2668000000", "incomeTaxExpense": "471000000", "interestAndDebtExpense": "None", "netIncomeFromContinuingOperations": "2197000000", "comprehensiveIncomeNetOfTax": "None", "ebit": "3043000000", "ebitda": "3486000000", "netIncome": "2197000000"}, {"fiscalDateEnding": "2015-08-31", "reportedCurrency": "USD", "grossProfit": "6598000000", "totalRevenue": "8448000000", "costOfRevenue": "1850000000", "costofGoodsAndServicesSold": "1850000000", "operatingIncome": "2654000000", "sellingGeneralAndAdministrative": "257000000", "researchAndDevelopment": "1390000000", "operatingExpenses": "3944000000", "investmentIncomeNet": "None", "netInterestIncome": "None", "interestIncome": "None", "interestExpense": "374000000", "nonInterestIncome": "None", "otherNonOperatingIncome": "30000000", "depreciation": "None", "depreciationAndAmortization": "461000000", "incomeBeforeTax": "2310000000", "incomeTaxExpense": "563000000", "interestAndDebtExpense": "None", "netIncomeFromContinuingOperations": "1747000000", "comprehensiveIncomeNetOfTax": "None", "ebit": "2768000000", "ebitda": "3229000000", "netIncome": "1747000000"}, {"fiscalDateEnding": "2015-05-31", "reportedCurrency": "USD", "grossProfit": "8653000000", "totalRevenue": "10706000000", "costOfRevenue": "2053000000", "costofGoodsAndServicesSold": "2053000000", "operatingIncome": "3982000000", "sellingGeneralAndAdministrative": "278000000", "researchAndDevelopment": "1436000000", "operatingExpenses": "4671000000", "investmentIncomeNet": "None", "netInterestIncome": "None", "interestIncome": "None", "interestExpense": "325000000", "nonInterestIncome": "None", "otherNonOperatingIncome": "41000000", "depreciation": "None", "depreciationAndAmortization": "455000000", "incomeBeforeTax": "3697000000", "incomeTaxExpense": "940000000", "interestAndDebtExpense": "None", "netIncomeFromContinuingOperations": "2757000000", "comprehensiveIncomeNetOfTax": "None", "ebit": "4220000000", "ebitda": "4675000000", "netIncome": "2758000000"}, {"fiscalDateEnding": "2015-02-28", "reportedCurrency": "USD", "grossProfit": "7427000000", "totalRevenue": "9327000000", "costOfRevenue": "1900000000", "costofGoodsAndServicesSold": "1900000000", "operatingIncome": "3383000000", "sellingGeneralAndAdministrative": "252000000", "researchAndDevelopment": "1370000000", "operatingExpenses": "4044000000", "investmentIncomeNet": "None", "netInterestIncome": "None", "interestIncome": "None", "interestExpense": "273000000", "nonInterestIncome": "None", "otherNonOperatingIncome": "40000000", "depreciation": "None", "depreciationAndAmortization": "431000000", "incomeBeforeTax": "3150000000", "incomeTaxExpense": "655000000", "interestAndDebtExpense": "None", "netIncomeFromContinuingOperations": "2495000000", "comprehensiveIncomeNetOfTax": "None", "ebit": "3439000000", "ebitda": "3870000000", "netIncome": "2495000000"}, {"fiscalDateEnding": "2014-11-30", "reportedCurrency": "USD", "grossProfit": "7699000000", "totalRevenue": "9598000000", "costOfRevenue": "1899000000", "costofGoodsAndServicesSold": "1899000000", "operatingIncome": "3542000000", "sellingGeneralAndAdministrative": "272000000", "researchAndDevelopment": "1389000000", "operatingExpenses": "4157000000", "investmentIncomeNet": "None", "netInterestIncome": "None", "interestIncome": "None", "interestExpense": "282000000", "nonInterestIncome": "None", "otherNonOperatingIncome": "9000000", "depreciation": "None", "depreciationAndAmortization": "733000000", "incomeBeforeTax": "3269000000", "incomeTaxExpense": "767000000", "interestAndDebtExpense": "None", "netIncomeFromContinuingOperations": "2502000000", "comprehensiveIncomeNetOfTax": "None", "ebit": "3551000000", "ebitda": "4284000000", "netIncome": "2502000000"}, {"fiscalDateEnding": "2014-08-31", "reportedCurrency": "USD", "grossProfit": "6915000000", "totalRevenue": "8596000000", "costOfRevenue": "1681000000", "costofGoodsAndServicesSold": "1681000000", "operatingIncome": "2963000000", "sellingGeneralAndAdministrative": "276000000", "researchAndDevelopment": "1329000000", "operatingExpenses": "3952000000", "investmentIncomeNet": "None", "netInterestIncome": "None", "interestIncome": "None", "interestExpense": "261000000", "nonInterestIncome": "None", "otherNonOperatingIncome": "16000000", "depreciation": "None", "depreciationAndAmortization": "431000000", "incomeBeforeTax": "2718000000", "incomeTaxExpense": "534000000", "interestAndDebtExpense": "None", "netIncomeFromContinuingOperations": "2184000000", "comprehensiveIncomeNetOfTax": "None", "ebit": "3057000000", "ebitda": "3488000000", "netIncome": "2184000000"}, {"fiscalDateEnding": "2014-05-31", "reportedCurrency": "USD", "grossProfit": "9113000000", "totalRevenue": "11320000000", "costOfRevenue": "2207000000", "costofGoodsAndServicesSold": "2207000000", "operatingIncome": "4909000000", "sellingGeneralAndAdministrative": "265000000", "researchAndDevelopment": "1348000000", "operatingExpenses": "4204000000", "investmentIncomeNet": "None", "netInterestIncome": "None", "interestIncome": "None", "interestExpense": "240000000", "nonInterestIncome": "None", "otherNonOperatingIncome": "-81000000", "depreciation": "None", "depreciationAndAmortization": "724000000", "incomeBeforeTax": "4588000000", "incomeTaxExpense": "942000000", "interestAndDebtExpense": "None", "netIncomeFromContinuingOperations": "3646000000", "comprehensiveIncomeNetOfTax": "None", "ebit": "4828000000", "ebitda": "5552000000", "netIncome": "3646000000"}, {"fiscalDateEnding": "2014-02-28", "reportedCurrency": "USD", "grossProfit": "7532000000", "totalRevenue": "9307000000", "costOfRevenue": "1775000000", "costofGoodsAndServicesSold": "1775000000", "operatingIncome": "3567000000", "sellingGeneralAndAdministrative": "251000000", "researchAndDevelopment": "1292000000", "operatingExpenses": "3965000000", "investmentIncomeNet": "None", "netInterestIncome": "None", "interestIncome": "None", "interestExpense": "228000000", "nonInterestIncome": "None", "otherNonOperatingIncome": "None", "depreciation": "None", "depreciationAndAmortization": "710000000", "incomeBeforeTax": "3249000000", "incomeTaxExpense": "684000000", "interestAndDebtExpense": "None", "netIncomeFromContinuingOperations": "None", "comprehensiveIncomeNetOfTax": "None", "ebit": "3477000000", "ebitda": "4187000000", "netIncome": "2565000000"}, {"fiscalDateEnding": "2013-11-30", "reportedCurrency": "USD", "grossProfit": "7468000000", "totalRevenue": "9275000000", "costOfRevenue": "1807000000", "costofGoodsAndServicesSold": "1807000000", "operatingIncome": "3410000000", "sellingGeneralAndAdministrative": "262000000", "researchAndDevelopment": "1273000000", "operatingExpenses": "4058000000", "investmentIncomeNet": "None", "netInterestIncome": "None", "interestIncome": "None", "interestExpense": "230000000", "nonInterestIncome": "None", "otherNonOperatingIncome": "23000000", "depreciation": "None", "depreciationAndAmortization": "436000000", "incomeBeforeTax": "3203000000", "incomeTaxExpense": "650000000", "interestAndDebtExpense": "None", "netIncomeFromContinuingOperations": "2553000000", "comprehensiveIncomeNetOfTax": "None", "ebit": "3479000000", "ebitda": "3915000000", "netIncome": "2553000000"}, {"fiscalDateEnding": "2013-08-31", "reportedCurrency": "USD", "grossProfit": "6651000000", "totalRevenue": "8372000000", "costOfRevenue": "1721000000", "costofGoodsAndServicesSold": "1721000000", "operatingIncome": "2939000000", "sellingGeneralAndAdministrative": "260000000", "researchAndDevelopment": "1237000000", "operatingExpenses": "3778000000", "investmentIncomeNet": "None", "netInterestIncome": "None", "interestIncome": "None", "interestExpense": "217000000", "nonInterestIncome": "None", "otherNonOperatingIncome": "7000000", "depreciation": "None", "depreciationAndAmortization": "745000000", "incomeBeforeTax": "2663000000", "incomeTaxExpense": "472000000", "interestAndDebtExpense": "None", "netIncomeFromContinuingOperations": "2191000000", "comprehensiveIncomeNetOfTax": "None", "ebit": "2880000000", "ebitda": "3625000000", "netIncome": "2191000000"}, {"fiscalDateEnding": "2013-05-31", "reportedCurrency": "USD", "grossProfit": "9119000000", "totalRevenue": "10947000000", "costOfRevenue": "1828000000", "costofGoodsAndServicesSold": "1828000000", "operatingIncome": "4777000000", "sellingGeneralAndAdministrative": "274000000", "researchAndDevelopment": "1264000000", "operatingExpenses": "4119000000", "investmentIncomeNet": "None", "netInterestIncome": "None", "interestIncome": "None", "interestExpense": "209000000", "nonInterestIncome": "None", "otherNonOperatingIncome": "35000000", "depreciation": "None", "depreciationAndAmortization": "742000000", "incomeBeforeTax": "4826000000", "incomeTaxExpense": "1020000000", "interestAndDebtExpense": "None", "netIncomeFromContinuingOperations": "4826000000", "comprehensiveIncomeNetOfTax": "None", "ebit": "5035000000", "ebitda": "5777000000", "netIncome": "3806000000"}, {"fiscalDateEnding": "2013-02-28", "reportedCurrency": "USD", "grossProfit": "7242000000", "totalRevenue": "8958000000", "costOfRevenue": "1716000000", "costofGoodsAndServicesSold": "1716000000", "operatingIncome": "3408000000", "sellingGeneralAndAdministrative": "260000000", "researchAndDevelopment": "1186000000", "operatingExpenses": "3908000000", "investmentIncomeNet": "None", "netInterestIncome": "None", "interestIncome": "None", "interestExpense": "205000000", "nonInterestIncome": "None", "otherNonOperatingIncome": "-39000000", "depreciation": "None", "depreciationAndAmortization": "725000000", "incomeBeforeTax": "3090000000", "incomeTaxExpense": "586000000", "interestAndDebtExpense": "None", "netIncomeFromContinuingOperations": "3090000000", "comprehensiveIncomeNetOfTax": "None", "ebit": "3295000000", "ebitda": "4020000000", "netIncome": "2504000000"}, {"fiscalDateEnding": "2012-11-30", "reportedCurrency": "USD", "grossProfit": "7300000000", "totalRevenue": "9094000000", "costOfRevenue": "1794000000", "costofGoodsAndServicesSold": "1794000000", "operatingIncome": "3481000000", "sellingGeneralAndAdministrative": "263000000", "researchAndDevelopment": "1199000000", "operatingExpenses": "3829000000", "investmentIncomeNet": "None", "netInterestIncome": "None", "interestIncome": "None", "interestExpense": "195000000", "nonInterestIncome": "None", "otherNonOperatingIncome": "4000000", "depreciation": "None", "depreciationAndAmortization": "405000000", "incomeBeforeTax": "3280000000", "incomeTaxExpense": "699000000", "interestAndDebtExpense": "None", "netIncomeFromContinuingOperations": "3280000000", "comprehensiveIncomeNetOfTax": "None", "ebit": "3481000000", "ebitda": "3886000000", "netIncome": "2581000000"}, {"fiscalDateEnding": "2012-08-31", "reportedCurrency": "USD", "grossProfit": "6406000000", "totalRevenue": "8181000000", "costOfRevenue": "1775000000", "costofGoodsAndServicesSold": "1775000000", "operatingIncome": "2879000000", "sellingGeneralAndAdministrative": "275000000", "researchAndDevelopment": "1201000000", "operatingExpenses": "3527000000", "investmentIncomeNet": "None", "netInterestIncome": "None", "interestIncome": "None", "interestExpense": "188000000", "nonInterestIncome": "None", "otherNonOperatingIncome": "11000000", "depreciation": "None", "depreciationAndAmortization": "746000000", "incomeBeforeTax": "2702000000", "incomeTaxExpense": "668000000", "interestAndDebtExpense": "None", "netIncomeFromContinuingOperations": "2702000000", "comprehensiveIncomeNetOfTax": "None", "ebit": "2890000000", "ebitda": "3636000000", "netIncome": "2034000000"}, {"fiscalDateEnding": "2012-05-31", "reportedCurrency": "USD", "grossProfit": "8910000000", "totalRevenue": "10916000000", "costOfRevenue": "2006000000", "costofGoodsAndServicesSold": "2006000000", "operatingIncome": "4595000000", "sellingGeneralAndAdministrative": "278000000", "researchAndDevelopment": "1226000000", "operatingExpenses": "4315000000", "investmentIncomeNet": "None", "netInterestIncome": "None", "interestIncome": "None", "interestExpense": "192000000", "nonInterestIncome": "None", "otherNonOperatingIncome": "-20000000", "depreciation": "None", "depreciationAndAmortization": "776000000", "incomeBeforeTax": "4383000000", "incomeTaxExpense": "931000000", "interestAndDebtExpense": "None", "netIncomeFromContinuingOperations": "6432000000", "comprehensiveIncomeNetOfTax": "None", "ebit": "4575000000", "ebitda": "5351000000", "netIncome": "3452000000"}, {"fiscalDateEnding": "2012-02-29", "reportedCurrency": "USD", "grossProfit": "7131000000", "totalRevenue": "9039000000", "costOfRevenue": "1908000000", "costofGoodsAndServicesSold": "1908000000", "operatingIncome": "3317000000", "sellingGeneralAndAdministrative": "261000000", "researchAndDevelopment": "1145000000", "operatingExpenses": "3814000000", "investmentIncomeNet": "None", "netInterestIncome": "None", "interestIncome": "None", "interestExpense": "190000000", "nonInterestIncome": "None", "otherNonOperatingIncome": "21000000", "depreciation": "None", "depreciationAndAmortization": "730000000", "incomeBeforeTax": "3148000000", "incomeTaxExpense": "650000000", "interestAndDebtExpense": "None", "netIncomeFromContinuingOperations": "2498000000", "comprehensiveIncomeNetOfTax": "None", "ebit": "3338000000", "ebitda": "4068000000", "netIncome": "2498000000"}, {"fiscalDateEnding": "2011-11-30", "reportedCurrency": "USD", "grossProfit": "6836000000", "totalRevenue": "8792000000", "costOfRevenue": "1956000000", "costofGoodsAndServicesSold": "1956000000", "operatingIncome": "3111000000", "sellingGeneralAndAdministrative": "277000000", "researchAndDevelopment": "1102000000", "operatingExpenses": "3725000000", "investmentIncomeNet": "None", "netInterestIncome": "None", "interestIncome": "None", "interestExpense": "192000000", "nonInterestIncome": "None", "otherNonOperatingIncome": "41000000", "depreciation": "None", "depreciationAndAmortization": "701000000", "incomeBeforeTax": "2960000000", "incomeTaxExpense": "768000000", "interestAndDebtExpense": "None", "netIncomeFromContinuingOperations": "2192000000", "comprehensiveIncomeNetOfTax": "None", "ebit": "3152000000", "ebitda": "3853000000", "netIncome": "2192000000"}, {"fiscalDateEnding": "2011-08-31", "reportedCurrency": "USD", "grossProfit": "6386000000", "totalRevenue": "8374000000", "costOfRevenue": "1988000000", "costofGoodsAndServicesSold": "1988000000", "operatingIncome": "2683000000", "sellingGeneralAndAdministrative": "311000000", "researchAndDevelopment": "1050000000", "operatingExpenses": "3703000000", "investmentIncomeNet": "None", "netInterestIncome": "None", "interestIncome": "None", "interestExpense": "192000000", "nonInterestIncome": "None", "otherNonOperatingIncome": "-20000000", "depreciation": "None", "depreciationAndAmortization": "709000000", "incomeBeforeTax": "2471000000", "incomeTaxExpense": "631000000", "interestAndDebtExpense": "None", "netIncomeFromContinuingOperations": "1840000000", "comprehensiveIncomeNetOfTax": "None", "ebit": "2663000000", "ebitda": "3372000000", "netIncome": "1840000000"}, {"fiscalDateEnding": "2011-05-31", "reportedCurrency": "USD", "grossProfit": "8606000000", "totalRevenue": "10775000000", "costOfRevenue": "2169000000", "costofGoodsAndServicesSold": "2169000000", "operatingIncome": "4359000000", "sellingGeneralAndAdministrative": "256000000", "researchAndDevelopment": "1170000000", "operatingExpenses": "4247000000", "investmentIncomeNet": "None", "netInterestIncome": "None", "interestIncome": "None", "interestExpense": "195000000", "nonInterestIncome": "None", "otherNonOperatingIncome": "6000000", "depreciation": "None", "depreciationAndAmortization": "684000000", "incomeBeforeTax": "4170000000", "incomeTaxExpense": "961000000", "interestAndDebtExpense": "None", "netIncomeFromContinuingOperations": "3209000000", "comprehensiveIncomeNetOfTax": "None", "ebit": "4365000000", "ebitda": "5049000000", "netIncome": "3209000000"}, {"fiscalDateEnding": "2011-02-28", "reportedCurrency": "USD", "grossProfit": "6752000000", "totalRevenue": "8764000000", "costOfRevenue": "2012000000", "costofGoodsAndServicesSold": "2012000000", "operatingIncome": "2987000000", "sellingGeneralAndAdministrative": "286000000", "researchAndDevelopment": "1127000000", "operatingExpenses": "3765000000", "investmentIncomeNet": "None", "netInterestIncome": "None", "interestIncome": "None", "interestExpense": "204000000", "nonInterestIncome": "None", "otherNonOperatingIncome": "16000000", "depreciation": "None", "depreciationAndAmortization": "701000000", "incomeBeforeTax": "2799000000", "incomeTaxExpense": "683000000", "interestAndDebtExpense": "None", "netIncomeFromContinuingOperations": "2116000000", "comprehensiveIncomeNetOfTax": "None", "ebit": "3003000000", "ebitda": "3704000000", "netIncome": "2116000000"}, {"fiscalDateEnding": "2010-11-30", "reportedCurrency": "USD", "grossProfit": "6425000000", "totalRevenue": "8582000000", "costOfRevenue": "2157000000", "costofGoodsAndServicesSold": "2157000000", "operatingIncome": "2770000000", "sellingGeneralAndAdministrative": "156000000", "researchAndDevelopment": "1119000000", "operatingExpenses": "3655000000", "investmentIncomeNet": "None", "netInterestIncome": "None", "interestIncome": "None", "interestExpense": "214000000", "nonInterestIncome": "None", "otherNonOperatingIncome": "90000000", "depreciation": "None", "depreciationAndAmortization": "709000000", "incomeBeforeTax": "2646000000", "incomeTaxExpense": "776000000", "interestAndDebtExpense": "None", "netIncomeFromContinuingOperations": "1870000000", "comprehensiveIncomeNetOfTax": "None", "ebit": "2860000000", "ebitda": "3569000000", "netIncome": "1870000000"}, {"fiscalDateEnding": "2010-08-31", "reportedCurrency": "USD", "grossProfit": "5440000000", "totalRevenue": "7502000000", "costOfRevenue": "2062000000", "costofGoodsAndServicesSold": "2062000000", "operatingIncome": "1917000000", "sellingGeneralAndAdministrative": "272000000", "researchAndDevelopment": "1103000000", "operatingExpenses": "3523000000", "investmentIncomeNet": "None", "netInterestIncome": "None", "interestIncome": "None", "interestExpense": "196000000", "nonInterestIncome": "None", "otherNonOperatingIncome": "74000000", "depreciation": "None", "depreciationAndAmortization": "702000000", "incomeBeforeTax": "1795000000", "incomeTaxExpense": "443000000", "interestAndDebtExpense": "None", "netIncomeFromContinuingOperations": "1352000000", "comprehensiveIncomeNetOfTax": "None", "ebit": "1991000000", "ebitda": "2693000000", "netIncome": "1352000000"}, {"fiscalDateEnding": "2010-05-31", "reportedCurrency": "USD", "grossProfit": "7263000000", "totalRevenue": "9505000000", "costOfRevenue": "2242000000", "costofGoodsAndServicesSold": "2242000000", "operatingIncome": "3300000000", "sellingGeneralAndAdministrative": "292000000", "researchAndDevelopment": "1063000000", "operatingExpenses": "3963000000", "investmentIncomeNet": "None", "netInterestIncome": "None", "interestIncome": "None", "interestExpense": "201000000", "nonInterestIncome": "None", "otherNonOperatingIncome": "-24000000", "depreciation": "None", "depreciationAndAmortization": "706000000", "incomeBeforeTax": "3075000000", "incomeTaxExpense": "712000000", "interestAndDebtExpense": "None", "netIncomeFromContinuingOperations": "2364000000", "comprehensiveIncomeNetOfTax": "None", "ebit": "3276000000", "ebitda": "3982000000", "netIncome": "2363000000"}, {"fiscalDateEnding": "2010-02-28", "reportedCurrency": "USD", "grossProfit": "4985000000", "totalRevenue": "6404000000", "costOfRevenue": "1419000000", "costofGoodsAndServicesSold": "1419000000", "operatingIncome": "1843000000", "sellingGeneralAndAdministrative": "236000000", "researchAndDevelopment": "823000000", "operatingExpenses": "3142000000", "investmentIncomeNet": "None", "netInterestIncome": "None", "interestIncome": "None", "interestExpense": "186000000", "nonInterestIncome": "None", "otherNonOperatingIncome": "-75000000", "depreciation": "None", "depreciationAndAmortization": "575000000", "incomeBeforeTax": "1582000000", "incomeTaxExpense": "393000000", "interestAndDebtExpense": "None", "netIncomeFromContinuingOperations": "1189000000", "comprehensiveIncomeNetOfTax": "None", "ebit": "1768000000", "ebitda": "2343000000", "netIncome": "1189000000"}, {"fiscalDateEnding": "2009-11-30", "reportedCurrency": "USD", "grossProfit": "4762000000", "totalRevenue": "5858000000", "costOfRevenue": "1096000000", "costofGoodsAndServicesSold": "1096000000", "operatingIncome": "2178000000", "sellingGeneralAndAdministrative": "183000000", "researchAndDevelopment": "708000000", "operatingExpenses": "2584000000", "investmentIncomeNet": "None", "netInterestIncome": "None", "interestIncome": "None", "interestExpense": "188000000", "nonInterestIncome": "None", "otherNonOperatingIncome": "33000000", "depreciation": "None", "depreciationAndAmortization": "498000000", "incomeBeforeTax": "2023000000", "incomeTaxExpense": "565000000", "interestAndDebtExpense": "None", "netIncomeFromContinuingOperations": "1458000000", "comprehensiveIncomeNetOfTax": "None", "ebit": "2211000000", "ebitda": "2709000000", "netIncome": "1458000000"}, {"fiscalDateEnding": "2009-08-31", "reportedCurrency": "USD", "grossProfit": "4046000000", "totalRevenue": "5054000000", "costOfRevenue": "1008000000", "costofGoodsAndServicesSold": "1008000000", "operatingIncome": "1740000000", "sellingGeneralAndAdministrative": "201000000", "researchAndDevelopment": "660000000", "operatingExpenses": "2306000000", "investmentIncomeNet": "None", "netInterestIncome": "None", "interestIncome": "None", "interestExpense": "179000000", "nonInterestIncome": "None", "otherNonOperatingIncome": "1000000", "depreciation": "None", "depreciationAndAmortization": "492000000", "incomeBeforeTax": "1562000000", "incomeTaxExpense": "438000000", "interestAndDebtExpense": "None", "netIncomeFromContinuingOperations": "1124000000", "comprehensiveIncomeNetOfTax": "None", "ebit": "1741000000", "ebitda": "2233000000", "netIncome": "1124000000"}, {"fiscalDateEnding": "2009-05-31", "reportedCurrency": "USD", "grossProfit": "5682000000", "totalRevenue": "6861000000", "costOfRevenue": "1179000000", "costofGoodsAndServicesSold": "1179000000", "operatingIncome": "2885000000", "sellingGeneralAndAdministrative": "213000000", "researchAndDevelopment": "730000000", "operatingExpenses": "2797000000", "investmentIncomeNet": "None", "netInterestIncome": "None", "interestIncome": "None", "interestExpense": "160000000", "nonInterestIncome": "None", "otherNonOperatingIncome": "None", "depreciation": "None", "depreciationAndAmortization": "502000000", "incomeBeforeTax": "2755000000", "incomeTaxExpense": "864000000", "interestAndDebtExpense": "None", "netIncomeFromContinuingOperations": "0", "comprehensiveIncomeNetOfTax": "None", "ebit": "2884000000", "ebitda": "3386000000", "netIncome": "1891000000"}, {"fiscalDateEnding": "2009-02-28", "reportedCurrency": "USD", "grossProfit": "4342000000", "totalRevenue": "5453000000", "costOfRevenue": "1111000000", "costofGoodsAndServicesSold": "1111000000", "operatingIncome": "1940000000", "sellingGeneralAndAdministrative": "192000000", "researchAndDevelopment": "677000000", "operatingExpenses": "2402000000", "investmentIncomeNet": "None", "netInterestIncome": "None", "interestIncome": "None", "interestExpense": "154000000", "nonInterestIncome": "None", "otherNonOperatingIncome": "None", "depreciation": "None", "depreciationAndAmortization": "501000000", "incomeBeforeTax": "1810000000", "incomeTaxExpense": "481000000", "interestAndDebtExpense": "None", "netIncomeFromContinuingOperations": "0", "comprehensiveIncomeNetOfTax": "None", "ebit": "1964000000", "ebitda": "2465000000", "netIncome": "1329000000"}, {"fiscalDateEnding": "2008-11-30", "reportedCurrency": "USD", "grossProfit": "4668000000", "totalRevenue": "5607000000", "costOfRevenue": "939000000", "costofGoodsAndServicesSold": "939000000", "operatingIncome": "1975000000", "sellingGeneralAndAdministrative": "174000000", "researchAndDevelopment": "651000000", "operatingExpenses": "2693000000", "investmentIncomeNet": "None", "netInterestIncome": "None", "interestIncome": "None", "interestExpense": "157000000", "nonInterestIncome": "None", "otherNonOperatingIncome": "None", "depreciation": "None", "depreciationAndAmortization": "496000000", "incomeBeforeTax": "1826000000", "incomeTaxExpense": "530000000", "interestAndDebtExpense": "None", "netIncomeFromContinuingOperations": "0", "comprehensiveIncomeNetOfTax": "None", "ebit": "1983000000", "ebitda": "2479000000", "netIncome": "1296000000"}, {"fiscalDateEnding": "2008-08-31", "reportedCurrency": "USD", "grossProfit": "4305000000", "totalRevenue": "5331000000", "costOfRevenue": "1026000000", "costofGoodsAndServicesSold": "1026000000", "operatingIncome": "1521000000", "sellingGeneralAndAdministrative": "488000000", "researchAndDevelopment": "708000000", "operatingExpenses": "2784000000", "investmentIncomeNet": "None", "netInterestIncome": "None", "interestIncome": "None", "interestExpense": "159000000", "nonInterestIncome": "None", "otherNonOperatingIncome": "None", "depreciation": "None", "depreciationAndAmortization": "477000000", "incomeBeforeTax": "1444000000", "incomeTaxExpense": "367000000", "interestAndDebtExpense": "None", "netIncomeFromContinuingOperations": "0", "comprehensiveIncomeNetOfTax": "None", "ebit": "1603000000", "ebitda": "2080000000", "netIncome": "1077000000"}, {"fiscalDateEnding": "2008-05-31", "reportedCurrency": "USD", "grossProfit": "5898000000", "totalRevenue": "7239000000", "costOfRevenue": "1341000000", "costofGoodsAndServicesSold": "1341000000", "operatingIncome": "2970000000", "sellingGeneralAndAdministrative": "201000000", "researchAndDevelopment": "734000000", "operatingExpenses": "2928000000", "investmentIncomeNet": "None", "netInterestIncome": "None", "interestIncome": "None", "interestExpense": "129000000", "nonInterestIncome": "None", "otherNonOperatingIncome": "None", "depreciation": "None", "depreciationAndAmortization": "411000000", "incomeBeforeTax": "2941000000", "incomeTaxExpense": "904000000", "interestAndDebtExpense": "None", "netIncomeFromContinuingOperations": "0", "comprehensiveIncomeNetOfTax": "None", "ebit": "3093000000", "ebitda": "3504000000", "netIncome": "2037000000"}, {"fiscalDateEnding": "2008-02-29", "reportedCurrency": "USD", "grossProfit": "4106000000", "totalRevenue": "5349000000", "costOfRevenue": "1243000000", "costofGoodsAndServicesSold": "1243000000", "operatingIncome": "1875000000", "sellingGeneralAndAdministrative": "206000000", "researchAndDevelopment": "682000000", "operatingExpenses": "2231000000", "investmentIncomeNet": "None", "netInterestIncome": "None", "interestIncome": "None", "interestExpense": "82000000", "nonInterestIncome": "None", "otherNonOperatingIncome": "None", "depreciation": "None", "depreciationAndAmortization": "357000000", "incomeBeforeTax": "1877000000", "incomeTaxExpense": "537000000", "interestAndDebtExpense": "None", "netIncomeFromContinuingOperations": "0", "comprehensiveIncomeNetOfTax": "None", "ebit": "1843000000", "ebitda": "2200000000", "netIncome": "1340000000"}, {"fiscalDateEnding": "2007-11-30", "reportedCurrency": "USD", "grossProfit": "4075000000", "totalRevenue": "5313000000", "costOfRevenue": "1238000000", "costofGoodsAndServicesSold": "1238000000", "operatingIncome": "1782000000", "sellingGeneralAndAdministrative": "206000000", "researchAndDevelopment": "674000000", "operatingExpenses": "2293000000", "investmentIncomeNet": "None", "netInterestIncome": "None", "interestIncome": "None", "interestExpense": "89000000", "nonInterestIncome": "None", "otherNonOperatingIncome": "None", "depreciation": "None", "depreciationAndAmortization": "360000000", "incomeBeforeTax": "1815000000", "incomeTaxExpense": "512000000", "interestAndDebtExpense": "None", "netIncomeFromContinuingOperations": "0", "comprehensiveIncomeNetOfTax": "None", "ebit": "1810000000", "ebitda": "2170000000", "netIncome": "1303000000"}, {"fiscalDateEnding": "2007-08-31", "reportedCurrency": "USD", "grossProfit": "3370000000", "totalRevenue": "4529000000", "costOfRevenue": "1159000000", "costofGoodsAndServicesSold": "1159000000", "operatingIncome": "1217000000", "sellingGeneralAndAdministrative": "195000000", "researchAndDevelopment": "652000000", "operatingExpenses": "2153000000", "investmentIncomeNet": "None", "netInterestIncome": "None", "interestIncome": "None", "interestExpense": "94000000", "nonInterestIncome": "None", "otherNonOperatingIncome": "None", "depreciation": "None", "depreciationAndAmortization": "352000000", "incomeBeforeTax": "1200000000", "incomeTaxExpense": "360000000", "interestAndDebtExpense": "None", "netIncomeFromContinuingOperations": "0", "comprehensiveIncomeNetOfTax": "None", "ebit": "1264000000", "ebitda": "1616000000", "netIncome": "840000000"}, {"fiscalDateEnding": "2007-05-31", "reportedCurrency": "USD", "grossProfit": "4670000000", "totalRevenue": "5829000000", "costOfRevenue": "1159000000", "costofGoodsAndServicesSold": "1159000000", "operatingIncome": "2281000000", "sellingGeneralAndAdministrative": "190000000", "researchAndDevelopment": "599000000", "operatingExpenses": "2389000000", "investmentIncomeNet": "None", "netInterestIncome": "None", "interestIncome": "None", "interestExpense": "96000000", "nonInterestIncome": "None", "otherNonOperatingIncome": "None", "depreciation": "None", "depreciationAndAmortization": "320000000", "incomeBeforeTax": "2264000000", "incomeTaxExpense": "660000000", "interestAndDebtExpense": "None", "netIncomeFromContinuingOperations": "0", "comprehensiveIncomeNetOfTax": "None", "ebit": "2352000000", "ebitda": "2672000000", "netIncome": "1604000000"}, {"fiscalDateEnding": "2007-02-28", "reportedCurrency": "USD", "grossProfit": "3384000000", "totalRevenue": "4414000000", "costOfRevenue": "1030000000", "costofGoodsAndServicesSold": "1030000000", "operatingIncome": "1394000000", "sellingGeneralAndAdministrative": "175000000", "researchAndDevelopment": "570000000", "operatingExpenses": "1990000000", "investmentIncomeNet": "None", "netInterestIncome": "None", "interestIncome": "None", "interestExpense": "82000000", "nonInterestIncome": "None", "otherNonOperatingIncome": "None", "depreciation": "None", "depreciationAndAmortization": "282000000", "incomeBeforeTax": "1406000000", "incomeTaxExpense": "373000000", "interestAndDebtExpense": "None", "netIncomeFromContinuingOperations": "0", "comprehensiveIncomeNetOfTax": "None", "ebit": "1450000000", "ebitda": "1732000000", "netIncome": "1033000000"}, {"fiscalDateEnding": "2006-11-30", "reportedCurrency": "USD", "grossProfit": "3138000000", "totalRevenue": "4163000000", "costOfRevenue": "1025000000", "costofGoodsAndServicesSold": "1025000000", "operatingIncome": "1357000000", "sellingGeneralAndAdministrative": "170000000", "researchAndDevelopment": "519000000", "operatingExpenses": "1781000000", "investmentIncomeNet": "None", "netInterestIncome": "None", "interestIncome": "None", "interestExpense": "82000000", "nonInterestIncome": "None", "otherNonOperatingIncome": "None", "depreciation": "None", "depreciationAndAmortization": "268000000", "incomeBeforeTax": "1354000000", "incomeTaxExpense": "387000000", "interestAndDebtExpense": "None", "netIncomeFromContinuingOperations": "0", "comprehensiveIncomeNetOfTax": "None", "ebit": "1332000000", "ebitda": "1600000000", "netIncome": "967000000"}, {"fiscalDateEnding": "2006-08-31", "reportedCurrency": "USD", "grossProfit": "2611000000", "totalRevenue": "3591000000", "costOfRevenue": "980000000", "costofGoodsAndServicesSold": "980000000", "operatingIncome": "943000000", "sellingGeneralAndAdministrative": "157000000", "researchAndDevelopment": "506000000", "operatingExpenses": "1668000000", "investmentIncomeNet": "None", "netInterestIncome": "None", "interestIncome": "None", "interestExpense": "83000000", "nonInterestIncome": "None", "otherNonOperatingIncome": "None", "depreciation": "None", "depreciationAndAmortization": "257000000", "incomeBeforeTax": "962000000", "incomeTaxExpense": "292000000", "interestAndDebtExpense": "None", "netIncomeFromContinuingOperations": "0", "comprehensiveIncomeNetOfTax": "None", "ebit": "1000000000", "ebitda": "1257000000", "netIncome": "670000000"}, {"fiscalDateEnding": "2006-05-31", "reportedCurrency": "USD", "grossProfit": "3887000000", "totalRevenue": "4851000000", "costOfRevenue": "964000000", "costofGoodsAndServicesSold": "964000000", "operatingIncome": "1857000000", "sellingGeneralAndAdministrative": "409000000", "researchAndDevelopment": "537000000", "operatingExpenses": "2030000000", "investmentIncomeNet": "None", "netInterestIncome": "None", "interestIncome": "None", "interestExpense": "120000000", "nonInterestIncome": "None", "otherNonOperatingIncome": "None", "depreciation": "None", "depreciationAndAmortization": "264000000", "incomeBeforeTax": "1879000000", "incomeTaxExpense": "579000000", "interestAndDebtExpense": "None", "netIncomeFromContinuingOperations": "0", "comprehensiveIncomeNetOfTax": "None", "ebit": "1919000000", "ebitda": "2183000000", "netIncome": "1300000000"}, {"fiscalDateEnding": "2006-02-28", "reportedCurrency": "USD", "grossProfit": "2680000000", "totalRevenue": "3470000000", "costOfRevenue": "790000000", "costofGoodsAndServicesSold": "790000000", "operatingIncome": "1052000000", "sellingGeneralAndAdministrative": "146000000", "researchAndDevelopment": "467000000", "operatingExpenses": "1628000000", "investmentIncomeNet": "None", "netInterestIncome": "None", "interestIncome": "None", "interestExpense": "49000000", "nonInterestIncome": "None", "otherNonOperatingIncome": "None", "depreciation": "None", "depreciationAndAmortization": "232000000", "incomeBeforeTax": "1078000000", "incomeTaxExpense": "313000000", "interestAndDebtExpense": "None", "netIncomeFromContinuingOperations": "0", "comprehensiveIncomeNetOfTax": "None", "ebit": "1163000000", "ebitda": "1395000000", "netIncome": "765000000"}, {"fiscalDateEnding": "2005-11-30", "reportedCurrency": "USD", "grossProfit": "2535000000", "totalRevenue": "3292000000", "costOfRevenue": "757000000", "costofGoodsAndServicesSold": "757000000", "operatingIncome": "1116000000", "sellingGeneralAndAdministrative": "825000000", "researchAndDevelopment": "468000000", "operatingExpenses": "1419000000", "investmentIncomeNet": "None", "netInterestIncome": "None", "interestIncome": "None", "interestExpense": "16000000", "nonInterestIncome": "None", "otherNonOperatingIncome": "None", "depreciation": "None", "depreciationAndAmortization": "167000000", "incomeBeforeTax": "1122000000", "incomeTaxExpense": "324000000", "interestAndDebtExpense": "None", "netIncomeFromContinuingOperations": "0", "comprehensiveIncomeNetOfTax": "None", "ebit": "1126000000", "ebitda": "1293000000", "netIncome": "798000000"}]}