{"symbol": "CPAY", "annualReports": [{"fiscalDateEnding": "2025-12-31", "reportedCurrency": "None", "grossProfit": "3165923000", "totalRevenue": "4528403000", "costOfRevenue": "1362480000", "costofGoodsAndServicesSold": "1362480000", "operatingIncome": "1951847000", "sellingGeneralAndAdministrative": "733028000", "researchAndDevelopment": "None", "operatingExpenses": "1214076000", "investmentIncomeNet": "None", "netInterestIncome": "None", "interestIncome": "None", "interestExpense": "403848000", "nonInterestIncome": "None", "otherNonOperatingIncome": "None", "depreciation": "None", "depreciationAndAmortization": "393303000", "incomeBeforeTax": "1541679000", "incomeTaxExpense": "469731000", "interestAndDebtExpense": "None", "netIncomeFromContinuingOperations": "None", "comprehensiveIncomeNetOfTax": "None", "ebit": "1943405000", "ebitda": "2336708000", "netIncome": "1069826000"}, {"fiscalDateEnding": "2024-12-31", "reportedCurrency": "USD", "grossProfit": "3105504000", "totalRevenue": "3974589000", "costOfRevenue": "869085000", "costofGoodsAndServicesSold": "869085000", "operatingIncome": "1787157000", "sellingGeneralAndAdministrative": "616874000", "researchAndDevelopment": "None", "operatingExpenses": "1318347000", "investmentIncomeNet": "None", "netInterestIncome": "-383043000", "interestIncome": "None", "interestExpense": "383043000", "nonInterestIncome": "None", "otherNonOperatingIncome": "None", "depreciation": "None", "depreciationAndAmortization": "351088000", "incomeBeforeTax": "1385113000", "incomeTaxExpense": "381381000", "interestAndDebtExpense": "None", "netIncomeFromContinuingOperations": "1003732000", "comprehensiveIncomeNetOfTax": "None", "ebit": "1768156000", "ebitda": "2119244000", "netIncome": "1003746000"}, {"fiscalDateEnding": "2023-12-31", "reportedCurrency": "USD", "grossProfit": "2937811000", "totalRevenue": "3757719000", "costOfRevenue": "819908000", "costofGoodsAndServicesSold": "819908000", "operatingIncome": "1656873000", "sellingGeneralAndAdministrative": "603424000", "researchAndDevelopment": "None", "operatingExpenses": "1280938000", "investmentIncomeNet": "None", "netInterestIncome": "-348607000", "interestIncome": "None", "interestExpense": "348607000", "nonInterestIncome": "None", "otherNonOperatingIncome": "None", "depreciation": "None", "depreciationAndAmortization": "336604000", "incomeBeforeTax": "1325005000", "incomeTaxExpense": "343115000", "interestAndDebtExpense": "None", "netIncomeFromContinuingOperations": "981890000", "comprehensiveIncomeNetOfTax": "None", "ebit": "1673612000", "ebitda": "2010216000", "netIncome": "981890000"}, {"fiscalDateEnding": "2022-12-31", "reportedCurrency": "USD", "grossProfit": "2662422000", "totalRevenue": "3427129000", "costOfRevenue": "764707000", "costofGoodsAndServicesSold": "764707000", "operatingIncome": "1446641000", "sellingGeneralAndAdministrative": "584135000", "researchAndDevelopment": "None", "operatingExpenses": "1215781000", "investmentIncomeNet": "None", "netInterestIncome": "-164662000", "interestIncome": "None", "interestExpense": "164662000", "nonInterestIncome": "None", "otherNonOperatingIncome": "None", "depreciation": "None", "depreciationAndAmortization": "322282000", "incomeBeforeTax": "1275660000", "incomeTaxExpense": "321333000", "interestAndDebtExpense": "None", "netIncomeFromContinuingOperations": "954327000", "comprehensiveIncomeNetOfTax": "None", "ebit": "1440322000", "ebitda": "1762604000", "netIncome": "954327000"}, {"fiscalDateEnding": "2021-12-31", "reportedCurrency": "USD", "grossProfit": "2273917000", "totalRevenue": "2833736000", "costOfRevenue": "559819000", "costofGoodsAndServicesSold": "559819000", "operatingIncome": "1242556000", "sellingGeneralAndAdministrative": "485830000", "researchAndDevelopment": "None", "operatingExpenses": "1031361000", "investmentIncomeNet": "None", "netInterestIncome": "-113705000", "interestIncome": "None", "interestExpense": "113705000", "nonInterestIncome": "None", "otherNonOperatingIncome": "None", "depreciation": "None", "depreciationAndAmortization": "284197000", "incomeBeforeTax": "1108808000", "incomeTaxExpense": "269311000", "interestAndDebtExpense": "None", "netIncomeFromContinuingOperations": "839497000", "comprehensiveIncomeNetOfTax": "None", "ebit": "1222513000", "ebitda": "1506710000", "netIncome": "839497000"}, {"fiscalDateEnding": "2020-12-31", "reportedCurrency": "USD", "grossProfit": "1792492000", "totalRevenue": "2388855000", "costOfRevenue": "596363000", "costofGoodsAndServicesSold": "596363000", "operatingIncome": "972265000", "sellingGeneralAndAdministrative": "374678000", "researchAndDevelopment": "40200000", "operatingExpenses": "820227000", "investmentIncomeNet": "None", "netInterestIncome": "-129803000", "interestIncome": "None", "interestExpense": "129803000", "nonInterestIncome": "None", "otherNonOperatingIncome": "None", "depreciation": "None", "depreciationAndAmortization": "254801000", "incomeBeforeTax": "882525000", "incomeTaxExpense": "178309000", "interestAndDebtExpense": "None", "netIncomeFromContinuingOperations": "704216000", "comprehensiveIncomeNetOfTax": "None", "ebit": "1012329000", "ebitda": "1267130000", "netIncome": "704216000"}, {"fiscalDateEnding": "2019-12-31", "reportedCurrency": "None", "grossProfit": "2118179000", "totalRevenue": "2648848000", "costOfRevenue": "530669000", "costofGoodsAndServicesSold": "530669000", "operatingIncome": "1231430000", "sellingGeneralAndAdministrative": "407210000", "researchAndDevelopment": "37200000", "operatingExpenses": "886749000", "investmentIncomeNet": "None", "netInterestIncome": "None", "interestIncome": "None", "interestExpense": "150048000", "nonInterestIncome": "None", "otherNonOperatingIncome": "None", "depreciation": "None", "depreciationAndAmortization": "274210000", "incomeBeforeTax": "1077819000", "incomeTaxExpense": "182746000", "interestAndDebtExpense": "None", "netIncomeFromContinuingOperations": "None", "comprehensiveIncomeNetOfTax": "None", "ebit": "1227867000", "ebitda": "1502077000", "netIncome": "895073000"}, {"fiscalDateEnding": "2018-12-31", "reportedCurrency": "None", "grossProfit": "1945797000", "totalRevenue": "2433492000", "costOfRevenue": "487695000", "costofGoodsAndServicesSold": "487695000", "operatingIncome": "1090698000", "sellingGeneralAndAdministrative": "389172000", "researchAndDevelopment": "24200000", "operatingExpenses": "855099000", "investmentIncomeNet": "None", "netInterestIncome": "None", "interestIncome": "None", "interestExpense": "138494000", "nonInterestIncome": "None", "otherNonOperatingIncome": "None", "depreciation": "None", "depreciationAndAmortization": "274609000", "incomeBeforeTax": "1095125000", "incomeTaxExpense": "283642000", "interestAndDebtExpense": "None", "netIncomeFromContinuingOperations": "None", "comprehensiveIncomeNetOfTax": "None", "ebit": "1233619000", "ebitda": "1508228000", "netIncome": "811483000"}, {"fiscalDateEnding": "2017-12-31", "reportedCurrency": "None", "grossProfit": "1819925000", "totalRevenue": "2249538000", "costOfRevenue": "429613000", "costofGoodsAndServicesSold": "429613000", "operatingIncome": "883760000", "sellingGeneralAndAdministrative": "387694000", "researchAndDevelopment": "21800000", "operatingExpenses": "936165000", "investmentIncomeNet": "None", "netInterestIncome": "None", "interestIncome": "None", "interestExpense": "107146000", "nonInterestIncome": "None", "otherNonOperatingIncome": "None", "depreciation": "None", "depreciationAndAmortization": "264560000", "incomeBeforeTax": "893590000", "incomeTaxExpense": "153390000", "interestAndDebtExpense": "None", "netIncomeFromContinuingOperations": "None", "comprehensiveIncomeNetOfTax": "None", "ebit": "1000736000", "ebitda": "1265296000", "netIncome": "740200000"}, {"fiscalDateEnding": "2016-12-31", "reportedCurrency": "None", "grossProfit": "1476132000", "totalRevenue": "1831546000", "costOfRevenue": "355414000", "costofGoodsAndServicesSold": "355414000", "operatingIncome": "754153000", "sellingGeneralAndAdministrative": "283625000", "researchAndDevelopment": "17700000", "operatingExpenses": "721979000", "investmentIncomeNet": "None", "netInterestIncome": "None", "interestIncome": "None", "interestExpense": "71896000", "nonInterestIncome": "None", "otherNonOperatingIncome": "None", "depreciation": "None", "depreciationAndAmortization": "198091000", "incomeBeforeTax": "642919000", "incomeTaxExpense": "190534000", "interestAndDebtExpense": "None", "netIncomeFromContinuingOperations": "None", "comprehensiveIncomeNetOfTax": "None", "ebit": "719980000", "ebitda": "918071000", "netIncome": "452385000"}, {"fiscalDateEnding": "2015-12-31", "reportedCurrency": "None", "grossProfit": "1371792000", "totalRevenue": "1702865000", "costOfRevenue": "331073000", "costofGoodsAndServicesSold": "331073000", "operatingIncome": "667534000", "sellingGeneralAndAdministrative": "297715000", "researchAndDevelopment": "11600000", "operatingExpenses": "704258000", "investmentIncomeNet": "None", "netInterestIncome": "None", "interestIncome": "None", "interestExpense": "71339000", "nonInterestIncome": "None", "otherNonOperatingIncome": "None", "depreciation": "None", "depreciationAndAmortization": "190202000", "incomeBeforeTax": "536004000", "incomeTaxExpense": "173573000", "interestAndDebtExpense": "None", "netIncomeFromContinuingOperations": "None", "comprehensiveIncomeNetOfTax": "None", "ebit": "610594000", "ebitda": "800796000", "netIncome": "362431000"}, {"fiscalDateEnding": "2014-12-31", "reportedCurrency": "None", "grossProfit": "1026053000", "totalRevenue": "1199390000", "costOfRevenue": "173337000", "costofGoodsAndServicesSold": "173337000", "operatingIncome": "565449000", "sellingGeneralAndAdministrative": "205963000", "researchAndDevelopment": "9200000", "operatingExpenses": "460604000", "investmentIncomeNet": "None", "netInterestIncome": "None", "interestIncome": "None", "interestExpense": "28856000", "nonInterestIncome": "None", "otherNonOperatingIncome": "None", "depreciation": "None", "depreciationAndAmortization": "107246000", "incomeBeforeTax": "512943000", "incomeTaxExpense": "144236000", "interestAndDebtExpense": "None", "netIncomeFromContinuingOperations": "None", "comprehensiveIncomeNetOfTax": "None", "ebit": "546914000", "ebitda": "654160000", "netIncome": "368707000"}, {"fiscalDateEnding": "2013-12-31", "reportedCurrency": "None", "grossProfit": "761141000", "totalRevenue": "895171000", "costOfRevenue": "134030000", "costofGoodsAndServicesSold": "134030000", "operatingIncome": "420632000", "sellingGeneralAndAdministrative": "136283000", "researchAndDevelopment": "7300000", "operatingExpenses": "340509000", "investmentIncomeNet": "None", "netInterestIncome": "None", "interestIncome": "None", "interestExpense": "16461000", "nonInterestIncome": "None", "otherNonOperatingIncome": "None", "depreciation": "None", "depreciationAndAmortization": "66198000", "incomeBeforeTax": "403569000", "incomeTaxExpense": "119068000", "interestAndDebtExpense": "None", "netIncomeFromContinuingOperations": "None", "comprehensiveIncomeNetOfTax": "None", "ebit": "426569000", "ebitda": "492767000", "netIncome": "284501000"}], "quarterlyReports": [{"fiscalDateEnding": "2025-12-31", "reportedCurrency": "None", "grossProfit": "871569000", "totalRevenue": "1248226000", "costOfRevenue": "376657000", "costofGoodsAndServicesSold": "376657000", "operatingIncome": "511041000", "sellingGeneralAndAdministrative": "220464000", "researchAndDevelopment": "None", "operatingExpenses": "360528000", "investmentIncomeNet": "None", "netInterestIncome": "None", "interestIncome": "None", "interestExpense": "113019000", "nonInterestIncome": "None", "otherNonOperatingIncome": "None", "depreciation": "None", "depreciationAndAmortization": "116602000", "incomeBeforeTax": "399376000", "incomeTaxExpense": "133760000", "interestAndDebtExpense": "None", "netIncomeFromContinuingOperations": "None", "comprehensiveIncomeNetOfTax": "None", "ebit": "511263000", "ebitda": "627865000", "netIncome": "264484000"}, {"fiscalDateEnding": "2025-09-30", "reportedCurrency": "USD", "grossProfit": "830556000", "totalRevenue": "1172480000", "costOfRevenue": "341924000", "costofGoodsAndServicesSold": "341924000", "operatingIncome": "523120000", "sellingGeneralAndAdministrative": "178611000", "researchAndDevelopment": "None", "operatingExpenses": "307436000", "investmentIncomeNet": "None", "netInterestIncome": "-100035000", "interestIncome": "None", "interestExpense": "100035000", "nonInterestIncome": "None", "otherNonOperatingIncome": "None", "depreciation": "None", "depreciationAndAmortization": "93163000", "incomeBeforeTax": "421702000", "incomeTaxExpense": "143323000", "interestAndDebtExpense": "None", "netIncomeFromContinuingOperations": "278379000", "comprehensiveIncomeNetOfTax": "None", "ebit": "521737000", "ebitda": "614900000", "netIncome": "277941000"}, {"fiscalDateEnding": "2025-06-30", "reportedCurrency": "USD", "grossProfit": "863513000", "totalRevenue": "1102030000", "costOfRevenue": "238517000", "costofGoodsAndServicesSold": "238517000", "operatingIncome": "479390000", "sellingGeneralAndAdministrative": "176994000", "researchAndDevelopment": "None", "operatingExpenses": "384123000", "investmentIncomeNet": "None", "netInterestIncome": "-96872000", "interestIncome": "None", "interestExpense": "96872000", "nonInterestIncome": "None", "otherNonOperatingIncome": "None", "depreciation": "None", "depreciationAndAmortization": "91350000", "incomeBeforeTax": "393090000", "incomeTaxExpense": "109012000", "interestAndDebtExpense": "None", "netIncomeFromContinuingOperations": "284078000", "comprehensiveIncomeNetOfTax": "None", "ebit": "489962000", "ebitda": "581312000", "netIncome": "284168000"}, {"fiscalDateEnding": "2025-03-31", "reportedCurrency": "USD", "grossProfit": "783823000", "totalRevenue": "1005667000", "costOfRevenue": "221844000", "costofGoodsAndServicesSold": "221844000", "operatingIncome": "427124000", "sellingGeneralAndAdministrative": "156959000", "researchAndDevelopment": "None", "operatingExpenses": "356699000", "investmentIncomeNet": "None", "netInterestIncome": "-93922000", "interestIncome": "None", "interestExpense": "93922000", "nonInterestIncome": "None", "otherNonOperatingIncome": "None", "depreciation": "None", "depreciationAndAmortization": "92188000", "incomeBeforeTax": "327511000", "incomeTaxExpense": "83636000", "interestAndDebtExpense": "None", "netIncomeFromContinuingOperations": "243875000", "comprehensiveIncomeNetOfTax": "None", "ebit": "421433000", "ebitda": "513621000", "netIncome": "243233000"}, {"fiscalDateEnding": "2024-12-31", "reportedCurrency": "USD", "grossProfit": "805651000", "totalRevenue": "1034431000", "costOfRevenue": "228780000", "costofGoodsAndServicesSold": "228780000", "operatingIncome": "488348000", "sellingGeneralAndAdministrative": "158176000", "researchAndDevelopment": "None", "operatingExpenses": "317303000", "investmentIncomeNet": "None", "netInterestIncome": "-94837000", "interestIncome": "None", "interestExpense": "94837000", "nonInterestIncome": "None", "otherNonOperatingIncome": "None", "depreciation": "None", "depreciationAndAmortization": "92440000", "incomeBeforeTax": "387338000", "incomeTaxExpense": "141334000", "interestAndDebtExpense": "None", "netIncomeFromContinuingOperations": "246004000", "comprehensiveIncomeNetOfTax": "None", "ebit": "482175000", "ebitda": "574615000", "netIncome": "245955000"}, {"fiscalDateEnding": "2024-09-30", "reportedCurrency": "USD", "grossProfit": "805502000", "totalRevenue": "1029197000", "costOfRevenue": "223695000", "costofGoodsAndServicesSold": "223695000", "operatingIncome": "468132000", "sellingGeneralAndAdministrative": "153659000", "researchAndDevelopment": "None", "operatingExpenses": "337370000", "investmentIncomeNet": "None", "netInterestIncome": "-104441000", "interestIncome": "None", "interestExpense": "104441000", "nonInterestIncome": "None", "otherNonOperatingIncome": "None", "depreciation": "None", "depreciationAndAmortization": "89546000", "incomeBeforeTax": "358283000", "incomeTaxExpense": "82021000", "interestAndDebtExpense": "None", "netIncomeFromContinuingOperations": "276262000", "comprehensiveIncomeNetOfTax": "None", "ebit": "462724000", "ebitda": "552270000", "netIncome": "276397000"}, {"fiscalDateEnding": "2024-06-30", "reportedCurrency": "USD", "grossProfit": "766511000", "totalRevenue": "975710000", "costOfRevenue": "209199000", "costofGoodsAndServicesSold": "209199000", "operatingIncome": "433339000", "sellingGeneralAndAdministrative": "153777000", "researchAndDevelopment": "None", "operatingExpenses": "333172000", "investmentIncomeNet": "None", "netInterestIncome": "-94677000", "interestIncome": "None", "interestExpense": "94677000", "nonInterestIncome": "None", "otherNonOperatingIncome": "None", "depreciation": "None", "depreciationAndAmortization": "84342000", "incomeBeforeTax": "334202000", "incomeTaxExpense": "82539000", "interestAndDebtExpense": "None", "netIncomeFromContinuingOperations": "251663000", "comprehensiveIncomeNetOfTax": "None", "ebit": "428879000", "ebitda": "513221000", "netIncome": "251625000"}, {"fiscalDateEnding": "2024-03-31", "reportedCurrency": "USD", "grossProfit": "727840000", "totalRevenue": "935251000", "costOfRevenue": "207411000", "costofGoodsAndServicesSold": "207411000", "operatingIncome": "397338000", "sellingGeneralAndAdministrative": "151262000", "researchAndDevelopment": "None", "operatingExpenses": "330502000", "investmentIncomeNet": "None", "netInterestIncome": "-89088000", "interestIncome": "None", "interestExpense": "89088000", "nonInterestIncome": "None", "otherNonOperatingIncome": "None", "depreciation": "None", "depreciationAndAmortization": "84760000", "incomeBeforeTax": "305290000", "incomeTaxExpense": "75487000", "interestAndDebtExpense": "None", "netIncomeFromContinuingOperations": "229803000", "comprehensiveIncomeNetOfTax": "None", "ebit": "394378000", "ebitda": "479138000", "netIncome": "229769000"}, {"fiscalDateEnding": "2023-12-31", "reportedCurrency": "USD", "grossProfit": "735861000", "totalRevenue": "937320000", "costOfRevenue": "201459000", "costofGoodsAndServicesSold": "201459000", "operatingIncome": "424051000", "sellingGeneralAndAdministrative": "141545000", "researchAndDevelopment": "None", "operatingExpenses": "311810000", "investmentIncomeNet": "None", "netInterestIncome": "-92041000", "interestIncome": "None", "interestExpense": "92041000", "nonInterestIncome": "None", "otherNonOperatingIncome": "None", "depreciation": "None", "depreciationAndAmortization": "83946000", "incomeBeforeTax": "333497000", "incomeTaxExpense": "77640000", "interestAndDebtExpense": "None", "netIncomeFromContinuingOperations": "255857000", "comprehensiveIncomeNetOfTax": "None", "ebit": "425538000", "ebitda": "509484000", "netIncome": "255857000"}, {"fiscalDateEnding": "2023-09-30", "reportedCurrency": "USD", "grossProfit": "762675000", "totalRevenue": "970892000", "costOfRevenue": "208217000", "costofGoodsAndServicesSold": "208217000", "operatingIncome": "444977000", "sellingGeneralAndAdministrative": "147839000", "researchAndDevelopment": "None", "operatingExpenses": "317698000", "investmentIncomeNet": "None", "netInterestIncome": "-88285000", "interestIncome": "None", "interestExpense": "88285000", "nonInterestIncome": "None", "otherNonOperatingIncome": "None", "depreciation": "None", "depreciationAndAmortization": "84750000", "incomeBeforeTax": "370094000", "incomeTaxExpense": "98598000", "interestAndDebtExpense": "None", "netIncomeFromContinuingOperations": "271496000", "comprehensiveIncomeNetOfTax": "None", "ebit": "458379000", "ebitda": "543129000", "netIncome": "271496000"}, {"fiscalDateEnding": "2023-06-30", "reportedCurrency": "USD", "grossProfit": "742909000", "totalRevenue": "948174000", "costOfRevenue": "205265000", "costofGoodsAndServicesSold": "205265000", "operatingIncome": "412650000", "sellingGeneralAndAdministrative": "159356000", "researchAndDevelopment": "None", "operatingExpenses": "330259000", "investmentIncomeNet": "None", "netInterestIncome": "-88486000", "interestIncome": "None", "interestExpense": "88486000", "nonInterestIncome": "None", "otherNonOperatingIncome": "None", "depreciation": "None", "depreciationAndAmortization": "83676000", "incomeBeforeTax": "326570000", "incomeTaxExpense": "86868000", "interestAndDebtExpense": "None", "netIncomeFromContinuingOperations": "239702000", "comprehensiveIncomeNetOfTax": "None", "ebit": "415056000", "ebitda": "498732000", "netIncome": "239702000"}, {"fiscalDateEnding": "2023-03-31", "reportedCurrency": "USD", "grossProfit": "696366000", "totalRevenue": "901333000", "costOfRevenue": "204967000", "costofGoodsAndServicesSold": "204967000", "operatingIncome": "375195000", "sellingGeneralAndAdministrative": "154684000", "researchAndDevelopment": "None", "operatingExpenses": "321171000", "investmentIncomeNet": "None", "netInterestIncome": "-79795000", "interestIncome": "None", "interestExpense": "79795000", "nonInterestIncome": "None", "otherNonOperatingIncome": "None", "depreciation": "None", "depreciationAndAmortization": "84232000", "incomeBeforeTax": "294844000", "incomeTaxExpense": "80009000", "interestAndDebtExpense": "None", "netIncomeFromContinuingOperations": "214835000", "comprehensiveIncomeNetOfTax": "None", "ebit": "374639000", "ebitda": "458871000", "netIncome": "214835000"}, {"fiscalDateEnding": "2022-12-31", "reportedCurrency": "None", "grossProfit": "682000000", "totalRevenue": "883610000", "costOfRevenue": "201610000", "costofGoodsAndServicesSold": "201610000", "operatingIncome": "369270000", "sellingGeneralAndAdministrative": "143873000", "researchAndDevelopment": "None", "operatingExpenses": "312730000", "investmentIncomeNet": "None", "netInterestIncome": "None", "interestIncome": "None", "interestExpense": "74152000", "nonInterestIncome": "None", "otherNonOperatingIncome": "None", "depreciation": "None", "depreciationAndAmortization": "89793000", "incomeBeforeTax": "297439000", "incomeTaxExpense": "72120000", "interestAndDebtExpense": "None", "netIncomeFromContinuingOperations": "None", "comprehensiveIncomeNetOfTax": "None", "ebit": "371591000", "ebitda": "461384000", "netIncome": "225319000"}, {"fiscalDateEnding": "2022-09-30", "reportedCurrency": "None", "grossProfit": "689685000", "totalRevenue": "893000000", "costOfRevenue": "203315000", "costofGoodsAndServicesSold": "203315000", "operatingIncome": "389170000", "sellingGeneralAndAdministrative": "149294000", "researchAndDevelopment": "None", "operatingExpenses": "300515000", "investmentIncomeNet": "None", "netInterestIncome": "None", "interestIncome": "None", "interestExpense": "45410000", "nonInterestIncome": "None", "otherNonOperatingIncome": "None", "depreciation": "None", "depreciationAndAmortization": "77213000", "incomeBeforeTax": "339898000", "incomeTaxExpense": "91013000", "interestAndDebtExpense": "None", "netIncomeFromContinuingOperations": "None", "comprehensiveIncomeNetOfTax": "None", "ebit": "385308000", "ebitda": "462521000", "netIncome": "248885000"}, {"fiscalDateEnding": "2022-06-30", "reportedCurrency": "None", "grossProfit": "675690000", "totalRevenue": "861278000", "costOfRevenue": "185588000", "costofGoodsAndServicesSold": "185588000", "operatingIncome": "370480000", "sellingGeneralAndAdministrative": "147446000", "researchAndDevelopment": "None", "operatingExpenses": "305210000", "investmentIncomeNet": "None", "netInterestIncome": "None", "interestIncome": "None", "interestExpense": "23070000", "nonInterestIncome": "None", "otherNonOperatingIncome": "None", "depreciation": "None", "depreciationAndAmortization": "78474000", "incomeBeforeTax": "343653000", "incomeTaxExpense": "81482000", "interestAndDebtExpense": "None", "netIncomeFromContinuingOperations": "None", "comprehensiveIncomeNetOfTax": "None", "ebit": "366723000", "ebitda": "445197000", "netIncome": "262171000"}, {"fiscalDateEnding": "2022-03-31", "reportedCurrency": "None", "grossProfit": "615047000", "totalRevenue": "789241000", "costOfRevenue": "174194000", "costofGoodsAndServicesSold": "174194000", "operatingIncome": "317721000", "sellingGeneralAndAdministrative": "143522000", "researchAndDevelopment": "None", "operatingExpenses": "297326000", "investmentIncomeNet": "None", "netInterestIncome": "None", "interestIncome": "None", "interestExpense": "22030000", "nonInterestIncome": "None", "otherNonOperatingIncome": "None", "depreciation": "None", "depreciationAndAmortization": "76802000", "incomeBeforeTax": "294670000", "incomeTaxExpense": "76718000", "interestAndDebtExpense": "None", "netIncomeFromContinuingOperations": "None", "comprehensiveIncomeNetOfTax": "None", "ebit": "316700000", "ebitda": "393502000", "netIncome": "217952000"}, {"fiscalDateEnding": "2021-12-31", "reportedCurrency": "None", "grossProfit": "630722000", "totalRevenue": "802255000", "costOfRevenue": "171533000", "costofGoodsAndServicesSold": "171533000", "operatingIncome": "340292000", "sellingGeneralAndAdministrative": "140675000", "researchAndDevelopment": "46700000", "operatingExpenses": "290430000", "investmentIncomeNet": "None", "netInterestIncome": "None", "interestIncome": "None", "interestExpense": "21436000", "nonInterestIncome": "None", "otherNonOperatingIncome": "None", "depreciation": "None", "depreciationAndAmortization": "75012000", "incomeBeforeTax": "302487000", "incomeTaxExpense": "77483000", "interestAndDebtExpense": "None", "netIncomeFromContinuingOperations": "None", "comprehensiveIncomeNetOfTax": "None", "ebit": "323924000", "ebitda": "398936000", "netIncome": "225004000"}, {"fiscalDateEnding": "2021-09-30", "reportedCurrency": "None", "grossProfit": "605913000", "totalRevenue": "755477000", "costOfRevenue": "149564000", "costofGoodsAndServicesSold": "149564000", "operatingIncome": "338687000", "sellingGeneralAndAdministrative": "121785000", "researchAndDevelopment": "None", "operatingExpenses": "267226000", "investmentIncomeNet": "None", "netInterestIncome": "None", "interestIncome": "None", "interestExpense": "29033000", "nonInterestIncome": "None", "otherNonOperatingIncome": "None", "depreciation": "None", "depreciationAndAmortization": "74237000", "incomeBeforeTax": "308122000", "incomeTaxExpense": "74115000", "interestAndDebtExpense": "None", "netIncomeFromContinuingOperations": "None", "comprehensiveIncomeNetOfTax": "None", "ebit": "337155000", "ebitda": "411392000", "netIncome": "234007000"}, {"fiscalDateEnding": "2021-06-30", "reportedCurrency": "None", "grossProfit": "545087000", "totalRevenue": "667381000", "costOfRevenue": "122294000", "costofGoodsAndServicesSold": "122294000", "operatingIncome": "297612000", "sellingGeneralAndAdministrative": "115008000", "researchAndDevelopment": "None", "operatingExpenses": "247475000", "investmentIncomeNet": "None", "netInterestIncome": "None", "interestIncome": "None", "interestExpense": "34685000", "nonInterestIncome": "None", "otherNonOperatingIncome": "None", "depreciation": "None", "depreciationAndAmortization": "69218000", "incomeBeforeTax": "262519000", "incomeTaxExpense": "66272000", "interestAndDebtExpense": "None", "netIncomeFromContinuingOperations": "None", "comprehensiveIncomeNetOfTax": "None", "ebit": "297204000", "ebitda": "366422000", "netIncome": "196247000"}, {"fiscalDateEnding": "2021-03-31", "reportedCurrency": "None", "grossProfit": "492195000", "totalRevenue": "608623000", "costOfRevenue": "116428000", "costofGoodsAndServicesSold": "116428000", "operatingIncome": "265965000", "sellingGeneralAndAdministrative": "108362000", "researchAndDevelopment": "None", "operatingExpenses": "226230000", "investmentIncomeNet": "None", "netInterestIncome": "None", "interestIncome": "None", "interestExpense": "28551000", "nonInterestIncome": "None", "otherNonOperatingIncome": "None", "depreciation": "None", "depreciationAndAmortization": "65729000", "incomeBeforeTax": "235680000", "incomeTaxExpense": "51441000", "interestAndDebtExpense": "None", "netIncomeFromContinuingOperations": "None", "comprehensiveIncomeNetOfTax": "None", "ebit": "264231000", "ebitda": "329960000", "netIncome": "184239000"}, {"fiscalDateEnding": "2020-12-31", "reportedCurrency": "None", "grossProfit": "495819000", "totalRevenue": "617333000", "costOfRevenue": "121514000", "costofGoodsAndServicesSold": "121514000", "operatingIncome": "293939000", "sellingGeneralAndAdministrative": "90961000", "researchAndDevelopment": "40200000", "operatingExpenses": "201880000", "investmentIncomeNet": "None", "netInterestIncome": "None", "interestIncome": "None", "interestExpense": "30329000", "nonInterestIncome": "None", "otherNonOperatingIncome": "None", "depreciation": "None", "depreciationAndAmortization": "64684000", "incomeBeforeTax": "263188000", "incomeTaxExpense": "53337000", "interestAndDebtExpense": "None", "netIncomeFromContinuingOperations": "None", "comprehensiveIncomeNetOfTax": "None", "ebit": "293518000", "ebitda": "358202000", "netIncome": "209851000"}, {"fiscalDateEnding": "2020-09-30", "reportedCurrency": "None", "grossProfit": "465427000", "totalRevenue": "585283000", "costOfRevenue": "119856000", "costofGoodsAndServicesSold": "119856000", "operatingIncome": "264532000", "sellingGeneralAndAdministrative": "90868000", "researchAndDevelopment": "None", "operatingExpenses": "200895000", "investmentIncomeNet": "None", "netInterestIncome": "None", "interestIncome": "None", "interestExpense": "31383000", "nonInterestIncome": "None", "otherNonOperatingIncome": "None", "depreciation": "None", "depreciationAndAmortization": "63479000", "incomeBeforeTax": "235410000", "incomeTaxExpense": "46593000", "interestAndDebtExpense": "None", "netIncomeFromContinuingOperations": "None", "comprehensiveIncomeNetOfTax": "None", "ebit": "266793000", "ebitda": "330272000", "netIncome": "188817000"}, {"fiscalDateEnding": "2020-06-30", "reportedCurrency": "None", "grossProfit": "403856000", "totalRevenue": "525146000", "costOfRevenue": "121290000", "costofGoodsAndServicesSold": "121290000", "operatingIncome": "212811000", "sellingGeneralAndAdministrative": "86739000", "researchAndDevelopment": "None", "operatingExpenses": "191045000", "investmentIncomeNet": "None", "netInterestIncome": "None", "interestIncome": "None", "interestExpense": "32412000", "nonInterestIncome": "None", "otherNonOperatingIncome": "None", "depreciation": "None", "depreciationAndAmortization": "62162000", "incomeBeforeTax": "211628000", "incomeTaxExpense": "53140000", "interestAndDebtExpense": "None", "netIncomeFromContinuingOperations": "None", "comprehensiveIncomeNetOfTax": "None", "ebit": "244040000", "ebitda": "306202000", "netIncome": "158488000"}, {"fiscalDateEnding": "2020-03-31", "reportedCurrency": "None", "grossProfit": "427390000", "totalRevenue": "661093000", "costOfRevenue": "233703000", "costofGoodsAndServicesSold": "233703000", "operatingIncome": "200983000", "sellingGeneralAndAdministrative": "106110000", "researchAndDevelopment": "None", "operatingExpenses": "226407000", "investmentIncomeNet": "None", "netInterestIncome": "None", "interestIncome": "None", "interestExpense": "35679000", "nonInterestIncome": "None", "otherNonOperatingIncome": "None", "depreciation": "None", "depreciationAndAmortization": "64476000", "incomeBeforeTax": "172299000", "incomeTaxExpense": "25239000", "interestAndDebtExpense": "None", "netIncomeFromContinuingOperations": "None", "comprehensiveIncomeNetOfTax": "None", "ebit": "207978000", "ebitda": "272454000", "netIncome": "147060000"}, {"fiscalDateEnding": "2019-12-31", "reportedCurrency": "None", "grossProfit": "552800000", "totalRevenue": "698881000", "costOfRevenue": "146081000", "costofGoodsAndServicesSold": "146081000", "operatingIncome": "320796000", "sellingGeneralAndAdministrative": "109592000", "researchAndDevelopment": "37200000", "operatingExpenses": "232004000", "investmentIncomeNet": "None", "netInterestIncome": "None", "interestIncome": "None", "interestExpense": "34960000", "nonInterestIncome": "None", "otherNonOperatingIncome": "None", "depreciation": "None", "depreciationAndAmortization": "68510000", "incomeBeforeTax": "298561000", "incomeTaxExpense": "63051000", "interestAndDebtExpense": "None", "netIncomeFromContinuingOperations": "None", "comprehensiveIncomeNetOfTax": "None", "ebit": "333521000", "ebitda": "402031000", "netIncome": "235510000"}, {"fiscalDateEnding": "2019-09-30", "reportedCurrency": "None", "grossProfit": "546032000", "totalRevenue": "681048000", "costOfRevenue": "135016000", "costofGoodsAndServicesSold": "135016000", "operatingIncome": "329141000", "sellingGeneralAndAdministrative": "98050000", "researchAndDevelopment": "None", "operatingExpenses": "216891000", "investmentIncomeNet": "None", "netInterestIncome": "None", "interestIncome": "None", "interestExpense": "36504000", "nonInterestIncome": "None", "otherNonOperatingIncome": "None", "depreciation": "None", "depreciationAndAmortization": "67347000", "incomeBeforeTax": "292757000", "incomeTaxExpense": "66952000", "interestAndDebtExpense": "None", "netIncomeFromContinuingOperations": "None", "comprehensiveIncomeNetOfTax": "None", "ebit": "329261000", "ebitda": "396608000", "netIncome": "225805000"}, {"fiscalDateEnding": "2019-06-30", "reportedCurrency": "None", "grossProfit": "526636000", "totalRevenue": "647094000", "costOfRevenue": "120458000", "costofGoodsAndServicesSold": "120458000", "operatingIncome": "297317000", "sellingGeneralAndAdministrative": "106784000", "researchAndDevelopment": "None", "operatingExpenses": "229319000", "investmentIncomeNet": "None", "netInterestIncome": "None", "interestIncome": "None", "interestExpense": "39529000", "nonInterestIncome": "None", "otherNonOperatingIncome": "None", "depreciation": "None", "depreciationAndAmortization": "70908000", "incomeBeforeTax": "257260000", "incomeTaxExpense": "-4391000", "interestAndDebtExpense": "None", "netIncomeFromContinuingOperations": "None", "comprehensiveIncomeNetOfTax": "None", "ebit": "296789000", "ebitda": "367697000", "netIncome": "261651000"}, {"fiscalDateEnding": "2019-03-31", "reportedCurrency": "None", "grossProfit": "492711000", "totalRevenue": "621825000", "costOfRevenue": "129114000", "costofGoodsAndServicesSold": "129114000", "operatingIncome": "284176000", "sellingGeneralAndAdministrative": "92784000", "researchAndDevelopment": "None", "operatingExpenses": "208535000", "investmentIncomeNet": "None", "netInterestIncome": "None", "interestIncome": "None", "interestExpense": "39055000", "nonInterestIncome": "None", "otherNonOperatingIncome": "None", "depreciation": "None", "depreciationAndAmortization": "67445000", "incomeBeforeTax": "229241000", "incomeTaxExpense": "57134000", "interestAndDebtExpense": "None", "netIncomeFromContinuingOperations": "None", "comprehensiveIncomeNetOfTax": "None", "ebit": "268296000", "ebitda": "335741000", "netIncome": "172107000"}, {"fiscalDateEnding": "2018-12-31", "reportedCurrency": "None", "grossProfit": "511813000", "totalRevenue": "643422000", "costOfRevenue": "131609000", "costofGoodsAndServicesSold": "131609000", "operatingIncome": "284737000", "sellingGeneralAndAdministrative": "104314000", "researchAndDevelopment": "24200000", "operatingExpenses": "227076000", "investmentIncomeNet": "None", "netInterestIncome": "None", "interestIncome": "None", "interestExpense": "38207000", "nonInterestIncome": "None", "otherNonOperatingIncome": "None", "depreciation": "None", "depreciationAndAmortization": "66090000", "incomeBeforeTax": "397063000", "incomeTaxExpense": "95063000", "interestAndDebtExpense": "None", "netIncomeFromContinuingOperations": "None", "comprehensiveIncomeNetOfTax": "None", "ebit": "436410000", "ebitda": "502500000", "netIncome": "302000000"}, {"fiscalDateEnding": "2018-09-30", "reportedCurrency": "None", "grossProfit": "491186000", "totalRevenue": "619586000", "costOfRevenue": "128400000", "costofGoodsAndServicesSold": "128400000", "operatingIncome": "281090000", "sellingGeneralAndAdministrative": "98058000", "researchAndDevelopment": "None", "operatingExpenses": "210096000", "investmentIncomeNet": "None", "netInterestIncome": "None", "interestIncome": "None", "interestExpense": "36072000", "nonInterestIncome": "None", "otherNonOperatingIncome": "None", "depreciation": "None", "depreciationAndAmortization": "67266000", "incomeBeforeTax": "237568000", "incomeTaxExpense": "79874000", "interestAndDebtExpense": "None", "netIncomeFromContinuingOperations": "None", "comprehensiveIncomeNetOfTax": "None", "ebit": "273641000", "ebitda": "340907000", "netIncome": "157694000"}, {"fiscalDateEnding": "2018-06-30", "reportedCurrency": "None", "grossProfit": "473784000", "totalRevenue": "584985000", "costOfRevenue": "111201000", "costofGoodsAndServicesSold": "111201000", "operatingIncome": "264783000", "sellingGeneralAndAdministrative": "96431000", "researchAndDevelopment": "None", "operatingExpenses": "209001000", "investmentIncomeNet": "None", "netInterestIncome": "None", "interestIncome": "None", "interestExpense": "33150000", "nonInterestIncome": "None", "otherNonOperatingIncome": "None", "depreciation": "None", "depreciationAndAmortization": "68610000", "incomeBeforeTax": "231175000", "incomeTaxExpense": "54323000", "interestAndDebtExpense": "None", "netIncomeFromContinuingOperations": "None", "comprehensiveIncomeNetOfTax": "None", "ebit": "264325000", "ebitda": "332935000", "netIncome": "176852000"}, {"fiscalDateEnding": "2018-03-31", "reportedCurrency": "None", "grossProfit": "469015000", "totalRevenue": "585500000", "costOfRevenue": "116485000", "costofGoodsAndServicesSold": "116485000", "operatingIncome": "260087000", "sellingGeneralAndAdministrative": "90370000", "researchAndDevelopment": "None", "operatingExpenses": "208928000", "investmentIncomeNet": "None", "netInterestIncome": "None", "interestIncome": "None", "interestExpense": "31065000", "nonInterestIncome": "None", "otherNonOperatingIncome": "None", "depreciation": "None", "depreciationAndAmortization": "71502000", "incomeBeforeTax": "229319000", "incomeTaxExpense": "54382000", "interestAndDebtExpense": "None", "netIncomeFromContinuingOperations": "None", "comprehensiveIncomeNetOfTax": "None", "ebit": "260384000", "ebitda": "331886000", "netIncome": "174937000"}, {"fiscalDateEnding": "2017-12-31", "reportedCurrency": "None", "grossProfit": "496807000", "totalRevenue": "609991000", "costOfRevenue": "113184000", "costofGoodsAndServicesSold": "113184000", "operatingIncome": "240012000", "sellingGeneralAndAdministrative": "112599000", "researchAndDevelopment": "21800000", "operatingExpenses": "256795000", "investmentIncomeNet": "None", "netInterestIncome": "None", "interestIncome": "None", "interestExpense": "30824000", "nonInterestIncome": "None", "otherNonOperatingIncome": "None", "depreciation": "None", "depreciationAndAmortization": "64455000", "incomeBeforeTax": "208331000", "incomeTaxExpense": "-74366000", "interestAndDebtExpense": "None", "netIncomeFromContinuingOperations": "None", "comprehensiveIncomeNetOfTax": "None", "ebit": "240529000", "ebitda": "304984000", "netIncome": "282697000"}, {"fiscalDateEnding": "2017-09-30", "reportedCurrency": "None", "grossProfit": "466594000", "totalRevenue": "577877000", "costOfRevenue": "111283000", "costofGoodsAndServicesSold": "111283000", "operatingIncome": "232637000", "sellingGeneralAndAdministrative": "92054000", "researchAndDevelopment": "None", "operatingExpenses": "233957000", "investmentIncomeNet": "None", "netInterestIncome": "None", "interestIncome": "None", "interestExpense": "29344000", "nonInterestIncome": "None", "otherNonOperatingIncome": "None", "depreciation": "None", "depreciationAndAmortization": "67506000", "incomeBeforeTax": "327502000", "incomeTaxExpense": "124679000", "interestAndDebtExpense": "None", "netIncomeFromContinuingOperations": "None", "comprehensiveIncomeNetOfTax": "None", "ebit": "358496000", "ebitda": "426002000", "netIncome": "202823000"}, {"fiscalDateEnding": "2017-06-30", "reportedCurrency": "None", "grossProfit": "437915000", "totalRevenue": "541237000", "costOfRevenue": "103322000", "costofGoodsAndServicesSold": "103322000", "operatingIncome": "216043000", "sellingGeneralAndAdministrative": "87587000", "researchAndDevelopment": "None", "operatingExpenses": "221872000", "investmentIncomeNet": "None", "netInterestIncome": "None", "interestIncome": "None", "interestExpense": "23851000", "nonInterestIncome": "None", "otherNonOperatingIncome": "None", "depreciation": "None", "depreciationAndAmortization": "63166000", "incomeBeforeTax": "190389000", "incomeTaxExpense": "59402000", "interestAndDebtExpense": "None", "netIncomeFromContinuingOperations": "None", "comprehensiveIncomeNetOfTax": "None", "ebit": "215783000", "ebitda": "278949000", "netIncome": "130987000"}, {"fiscalDateEnding": "2017-03-31", "reportedCurrency": "None", "grossProfit": "418609000", "totalRevenue": "520433000", "costOfRevenue": "101824000", "costofGoodsAndServicesSold": "101824000", "operatingIncome": "195068000", "sellingGeneralAndAdministrative": "95454000", "researchAndDevelopment": "None", "operatingExpenses": "223541000", "investmentIncomeNet": "None", "netInterestIncome": "None", "interestIncome": "None", "interestExpense": "23127000", "nonInterestIncome": "None", "otherNonOperatingIncome": "None", "depreciation": "None", "depreciationAndAmortization": "63321000", "incomeBeforeTax": "167368000", "incomeTaxExpense": "43675000", "interestAndDebtExpense": "None", "netIncomeFromContinuingOperations": "None", "comprehensiveIncomeNetOfTax": "None", "ebit": "192040000", "ebitda": "255361000", "netIncome": "123693000"}, {"fiscalDateEnding": "2016-12-31", "reportedCurrency": "None", "grossProfit": "416277000", "totalRevenue": "514953000", "costOfRevenue": "98676000", "costofGoodsAndServicesSold": "98676000", "operatingIncome": "215975000", "sellingGeneralAndAdministrative": "74541000", "researchAndDevelopment": "17700000", "operatingExpenses": "200302000", "investmentIncomeNet": "None", "netInterestIncome": "None", "interestIncome": "None", "interestExpense": "21991000", "nonInterestIncome": "None", "otherNonOperatingIncome": "None", "depreciation": "None", "depreciationAndAmortization": "59930000", "incomeBeforeTax": "153455000", "incomeTaxExpense": "58031000", "interestAndDebtExpense": "None", "netIncomeFromContinuingOperations": "None", "comprehensiveIncomeNetOfTax": "None", "ebit": "176924000", "ebitda": "236854000", "netIncome": "95424000"}, {"fiscalDateEnding": "2016-09-30", "reportedCurrency": "None", "grossProfit": "388193000", "totalRevenue": "484426000", "costOfRevenue": "96233000", "costofGoodsAndServicesSold": "96233000", "operatingIncome": "191055000", "sellingGeneralAndAdministrative": "77904000", "researchAndDevelopment": "None", "operatingExpenses": "197138000", "investmentIncomeNet": "None", "netInterestIncome": "None", "interestIncome": "None", "interestExpense": "17814000", "nonInterestIncome": "None", "otherNonOperatingIncome": "None", "depreciation": "None", "depreciationAndAmortization": "55736000", "incomeBeforeTax": "170204000", "incomeTaxExpense": "40586000", "interestAndDebtExpense": "None", "netIncomeFromContinuingOperations": "None", "comprehensiveIncomeNetOfTax": "None", "ebit": "189366000", "ebitda": "245102000", "netIncome": "129618000"}, {"fiscalDateEnding": "2016-06-30", "reportedCurrency": "None", "grossProfit": "337214000", "totalRevenue": "417905000", "costOfRevenue": "80691000", "costofGoodsAndServicesSold": "80691000", "operatingIncome": "171168000", "sellingGeneralAndAdministrative": "63586000", "researchAndDevelopment": "None", "operatingExpenses": "166046000", "investmentIncomeNet": "None", "netInterestIncome": "None", "interestIncome": "None", "interestExpense": "15900000", "nonInterestIncome": "None", "otherNonOperatingIncome": "None", "depreciation": "None", "depreciationAndAmortization": "47087000", "incomeBeforeTax": "162348000", "incomeTaxExpense": "46095000", "interestAndDebtExpense": "None", "netIncomeFromContinuingOperations": "None", "comprehensiveIncomeNetOfTax": "None", "ebit": "179597000", "ebitda": "226684000", "netIncome": "116253000"}, {"fiscalDateEnding": "2016-03-31", "reportedCurrency": "None", "grossProfit": "334448000", "totalRevenue": "414262000", "costOfRevenue": "79814000", "costofGoodsAndServicesSold": "79814000", "operatingIncome": "175955000", "sellingGeneralAndAdministrative": "67594000", "researchAndDevelopment": "None", "operatingExpenses": "158493000", "investmentIncomeNet": "None", "netInterestIncome": "None", "interestIncome": "None", "interestExpense": "16191000", "nonInterestIncome": "None", "otherNonOperatingIncome": "None", "depreciation": "None", "depreciationAndAmortization": "35338000", "incomeBeforeTax": "156912000", "incomeTaxExpense": "45822000", "interestAndDebtExpense": "None", "netIncomeFromContinuingOperations": "None", "comprehensiveIncomeNetOfTax": "None", "ebit": "174093000", "ebitda": "209431000", "netIncome": "111090000"}, {"fiscalDateEnding": "2015-12-31", "reportedCurrency": "None", "grossProfit": "346407000", "totalRevenue": "430601000", "costOfRevenue": "84194000", "costofGoodsAndServicesSold": "84194000", "operatingIncome": "146149000", "sellingGeneralAndAdministrative": "98463000", "researchAndDevelopment": "11600000", "operatingExpenses": "200258000", "investmentIncomeNet": "None", "netInterestIncome": "None", "interestIncome": "None", "interestExpense": "16521000", "nonInterestIncome": "None", "otherNonOperatingIncome": "None", "depreciation": "None", "depreciationAndAmortization": "47206000", "incomeBeforeTax": "85708000", "incomeTaxExpense": "32878000", "interestAndDebtExpense": "None", "netIncomeFromContinuingOperations": "None", "comprehensiveIncomeNetOfTax": "None", "ebit": "103041000", "ebitda": "150247000", "netIncome": "52830000"}, {"fiscalDateEnding": "2015-09-30", "reportedCurrency": "None", "grossProfit": "360534000", "totalRevenue": "451493000", "costOfRevenue": "90959000", "costofGoodsAndServicesSold": "90959000", "operatingIncome": "188460000", "sellingGeneralAndAdministrative": "66142000", "researchAndDevelopment": "None", "operatingExpenses": "172074000", "investmentIncomeNet": "None", "netInterestIncome": "None", "interestIncome": "None", "interestExpense": "17163000", "nonInterestIncome": "None", "otherNonOperatingIncome": "None", "depreciation": "None", "depreciationAndAmortization": "47714000", "incomeBeforeTax": "165357000", "incomeTaxExpense": "48587000", "interestAndDebtExpense": "None", "netIncomeFromContinuingOperations": "None", "comprehensiveIncomeNetOfTax": "None", "ebit": "183332000", "ebitda": "231046000", "netIncome": "116770000"}, {"fiscalDateEnding": "2015-06-30", "reportedCurrency": "None", "grossProfit": "330041000", "totalRevenue": "404605000", "costOfRevenue": "74564000", "costofGoodsAndServicesSold": "74564000", "operatingIncome": "169151000", "sellingGeneralAndAdministrative": "63388000", "researchAndDevelopment": "None", "operatingExpenses": "160890000", "investmentIncomeNet": "None", "netInterestIncome": "None", "interestIncome": "None", "interestExpense": "18089000", "nonInterestIncome": "None", "otherNonOperatingIncome": "None", "depreciation": "None", "depreciationAndAmortization": "48013000", "incomeBeforeTax": "145291000", "incomeTaxExpense": "46613000", "interestAndDebtExpense": "None", "netIncomeFromContinuingOperations": "None", "comprehensiveIncomeNetOfTax": "None", "ebit": "164194000", "ebitda": "212207000", "netIncome": "98678000"}, {"fiscalDateEnding": "2015-03-31", "reportedCurrency": "None", "grossProfit": "334810000", "totalRevenue": "416166000", "costOfRevenue": "81356000", "costofGoodsAndServicesSold": "81356000", "operatingIncome": "163774000", "sellingGeneralAndAdministrative": "69722000", "researchAndDevelopment": "None", "operatingExpenses": "171036000", "investmentIncomeNet": "None", "netInterestIncome": "None", "interestIncome": "None", "interestExpense": "19566000", "nonInterestIncome": "None", "otherNonOperatingIncome": "None", "depreciation": "None", "depreciationAndAmortization": "47269000", "incomeBeforeTax": "139648000", "incomeTaxExpense": "45495000", "interestAndDebtExpense": "None", "netIncomeFromContinuingOperations": "None", "comprehensiveIncomeNetOfTax": "None", "ebit": "160027000", "ebitda": "207296000", "netIncome": "94153000"}, {"fiscalDateEnding": "2014-12-31", "reportedCurrency": "None", "grossProfit": "320512000", "totalRevenue": "376697000", "costOfRevenue": "56185000", "costofGoodsAndServicesSold": "56185000", "operatingIncome": "172622000", "sellingGeneralAndAdministrative": "83659000", "researchAndDevelopment": "9200000", "operatingExpenses": "147890000", "investmentIncomeNet": "None", "netInterestIncome": "None", "interestIncome": "None", "interestExpense": "13228000", "nonInterestIncome": "None", "otherNonOperatingIncome": "None", "depreciation": "None", "depreciationAndAmortization": "36729000", "incomeBeforeTax": "140303000", "incomeTaxExpense": "30763000", "interestAndDebtExpense": "None", "netIncomeFromContinuingOperations": "None", "comprehensiveIncomeNetOfTax": "None", "ebit": "154602000", "ebitda": "191331000", "netIncome": "109540000"}, {"fiscalDateEnding": "2014-09-30", "reportedCurrency": "None", "grossProfit": "253832000", "totalRevenue": "295283000", "costOfRevenue": "41451000", "costofGoodsAndServicesSold": "41451000", "operatingIncome": "144207000", "sellingGeneralAndAdministrative": "40947000", "researchAndDevelopment": "None", "operatingExpenses": "109625000", "investmentIncomeNet": "None", "netInterestIncome": "None", "interestIncome": "None", "interestExpense": "4859000", "nonInterestIncome": "None", "otherNonOperatingIncome": "None", "depreciation": "None", "depreciationAndAmortization": "24362000", "incomeBeforeTax": "136554000", "incomeTaxExpense": "41045000", "interestAndDebtExpense": "None", "netIncomeFromContinuingOperations": "None", "comprehensiveIncomeNetOfTax": "None", "ebit": "142765000", "ebitda": "167127000", "netIncome": "95509000"}, {"fiscalDateEnding": "2014-06-30", "reportedCurrency": "None", "grossProfit": "234657000", "totalRevenue": "273502000", "costOfRevenue": "38845000", "costofGoodsAndServicesSold": "38845000", "operatingIncome": "134484000", "sellingGeneralAndAdministrative": "37896000", "researchAndDevelopment": "None", "operatingExpenses": "100173000", "investmentIncomeNet": "None", "netInterestIncome": "None", "interestIncome": "None", "interestExpense": "5308000", "nonInterestIncome": "None", "otherNonOperatingIncome": "None", "depreciation": "None", "depreciationAndAmortization": "23082000", "incomeBeforeTax": "127955000", "incomeTaxExpense": "39406000", "interestAndDebtExpense": "None", "netIncomeFromContinuingOperations": "None", "comprehensiveIncomeNetOfTax": "None", "ebit": "134610000", "ebitda": "157692000", "netIncome": "88549000"}, {"fiscalDateEnding": "2014-03-31", "reportedCurrency": "None", "grossProfit": "217052000", "totalRevenue": "253908000", "costOfRevenue": "36856000", "costofGoodsAndServicesSold": "36856000", "operatingIncome": "114136000", "sellingGeneralAndAdministrative": "43461000", "researchAndDevelopment": "None", "operatingExpenses": "102916000", "investmentIncomeNet": "None", "netInterestIncome": "None", "interestIncome": "None", "interestExpense": "5461000", "nonInterestIncome": "None", "otherNonOperatingIncome": "None", "depreciation": "None", "depreciationAndAmortization": "23073000", "incomeBeforeTax": "108131000", "incomeTaxExpense": "33022000", "interestAndDebtExpense": "None", "netIncomeFromContinuingOperations": "None", "comprehensiveIncomeNetOfTax": "None", "ebit": "114937000", "ebitda": "138010000", "netIncome": "75109000"}, {"fiscalDateEnding": "2013-12-31", "reportedCurrency": "None", "grossProfit": "216897000", "totalRevenue": "255501000", "costOfRevenue": "38604000", "costofGoodsAndServicesSold": "38604000", "operatingIncome": "106050000", "sellingGeneralAndAdministrative": "38509000", "researchAndDevelopment": "7300000", "operatingExpenses": "110847000", "investmentIncomeNet": "None", "netInterestIncome": "None", "interestIncome": "None", "interestExpense": "5501000", "nonInterestIncome": "None", "otherNonOperatingIncome": "None", "depreciation": "None", "depreciationAndAmortization": "22501000", "incomeBeforeTax": "100077000", "incomeTaxExpense": "31957000", "interestAndDebtExpense": "None", "netIncomeFromContinuingOperations": "None", "comprehensiveIncomeNetOfTax": "None", "ebit": "107235000", "ebitda": "129736000", "netIncome": "68120000"}, {"fiscalDateEnding": "2013-09-30", "reportedCurrency": "None", "grossProfit": "191677000", "totalRevenue": "225150000", "costOfRevenue": "33473000", "costofGoodsAndServicesSold": "33473000", "operatingIncome": "111255000", "sellingGeneralAndAdministrative": "31559000", "researchAndDevelopment": "None", "operatingExpenses": "80422000", "investmentIncomeNet": "None", "netInterestIncome": "None", "interestIncome": "None", "interestExpense": "3756000", "nonInterestIncome": "None", "otherNonOperatingIncome": "None", "depreciation": "None", "depreciationAndAmortization": "16404000", "incomeBeforeTax": "107655000", "incomeTaxExpense": "29035000", "interestAndDebtExpense": "None", "netIncomeFromContinuingOperations": "None", "comprehensiveIncomeNetOfTax": "None", "ebit": "113067000", "ebitda": "129471000", "netIncome": "78620000"}, {"fiscalDateEnding": "2013-06-30", "reportedCurrency": "None", "grossProfit": "188859000", "totalRevenue": "220869000", "costOfRevenue": "32010000", "costofGoodsAndServicesSold": "32010000", "operatingIncome": "109074000", "sellingGeneralAndAdministrative": "30954000", "researchAndDevelopment": "None", "operatingExpenses": "79785000", "investmentIncomeNet": "None", "netInterestIncome": "None", "interestIncome": "None", "interestExpense": "3756000", "nonInterestIncome": "None", "otherNonOperatingIncome": "None", "depreciation": "None", "depreciationAndAmortization": "14240000", "incomeBeforeTax": "105324000", "incomeTaxExpense": "32225000", "interestAndDebtExpense": "None", "netIncomeFromContinuingOperations": "None", "comprehensiveIncomeNetOfTax": "None", "ebit": "110730000", "ebitda": "124970000", "netIncome": "73099000"}, {"fiscalDateEnding": "2013-03-31", "reportedCurrency": "None", "grossProfit": "163708000", "totalRevenue": "193651000", "costOfRevenue": "29943000", "costofGoodsAndServicesSold": "29943000", "operatingIncome": "94253000", "sellingGeneralAndAdministrative": "29261000", "researchAndDevelopment": "None", "operatingExpenses": "69455000", "investmentIncomeNet": "None", "netInterestIncome": "None", "interestIncome": "None", "interestExpense": "3448000", "nonInterestIncome": "None", "otherNonOperatingIncome": "None", "depreciation": "None", "depreciationAndAmortization": "13053000", "incomeBeforeTax": "90513000", "incomeTaxExpense": "25851000", "interestAndDebtExpense": "None", "netIncomeFromContinuingOperations": "None", "comprehensiveIncomeNetOfTax": "None", "ebit": "95537000", "ebitda": "108590000", "netIncome": "64662000"}]}