{"symbol": "ALGM", "annualReports": [{"fiscalDateEnding": "2025-03-31", "reportedCurrency": "USD", "grossProfit": "321527000", "totalRevenue": "725006000", "costOfRevenue": "403479000", "costofGoodsAndServicesSold": "403479000", "operatingIncome": "-19802000", "sellingGeneralAndAdministrative": "161680000", "researchAndDevelopment": "179649000", "operatingExpenses": "341329000", "investmentIncomeNet": "None", "netInterestIncome": "-28842000", "interestIncome": "1524000", "interestExpense": "30366000", "nonInterestIncome": "None", "otherNonOperatingIncome": "None", "depreciation": "None", "depreciationAndAmortization": "64502000", "incomeBeforeTax": "-85696000", "incomeTaxExpense": "-12933000", "interestAndDebtExpense": "None", "netIncomeFromContinuingOperations": "-72763000", "comprehensiveIncomeNetOfTax": "None", "ebit": "-55330000", "ebitda": "9172000", "netIncome": "-73010000"}, {"fiscalDateEnding": "2024-03-31", "reportedCurrency": "USD", "grossProfit": "574529000", "totalRevenue": "1049367000", "costOfRevenue": "474838000", "costofGoodsAndServicesSold": "474838000", "operatingIncome": "196244000", "sellingGeneralAndAdministrative": "188429000", "researchAndDevelopment": "176638000", "operatingExpenses": "378285000", "investmentIncomeNet": "None", "netInterestIncome": "-7619000", "interestIncome": "3144000", "interestExpense": "10763000", "nonInterestIncome": "None", "otherNonOperatingIncome": "None", "depreciation": "None", "depreciationAndAmortization": "71382000", "incomeBeforeTax": "194797000", "incomeTaxExpense": "41909000", "interestAndDebtExpense": "None", "netIncomeFromContinuingOperations": "152888000", "comprehensiveIncomeNetOfTax": "None", "ebit": "205560000", "ebitda": "276942000", "netIncome": "152697000"}, {"fiscalDateEnding": "2023-03-31", "reportedCurrency": "USD", "grossProfit": "546079000", "totalRevenue": "973653000", "costOfRevenue": "427574000", "costofGoodsAndServicesSold": "427574000", "operatingIncome": "203307000", "sellingGeneralAndAdministrative": "194722000", "researchAndDevelopment": "150850000", "operatingExpenses": "342772000", "investmentIncomeNet": "None", "netInterestIncome": "-612000", "interestIncome": "1724000", "interestExpense": "2336000", "nonInterestIncome": "None", "otherNonOperatingIncome": "2904000", "depreciation": "None", "depreciationAndAmortization": "50808000", "incomeBeforeTax": "211346000", "incomeTaxExpense": "23852000", "interestAndDebtExpense": "None", "netIncomeFromContinuingOperations": "187494000", "comprehensiveIncomeNetOfTax": "None", "ebit": "213682000", "ebitda": "264490000", "netIncome": "187357000"}, {"fiscalDateEnding": "2022-03-31", "reportedCurrency": "USD", "grossProfit": "407460000", "totalRevenue": "768674000", "costOfRevenue": "361214000", "costofGoodsAndServicesSold": "361214000", "operatingIncome": "136650000", "sellingGeneralAndAdministrative": "150937000", "researchAndDevelopment": "121873000", "operatingExpenses": "272810000", "investmentIncomeNet": "None", "netInterestIncome": "-1057000", "interestIncome": "1442000", "interestExpense": "2499000", "nonInterestIncome": "None", "otherNonOperatingIncome": "5153000", "depreciation": "None", "depreciationAndAmortization": "48527000", "incomeBeforeTax": "140746000", "incomeTaxExpense": "21191000", "interestAndDebtExpense": "None", "netIncomeFromContinuingOperations": "119555000", "comprehensiveIncomeNetOfTax": "None", "ebit": "143245000", "ebitda": "191772000", "netIncome": "119407000"}, {"fiscalDateEnding": "2021-03-31", "reportedCurrency": "USD", "grossProfit": "278902000", "totalRevenue": "591207000", "costOfRevenue": "312305000", "costofGoodsAndServicesSold": "312305000", "operatingIncome": "12158000", "sellingGeneralAndAdministrative": "153476000", "researchAndDevelopment": "108649000", "operatingExpenses": "266744000", "investmentIncomeNet": "None", "netInterestIncome": "-2603000", "interestIncome": "1225000", "interestExpense": "3828000", "nonInterestIncome": "None", "otherNonOperatingIncome": "-11006000", "depreciation": "None", "depreciationAndAmortization": "48307000", "incomeBeforeTax": "-1451000", "incomeTaxExpense": "-19552000", "interestAndDebtExpense": "None", "netIncomeFromContinuingOperations": "18101000", "comprehensiveIncomeNetOfTax": "None", "ebit": "2377000", "ebitda": "50684000", "netIncome": "17953000"}, {"fiscalDateEnding": "2020-03-31", "reportedCurrency": "USD", "grossProfit": "261276000", "totalRevenue": "650089000", "costOfRevenue": "388813000", "costofGoodsAndServicesSold": "388813000", "operatingIncome": "52828000", "sellingGeneralAndAdministrative": "106123000", "researchAndDevelopment": "102052000", "operatingExpenses": "208448000", "investmentIncomeNet": "None", "netInterestIncome": "-110000", "interestIncome": "None", "interestExpense": "110000", "nonInterestIncome": "None", "otherNonOperatingIncome": "None", "depreciation": "None", "depreciationAndAmortization": "64048000", "incomeBeforeTax": "53278000", "incomeTaxExpense": "16173000", "interestAndDebtExpense": "None", "netIncomeFromContinuingOperations": "37105000", "comprehensiveIncomeNetOfTax": "None", "ebit": "53388000", "ebitda": "117436000", "netIncome": "36971000"}, {"fiscalDateEnding": "2019-03-31", "reportedCurrency": "USD", "grossProfit": "319820000", "totalRevenue": "724311000", "costOfRevenue": "404491000", "costofGoodsAndServicesSold": "404491000", "operatingIncome": "99999000", "sellingGeneralAndAdministrative": "112236000", "researchAndDevelopment": "107585000", "operatingExpenses": "219821000", "investmentIncomeNet": "None", "netInterestIncome": "-1211000", "interestIncome": "None", "interestExpense": "1211000", "nonInterestIncome": "None", "otherNonOperatingIncome": "None", "depreciation": "None", "depreciationAndAmortization": "59955000", "incomeBeforeTax": "99442000", "incomeTaxExpense": "14600000", "interestAndDebtExpense": "None", "netIncomeFromContinuingOperations": "84842000", "comprehensiveIncomeNetOfTax": "None", "ebit": "100653000", "ebitda": "160608000", "netIncome": "84724000"}], "quarterlyReports": [{"fiscalDateEnding": "2025-12-31", "reportedCurrency": "USD", "grossProfit": "107101000", "totalRevenue": "229210000", "costOfRevenue": "122109000", "costofGoodsAndServicesSold": "122109000", "operatingIncome": "9574000", "sellingGeneralAndAdministrative": "44649000", "researchAndDevelopment": "52878000", "operatingExpenses": "97527000", "investmentIncomeNet": "None", "netInterestIncome": "-4796000", "interestIncome": "114000", "interestExpense": "9080000", "nonInterestIncome": "None", "otherNonOperatingIncome": "None", "depreciation": "None", "depreciationAndAmortization": "17001000", "incomeBeforeTax": "494000", "incomeTaxExpense": "-7868000", "interestAndDebtExpense": "None", "netIncomeFromContinuingOperations": "8362000", "comprehensiveIncomeNetOfTax": "None", "ebit": "5404000", "ebitda": "22405000", "netIncome": "8299000"}, {"fiscalDateEnding": "2025-09-30", "reportedCurrency": "USD", "grossProfit": "99292000", "totalRevenue": "214294000", "costOfRevenue": "115002000", "costofGoodsAndServicesSold": "115002000", "operatingIncome": "6243000", "sellingGeneralAndAdministrative": "42158000", "researchAndDevelopment": "50891000", "operatingExpenses": "93049000", "investmentIncomeNet": "None", "netInterestIncome": "-5571000", "interestIncome": "159000", "interestExpense": "5730000", "nonInterestIncome": "None", "otherNonOperatingIncome": "None", "depreciation": "None", "depreciationAndAmortization": "16611000", "incomeBeforeTax": "-2715000", "incomeTaxExpense": "-9298000", "interestAndDebtExpense": "None", "netIncomeFromContinuingOperations": "6583000", "comprehensiveIncomeNetOfTax": "None", "ebit": "3015000", "ebitda": "19626000", "netIncome": "6519000"}, {"fiscalDateEnding": "2025-06-30", "reportedCurrency": "USD", "grossProfit": "91302000", "totalRevenue": "203405000", "costOfRevenue": "112103000", "costofGoodsAndServicesSold": "112103000", "operatingIncome": "-2740000", "sellingGeneralAndAdministrative": "47542000", "researchAndDevelopment": "46500000", "operatingExpenses": "94042000", "investmentIncomeNet": "None", "netInterestIncome": "-6125000", "interestIncome": "234000", "interestExpense": "6359000", "nonInterestIncome": "None", "otherNonOperatingIncome": "None", "depreciation": "None", "depreciationAndAmortization": "16216000", "incomeBeforeTax": "-9993000", "incomeTaxExpense": "3169000", "interestAndDebtExpense": "None", "netIncomeFromContinuingOperations": "-13162000", "comprehensiveIncomeNetOfTax": "None", "ebit": "-3634000", "ebitda": "12582000", "netIncome": "-13227000"}, {"fiscalDateEnding": "2025-03-31", "reportedCurrency": "USD", "grossProfit": "79879000", "totalRevenue": "192824000", "costOfRevenue": "112945000", "costofGoodsAndServicesSold": "112945000", "operatingIncome": "-13198000", "sellingGeneralAndAdministrative": "45459000", "researchAndDevelopment": "47618000", "operatingExpenses": "93077000", "investmentIncomeNet": "None", "netInterestIncome": "-6652000", "interestIncome": "222000", "interestExpense": "6874000", "nonInterestIncome": "None", "otherNonOperatingIncome": "None", "depreciation": "None", "depreciationAndAmortization": "15924000", "incomeBeforeTax": "-18438000", "incomeTaxExpense": "-3700000", "interestAndDebtExpense": "None", "netIncomeFromContinuingOperations": "-14738000", "comprehensiveIncomeNetOfTax": "None", "ebit": "-11564000", "ebitda": "4360000", "netIncome": "-14800000"}, {"fiscalDateEnding": "2024-12-31", "reportedCurrency": "USD", "grossProfit": "81215000", "totalRevenue": "177872000", "costOfRevenue": "96657000", "costofGoodsAndServicesSold": "96657000", "operatingIncome": "-41000", "sellingGeneralAndAdministrative": "37939000", "researchAndDevelopment": "43317000", "operatingExpenses": "81256000", "investmentIncomeNet": "None", "netInterestIncome": "-7374000", "interestIncome": "388000", "interestExpense": "7762000", "nonInterestIncome": "None", "otherNonOperatingIncome": "None", "depreciation": "None", "depreciationAndAmortization": "16123000", "incomeBeforeTax": "-7602000", "incomeTaxExpense": "-803000", "interestAndDebtExpense": "None", "netIncomeFromContinuingOperations": "-6799000", "comprehensiveIncomeNetOfTax": "None", "ebit": "160000", "ebitda": "16283000", "netIncome": "-6860000"}, {"fiscalDateEnding": "2024-09-30", "reportedCurrency": "USD", "grossProfit": "85662000", "totalRevenue": "187391000", "costOfRevenue": "101729000", "costofGoodsAndServicesSold": "101729000", "operatingIncome": "4067000", "sellingGeneralAndAdministrative": "38085000", "researchAndDevelopment": "43510000", "operatingExpenses": "81595000", "investmentIncomeNet": "None", "netInterestIncome": "-9933000", "interestIncome": "420000", "interestExpense": "10353000", "nonInterestIncome": "None", "otherNonOperatingIncome": "None", "depreciation": "None", "depreciationAndAmortization": "15997000", "incomeBeforeTax": "-43083000", "incomeTaxExpense": "-9470000", "interestAndDebtExpense": "None", "netIncomeFromContinuingOperations": "-33613000", "comprehensiveIncomeNetOfTax": "None", "ebit": "-32730000", "ebitda": "-16733000", "netIncome": "-33675000"}, {"fiscalDateEnding": "2024-06-30", "reportedCurrency": "USD", "grossProfit": "74771000", "totalRevenue": "166919000", "costOfRevenue": "92148000", "costofGoodsAndServicesSold": "92148000", "operatingIncome": "-10630000", "sellingGeneralAndAdministrative": "40197000", "researchAndDevelopment": "45204000", "operatingExpenses": "85401000", "investmentIncomeNet": "None", "netInterestIncome": "-4883000", "interestIncome": "494000", "interestExpense": "5377000", "nonInterestIncome": "None", "otherNonOperatingIncome": "None", "depreciation": "None", "depreciationAndAmortization": "16458000", "incomeBeforeTax": "-16573000", "incomeTaxExpense": "1040000", "interestAndDebtExpense": "None", "netIncomeFromContinuingOperations": "-17613000", "comprehensiveIncomeNetOfTax": "None", "ebit": "-11196000", "ebitda": "5262000", "netIncome": "-17675000"}, {"fiscalDateEnding": "2024-03-31", "reportedCurrency": "USD", "grossProfit": "123273000", "totalRevenue": "240581000", "costOfRevenue": "117308000", "costofGoodsAndServicesSold": "117308000", "operatingIncome": "15897000", "sellingGeneralAndAdministrative": "48294000", "researchAndDevelopment": "44289000", "operatingExpenses": "107351000", "investmentIncomeNet": "None", "netInterestIncome": "-4788000", "interestIncome": "594000", "interestExpense": "5382000", "nonInterestIncome": "None", "otherNonOperatingIncome": "None", "depreciation": "None", "depreciationAndAmortization": "21834000", "incomeBeforeTax": "17251000", "incomeTaxExpense": "24325000", "interestAndDebtExpense": "None", "netIncomeFromContinuingOperations": "-7074000", "comprehensiveIncomeNetOfTax": "None", "ebit": "22633000", "ebitda": "44467000", "netIncome": "-7115000"}, {"fiscalDateEnding": "2023-12-31", "reportedCurrency": "USD", "grossProfit": "133828000", "totalRevenue": "254984000", "costOfRevenue": "121156000", "costofGoodsAndServicesSold": "121156000", "operatingIncome": "36686000", "sellingGeneralAndAdministrative": "52746000", "researchAndDevelopment": "44396000", "operatingExpenses": "97142000", "investmentIncomeNet": "None", "netInterestIncome": "-2997000", "interestIncome": "857000", "interestExpense": "3854000", "nonInterestIncome": "None", "otherNonOperatingIncome": "None", "depreciation": "None", "depreciationAndAmortization": "20195000", "incomeBeforeTax": "36371000", "incomeTaxExpense": "2969000", "interestAndDebtExpense": "None", "netIncomeFromContinuingOperations": "33402000", "comprehensiveIncomeNetOfTax": "None", "ebit": "40225000", "ebitda": "60420000", "netIncome": "33345000"}, {"fiscalDateEnding": "2023-09-30", "reportedCurrency": "USD", "grossProfit": "159503000", "totalRevenue": "275509000", "costOfRevenue": "116006000", "costofGoodsAndServicesSold": "116006000", "operatingIncome": "72915000", "sellingGeneralAndAdministrative": "43160000", "researchAndDevelopment": "43428000", "operatingExpenses": "86588000", "investmentIncomeNet": "None", "netInterestIncome": "156000", "interestIncome": "850000", "interestExpense": "758000", "nonInterestIncome": "None", "otherNonOperatingIncome": "None", "depreciation": "None", "depreciationAndAmortization": "15080000", "incomeBeforeTax": "73071000", "incomeTaxExpense": "7400000", "interestAndDebtExpense": "None", "netIncomeFromContinuingOperations": "65671000", "comprehensiveIncomeNetOfTax": "None", "ebit": "73829000", "ebitda": "88909000", "netIncome": "65617000"}, {"fiscalDateEnding": "2023-06-30", "reportedCurrency": "USD", "grossProfit": "157950000", "totalRevenue": "278293000", "costOfRevenue": "120343000", "costofGoodsAndServicesSold": "120343000", "operatingIncome": "70746000", "sellingGeneralAndAdministrative": "44229000", "researchAndDevelopment": "42975000", "operatingExpenses": "87204000", "investmentIncomeNet": "None", "netInterestIncome": "-2642000", "interestIncome": "843000", "interestExpense": "769000", "nonInterestIncome": "None", "otherNonOperatingIncome": "-1873000", "depreciation": "None", "depreciationAndAmortization": "14273000", "incomeBeforeTax": "68104000", "incomeTaxExpense": "7215000", "interestAndDebtExpense": "None", "netIncomeFromContinuingOperations": "60889000", "comprehensiveIncomeNetOfTax": "None", "ebit": "68873000", "ebitda": "83146000", "netIncome": "60850000"}, {"fiscalDateEnding": "2023-03-31", "reportedCurrency": "USD", "grossProfit": "153089000", "totalRevenue": "269445000", "costOfRevenue": "116356000", "costofGoodsAndServicesSold": "116356000", "operatingIncome": "63104000", "sellingGeneralAndAdministrative": "48252000", "researchAndDevelopment": "41833000", "operatingExpenses": "90085000", "investmentIncomeNet": "None", "netInterestIncome": "-175000", "interestIncome": "580000", "interestExpense": "755000", "nonInterestIncome": "None", "otherNonOperatingIncome": "None", "depreciation": "None", "depreciationAndAmortization": "14103000", "incomeBeforeTax": "67921000", "incomeTaxExpense": "5909000", "interestAndDebtExpense": "None", "netIncomeFromContinuingOperations": "62012000", "comprehensiveIncomeNetOfTax": "None", "ebit": "68676000", "ebitda": "82779000", "netIncome": "61977000"}, {"fiscalDateEnding": "2022-12-31", "reportedCurrency": "USD", "grossProfit": "142594000", "totalRevenue": "248789000", "costOfRevenue": "106195000", "costofGoodsAndServicesSold": "106195000", "operatingIncome": "65628000", "sellingGeneralAndAdministrative": "37373000", "researchAndDevelopment": "39593000", "operatingExpenses": "76966000", "investmentIncomeNet": "None", "netInterestIncome": "-253000", "interestIncome": "360000", "interestExpense": "613000", "nonInterestIncome": "None", "otherNonOperatingIncome": "7076000", "depreciation": "None", "depreciationAndAmortization": "12580000", "incomeBeforeTax": "72091000", "incomeTaxExpense": "7540000", "interestAndDebtExpense": "None", "netIncomeFromContinuingOperations": "64551000", "comprehensiveIncomeNetOfTax": "None", "ebit": "72704000", "ebitda": "85284000", "netIncome": "64519000"}, {"fiscalDateEnding": "2022-09-30", "reportedCurrency": "USD", "grossProfit": "132022000", "totalRevenue": "237666000", "costOfRevenue": "105644000", "costofGoodsAndServicesSold": "105644000", "operatingIncome": "59838000", "sellingGeneralAndAdministrative": "39117000", "researchAndDevelopment": "35567000", "operatingExpenses": "72184000", "investmentIncomeNet": "None", "netInterestIncome": "-64000", "interestIncome": "467000", "interestExpense": "531000", "nonInterestIncome": "None", "otherNonOperatingIncome": "None", "depreciation": "None", "depreciationAndAmortization": "12207000", "incomeBeforeTax": "59086000", "incomeTaxExpense": "8438000", "interestAndDebtExpense": "None", "netIncomeFromContinuingOperations": "50648000", "comprehensiveIncomeNetOfTax": "None", "ebit": "59617000", "ebitda": "71824000", "netIncome": "50614000"}, {"fiscalDateEnding": "2022-06-30", "reportedCurrency": "USD", "grossProfit": "118374000", "totalRevenue": "217753000", "costOfRevenue": "99379000", "costofGoodsAndServicesSold": "99379000", "operatingIncome": "14737000", "sellingGeneralAndAdministrative": "69980000", "researchAndDevelopment": "33857000", "operatingExpenses": "103837000", "investmentIncomeNet": "None", "netInterestIncome": "-120000", "interestIncome": "None", "interestExpense": "120000", "nonInterestIncome": "None", "otherNonOperatingIncome": "-2369000", "depreciation": "None", "depreciationAndAmortization": "11918000", "incomeBeforeTax": "12248000", "incomeTaxExpense": "1965000", "interestAndDebtExpense": "None", "netIncomeFromContinuingOperations": "10283000", "comprehensiveIncomeNetOfTax": "None", "ebit": "12685000", "ebitda": "24603000", "netIncome": "10247000"}, {"fiscalDateEnding": "2022-03-31", "reportedCurrency": "USD", "grossProfit": "109603000", "totalRevenue": "200293000", "costOfRevenue": "90690000", "costofGoodsAndServicesSold": "90690000", "operatingIncome": "30249000", "sellingGeneralAndAdministrative": "46822000", "researchAndDevelopment": "32432000", "operatingExpenses": "79254000", "investmentIncomeNet": "None", "netInterestIncome": "707000", "interestIncome": "None", "interestExpense": "707000", "nonInterestIncome": "None", "otherNonOperatingIncome": "-800000", "depreciation": "None", "depreciationAndAmortization": "12006000", "incomeBeforeTax": "30156000", "incomeTaxExpense": "4504000", "interestAndDebtExpense": "None", "netIncomeFromContinuingOperations": "25652000", "comprehensiveIncomeNetOfTax": "None", "ebit": "30156000", "ebitda": "42162000", "netIncome": "25616000"}, {"fiscalDateEnding": "2021-12-31", "reportedCurrency": "USD", "grossProfit": "104271000", "totalRevenue": "186629000", "costOfRevenue": "82358000", "costofGoodsAndServicesSold": "82358000", "operatingIncome": "35605000", "sellingGeneralAndAdministrative": "37963000", "researchAndDevelopment": "30297000", "operatingExpenses": "68260000", "investmentIncomeNet": "None", "netInterestIncome": "-269000", "interestIncome": "None", "interestExpense": "427000", "nonInterestIncome": "None", "otherNonOperatingIncome": "3918000", "depreciation": "None", "depreciationAndAmortization": "12011000", "incomeBeforeTax": "39254000", "incomeTaxExpense": "6281000", "interestAndDebtExpense": "None", "netIncomeFromContinuingOperations": "32973000", "comprehensiveIncomeNetOfTax": "None", "ebit": "39523000", "ebitda": "51534000", "netIncome": "32936000"}, {"fiscalDateEnding": "2021-09-30", "reportedCurrency": "USD", "grossProfit": "102532000", "totalRevenue": "193610000", "costOfRevenue": "91078000", "costofGoodsAndServicesSold": "91078000", "operatingIncome": "38554000", "sellingGeneralAndAdministrative": "34088000", "researchAndDevelopment": "29590000", "operatingExpenses": "63678000", "investmentIncomeNet": "None", "netInterestIncome": "-1150000", "interestIncome": "None", "interestExpense": "1228000", "nonInterestIncome": "None", "otherNonOperatingIncome": "1962000", "depreciation": "None", "depreciationAndAmortization": "12339000", "incomeBeforeTax": "39366000", "incomeTaxExpense": "6143000", "interestAndDebtExpense": "None", "netIncomeFromContinuingOperations": "33223000", "comprehensiveIncomeNetOfTax": "None", "ebit": "40516000", "ebitda": "52855000", "netIncome": "33186000"}, {"fiscalDateEnding": "2021-06-30", "reportedCurrency": "USD", "grossProfit": "97475000", "totalRevenue": "188142000", "costOfRevenue": "90667000", "costofGoodsAndServicesSold": "90667000", "operatingIncome": "32242000", "sellingGeneralAndAdministrative": "32064000", "researchAndDevelopment": "29554000", "operatingExpenses": "65233000", "investmentIncomeNet": "None", "netInterestIncome": "-345000", "interestIncome": "None", "interestExpense": "345000", "nonInterestIncome": "None", "otherNonOperatingIncome": "73000", "depreciation": "None", "depreciationAndAmortization": "12172000", "incomeBeforeTax": "31970000", "incomeTaxExpense": "4263000", "interestAndDebtExpense": "None", "netIncomeFromContinuingOperations": "27707000", "comprehensiveIncomeNetOfTax": "None", "ebit": "32315000", "ebitda": "44487000", "netIncome": "27669000"}, {"fiscalDateEnding": "2021-03-31", "reportedCurrency": "USD", "grossProfit": "88625000", "totalRevenue": "175108000", "costOfRevenue": "86483000", "costofGoodsAndServicesSold": "86483000", "operatingIncome": "19448000", "sellingGeneralAndAdministrative": "34468000", "researchAndDevelopment": "28140000", "operatingExpenses": "69177000", "investmentIncomeNet": "None", "netInterestIncome": "-668000", "interestIncome": "None", "interestExpense": "668000", "nonInterestIncome": "None", "otherNonOperatingIncome": "None", "depreciation": "None", "depreciationAndAmortization": "12082000", "incomeBeforeTax": "17050000", "incomeTaxExpense": "8361000", "interestAndDebtExpense": "None", "netIncomeFromContinuingOperations": "8689000", "comprehensiveIncomeNetOfTax": "None", "ebit": "8442000", "ebitda": "20524000", "netIncome": "8644000"}, {"fiscalDateEnding": "2020-12-31", "reportedCurrency": "USD", "grossProfit": "76597000", "totalRevenue": "164449000", "costOfRevenue": "87852000", "costofGoodsAndServicesSold": "87852000", "operatingIncome": "-24224000", "sellingGeneralAndAdministrative": "118677000", "researchAndDevelopment": "30999000", "operatingExpenses": "100821000", "investmentIncomeNet": "None", "netInterestIncome": "-2598000", "interestIncome": "None", "interestExpense": "2598000", "nonInterestIncome": "None", "otherNonOperatingIncome": "-8761000", "depreciation": "None", "depreciationAndAmortization": "12199000", "incomeBeforeTax": "-35583000", "incomeTaxExpense": "-30523000", "interestAndDebtExpense": "None", "netIncomeFromContinuingOperations": "-5060000", "comprehensiveIncomeNetOfTax": "None", "ebit": "-32986000", "ebitda": "-20787000", "netIncome": "-5095000"}, {"fiscalDateEnding": "2020-09-30", "reportedCurrency": "USD", "grossProfit": "65066000", "totalRevenue": "136649000", "costOfRevenue": "71583000", "costofGoodsAndServicesSold": "71583000", "operatingIncome": "12402000", "sellingGeneralAndAdministrative": "24238000", "researchAndDevelopment": "25130000", "operatingExpenses": "52664000", "investmentIncomeNet": "None", "netInterestIncome": "350000", "interestIncome": "None", "interestExpense": "350000", "nonInterestIncome": "None", "otherNonOperatingIncome": "None", "depreciation": "None", "depreciationAndAmortization": "12487000", "incomeBeforeTax": "11700000", "incomeTaxExpense": "2082000", "interestAndDebtExpense": "None", "netIncomeFromContinuingOperations": "9618000", "comprehensiveIncomeNetOfTax": "None", "ebit": "12402000", "ebitda": "24889000", "netIncome": "9584000"}, {"fiscalDateEnding": "2020-06-30", "reportedCurrency": "USD", "grossProfit": "59628000", "totalRevenue": "115001000", "costOfRevenue": "55373000", "costofGoodsAndServicesSold": "55373000", "operatingIncome": "4532000", "sellingGeneralAndAdministrative": "26789000", "researchAndDevelopment": "24380000", "operatingExpenses": "55096000", "investmentIncomeNet": "None", "netInterestIncome": "313000", "interestIncome": "None", "interestExpense": "None", "nonInterestIncome": "None", "otherNonOperatingIncome": "None", "depreciation": "None", "depreciationAndAmortization": "11539000", "incomeBeforeTax": "5382000", "incomeTaxExpense": "528000", "interestAndDebtExpense": "None", "netIncomeFromContinuingOperations": "4854000", "comprehensiveIncomeNetOfTax": "None", "ebit": "4532000", "ebitda": "16071000", "netIncome": "4820000"}, {"fiscalDateEnding": "2020-03-31", "reportedCurrency": "USD", "grossProfit": "71758000", "totalRevenue": "174604000", "costOfRevenue": "102846000", "costofGoodsAndServicesSold": "102846000", "operatingIncome": "18905000", "sellingGeneralAndAdministrative": "28093000", "researchAndDevelopment": "24487000", "operatingExpenses": "52853000", "investmentIncomeNet": "None", "netInterestIncome": "-50000", "interestIncome": "None", "interestExpense": "50000", "nonInterestIncome": "None", "otherNonOperatingIncome": "None", "depreciation": "None", "depreciationAndAmortization": "16440000", "incomeBeforeTax": "17792000", "incomeTaxExpense": "4463000", "interestAndDebtExpense": "None", "netIncomeFromContinuingOperations": "13329000", "comprehensiveIncomeNetOfTax": "None", "ebit": "19465000", "ebitda": "35905000", "netIncome": "13296000"}, {"fiscalDateEnding": "2019-12-31", "reportedCurrency": "USD", "grossProfit": "61525000", "totalRevenue": "159802000", "costOfRevenue": "98277000", "costofGoodsAndServicesSold": "98277000", "operatingIncome": "11131000", "sellingGeneralAndAdministrative": "24909000", "researchAndDevelopment": "25485000", "operatingExpenses": "50394000", "investmentIncomeNet": "None", "netInterestIncome": "10000", "interestIncome": "None", "interestExpense": "10000", "nonInterestIncome": "None", "otherNonOperatingIncome": "None", "depreciation": "None", "depreciationAndAmortization": "16131000", "incomeBeforeTax": "10500000", "incomeTaxExpense": "1542000", "interestAndDebtExpense": "None", "netIncomeFromContinuingOperations": "8958000", "comprehensiveIncomeNetOfTax": "None", "ebit": "11131000", "ebitda": "27262000", "netIncome": "8926000"}, {"fiscalDateEnding": "2019-09-30", "reportedCurrency": "USD", "grossProfit": "68606000", "totalRevenue": "163240000", "costOfRevenue": "94634000", "costofGoodsAndServicesSold": "94634000", "operatingIncome": "15061000", "sellingGeneralAndAdministrative": "27593000", "researchAndDevelopment": "25952000", "operatingExpenses": "53545000", "investmentIncomeNet": "None", "netInterestIncome": "-65000", "interestIncome": "None", "interestExpense": "65000", "nonInterestIncome": "None", "otherNonOperatingIncome": "None", "depreciation": "None", "depreciationAndAmortization": "15988000", "incomeBeforeTax": "14416000", "incomeTaxExpense": "2833000", "interestAndDebtExpense": "None", "netIncomeFromContinuingOperations": "11583000", "comprehensiveIncomeNetOfTax": "None", "ebit": "15061000", "ebitda": "31049000", "netIncome": "11565000"}, {"fiscalDateEnding": "2019-06-30", "reportedCurrency": "USD", "grossProfit": "59387000", "totalRevenue": "152443000", "costOfRevenue": "93056000", "costofGoodsAndServicesSold": "93056000", "operatingIncome": "7731000", "sellingGeneralAndAdministrative": "25528000", "researchAndDevelopment": "26128000", "operatingExpenses": "51656000", "investmentIncomeNet": "None", "netInterestIncome": "None", "interestIncome": "None", "interestExpense": "5000", "nonInterestIncome": "None", "otherNonOperatingIncome": "None", "depreciation": "None", "depreciationAndAmortization": "15489000", "incomeBeforeTax": "10570000", "incomeTaxExpense": "7335000", "interestAndDebtExpense": "None", "netIncomeFromContinuingOperations": "None", "comprehensiveIncomeNetOfTax": "None", "ebit": "7731000", "ebitda": "23220000", "netIncome": "3184000"}]}