{"symbol": "LW", "annualReports": [{"fiscalDateEnding": "2025-05-31", "reportedCurrency": "USD", "grossProfit": "1398600000", "totalRevenue": "6451300000", "costOfRevenue": "5052700000", "costofGoodsAndServicesSold": "5052700000", "operatingIncome": "665100000", "sellingGeneralAndAdministrative": "545500000", "researchAndDevelopment": "22000000", "operatingExpenses": "733500000", "investmentIncomeNet": "None", "netInterestIncome": "-180000000", "interestIncome": "180000000", "interestExpense": "180000000", "nonInterestIncome": "None", "otherNonOperatingIncome": "None", "depreciation": "None", "depreciationAndAmortization": "407500000", "incomeBeforeTax": "500300000", "incomeTaxExpense": "143100000", "interestAndDebtExpense": "None", "netIncomeFromContinuingOperations": "357200000", "comprehensiveIncomeNetOfTax": "None", "ebit": "665100000", "ebitda": "1072600000", "netIncome": "357200000"}, {"fiscalDateEnding": "2024-05-31", "reportedCurrency": "USD", "grossProfit": "1766700000", "totalRevenue": "6467600000", "costOfRevenue": "4700900000", "costofGoodsAndServicesSold": "4700900000", "operatingIncome": "1065300000", "sellingGeneralAndAdministrative": "571800000", "researchAndDevelopment": "26400000", "operatingExpenses": "701400000", "investmentIncomeNet": "None", "netInterestIncome": "-135800000", "interestIncome": "135800000", "interestExpense": "135800000", "nonInterestIncome": "None", "otherNonOperatingIncome": "None", "depreciation": "None", "depreciationAndAmortization": "306800000", "incomeBeforeTax": "955500000", "incomeTaxExpense": "230000000", "interestAndDebtExpense": "None", "netIncomeFromContinuingOperations": "725500000", "comprehensiveIncomeNetOfTax": "None", "ebit": "1065300000", "ebitda": "1372100000", "netIncome": "725500000"}, {"fiscalDateEnding": "2023-05-31", "reportedCurrency": "USD", "grossProfit": "1432100000", "totalRevenue": "5350600000", "costOfRevenue": "3918500000", "costofGoodsAndServicesSold": "3918500000", "operatingIncome": "882100000", "sellingGeneralAndAdministrative": "509000000", "researchAndDevelopment": "17200000", "operatingExpenses": "550000000", "investmentIncomeNet": "None", "netInterestIncome": "-109200000", "interestIncome": "109200000", "interestExpense": "109200000", "nonInterestIncome": "None", "otherNonOperatingIncome": "460600000", "depreciation": "None", "depreciationAndAmortization": "222800000", "incomeBeforeTax": "1233500000", "incomeTaxExpense": "224600000", "interestAndDebtExpense": "None", "netIncomeFromContinuingOperations": "1008900000", "comprehensiveIncomeNetOfTax": "None", "ebit": "882100000", "ebitda": "1104900000", "netIncome": "1008900000"}, {"fiscalDateEnding": "2022-05-31", "reportedCurrency": "USD", "grossProfit": "832000000", "totalRevenue": "4098900000", "costOfRevenue": "3266900000", "costofGoodsAndServicesSold": "3266900000", "operatingIncome": "444400000", "sellingGeneralAndAdministrative": "337000000", "researchAndDevelopment": "16200000", "operatingExpenses": "387600000", "investmentIncomeNet": "None", "netInterestIncome": "-161000000", "interestIncome": "107700000", "interestExpense": "161000000", "nonInterestIncome": "None", "otherNonOperatingIncome": "-10700000", "depreciation": "None", "depreciationAndAmortization": "192100000", "incomeBeforeTax": "272700000", "incomeTaxExpense": "71800000", "interestAndDebtExpense": "None", "netIncomeFromContinuingOperations": "211600000", "comprehensiveIncomeNetOfTax": "None", "ebit": "444400000", "ebitda": "636500000", "netIncome": "200900000"}, {"fiscalDateEnding": "2021-05-31", "reportedCurrency": "USD", "grossProfit": "832000000", "totalRevenue": "3670900000", "costOfRevenue": "2838900000", "costofGoodsAndServicesSold": "2838900000", "operatingIncome": "474800000", "sellingGeneralAndAdministrative": "327800000", "researchAndDevelopment": "12900000", "operatingExpenses": "357200000", "investmentIncomeNet": "None", "netInterestIncome": "-118300000", "interestIncome": "118300000", "interestExpense": "118300000", "nonInterestIncome": "None", "otherNonOperatingIncome": "51800000", "depreciation": "None", "depreciationAndAmortization": "187800000", "incomeBeforeTax": "408300000", "incomeTaxExpense": "90500000", "interestAndDebtExpense": "None", "netIncomeFromContinuingOperations": "317800000", "comprehensiveIncomeNetOfTax": "None", "ebit": "474800000", "ebitda": "662600000", "netIncome": "317800000"}, {"fiscalDateEnding": "2020-05-31", "reportedCurrency": "USD", "grossProfit": "895200000", "totalRevenue": "3792400000", "costOfRevenue": "2897200000", "costofGoodsAndServicesSold": "2897200000", "operatingIncome": "556900000", "sellingGeneralAndAdministrative": "299800000", "researchAndDevelopment": "15400000", "operatingExpenses": "338300000", "investmentIncomeNet": "None", "netInterestIncome": "-108000000", "interestIncome": "108000000", "interestExpense": "108000000", "nonInterestIncome": "None", "otherNonOperatingIncome": "29300000", "depreciation": "None", "depreciationAndAmortization": "182300000", "incomeBeforeTax": "478200000", "incomeTaxExpense": "112300000", "interestAndDebtExpense": "None", "netIncomeFromContinuingOperations": "365900000", "comprehensiveIncomeNetOfTax": "None", "ebit": "556900000", "ebitda": "739200000", "netIncome": "365900000"}, {"fiscalDateEnding": "2019-05-31", "reportedCurrency": "USD", "grossProfit": "1003500000", "totalRevenue": "3756500000", "costOfRevenue": "2753000000", "costofGoodsAndServicesSold": "2753000000", "operatingIncome": "668400000", "sellingGeneralAndAdministrative": "284000000", "researchAndDevelopment": "15400000", "operatingExpenses": "335100000", "investmentIncomeNet": "None", "netInterestIncome": "-107100000", "interestIncome": "107100000", "interestExpense": "107100000", "nonInterestIncome": "None", "otherNonOperatingIncome": "59500000", "depreciation": "None", "depreciationAndAmortization": "162400000", "incomeBeforeTax": "620800000", "incomeTaxExpense": "133600000", "interestAndDebtExpense": "None", "netIncomeFromContinuingOperations": "487200000", "comprehensiveIncomeNetOfTax": "None", "ebit": "668400000", "ebitda": "830800000", "netIncome": "478600000"}, {"fiscalDateEnding": "2018-05-31", "reportedCurrency": "USD", "grossProfit": "879500000", "totalRevenue": "3423700000", "costOfRevenue": "2544200000", "costofGoodsAndServicesSold": "2544200000", "operatingIncome": "580100000", "sellingGeneralAndAdministrative": "250300000", "researchAndDevelopment": "13500000", "operatingExpenses": "299400000", "investmentIncomeNet": "None", "netInterestIncome": "-108800000", "interestIncome": "108800000", "interestExpense": "108800000", "nonInterestIncome": "None", "otherNonOperatingIncome": "83600000", "depreciation": "None", "depreciationAndAmortization": "143300000", "incomeBeforeTax": "554900000", "incomeTaxExpense": "121200000", "interestAndDebtExpense": "None", "netIncomeFromContinuingOperations": "433700000", "comprehensiveIncomeNetOfTax": "None", "ebit": "580100000", "ebitda": "723400000", "netIncome": "416800000"}, {"fiscalDateEnding": "2017-05-31", "reportedCurrency": "USD", "grossProfit": "778800000", "totalRevenue": "3168000000", "costOfRevenue": "2389200000", "costofGoodsAndServicesSold": "2389200000", "operatingIncome": "518300000", "sellingGeneralAndAdministrative": "198100000", "researchAndDevelopment": "10600000", "operatingExpenses": "260500000", "investmentIncomeNet": "None", "netInterestIncome": "-61200000", "interestIncome": "61200000", "interestExpense": "61200000", "nonInterestIncome": "None", "otherNonOperatingIncome": "53300000", "depreciation": "None", "depreciationAndAmortization": "109100000", "incomeBeforeTax": "510400000", "incomeTaxExpense": "170200000", "interestAndDebtExpense": "None", "netIncomeFromContinuingOperations": "340200000", "comprehensiveIncomeNetOfTax": "None", "ebit": "518300000", "ebitda": "627400000", "netIncome": "326900000"}, {"fiscalDateEnding": "2016-05-31", "reportedCurrency": "USD", "grossProfit": "661800000", "totalRevenue": "2993800000", "costOfRevenue": "2332000000", "costofGoodsAndServicesSold": "2332000000", "operatingIncome": "373300000", "sellingGeneralAndAdministrative": "248200000", "researchAndDevelopment": "6700000", "operatingExpenses": "288500000", "investmentIncomeNet": "None", "netInterestIncome": "-5900000", "interestIncome": "5900000", "interestExpense": "6100000", "nonInterestIncome": "None", "otherNonOperatingIncome": "None", "depreciation": "None", "depreciationAndAmortization": "95900000", "incomeBeforeTax": "439100000", "incomeTaxExpense": "144500000", "interestAndDebtExpense": "None", "netIncomeFromContinuingOperations": "294600000", "comprehensiveIncomeNetOfTax": "None", "ebit": "373300000", "ebitda": "469200000", "netIncome": "285300000"}, {"fiscalDateEnding": "2015-05-31", "reportedCurrency": "USD", "grossProfit": "587300000", "totalRevenue": "2925000000", "costOfRevenue": "2337700000", "costofGoodsAndServicesSold": "2337700000", "operatingIncome": "381400000", "sellingGeneralAndAdministrative": "191100000", "researchAndDevelopment": "7200000", "operatingExpenses": "205900000", "investmentIncomeNet": "None", "netInterestIncome": "None", "interestIncome": "None", "interestExpense": "6300000", "nonInterestIncome": "None", "otherNonOperatingIncome": "None", "depreciation": "None", "depreciationAndAmortization": "96400000", "incomeBeforeTax": "418000000", "incomeTaxExpense": "140400000", "interestAndDebtExpense": "None", "netIncomeFromContinuingOperations": "277600000", "comprehensiveIncomeNetOfTax": "None", "ebit": "381400000", "ebitda": "477800000", "netIncome": "268300000"}, {"fiscalDateEnding": "2014-05-31", "reportedCurrency": "USD", "grossProfit": "587500000", "totalRevenue": "2815200000", "costOfRevenue": "2227700000", "costofGoodsAndServicesSold": "2227700000", "operatingIncome": "366700000", "sellingGeneralAndAdministrative": "191100000", "researchAndDevelopment": "7600000", "operatingExpenses": "220800000", "investmentIncomeNet": "None", "netInterestIncome": "None", "interestIncome": "None", "interestExpense": "5600000", "nonInterestIncome": "None", "otherNonOperatingIncome": "None", "depreciation": "None", "depreciationAndAmortization": "79200000", "incomeBeforeTax": "388000000", "incomeTaxExpense": "117700000", "interestAndDebtExpense": "None", "netIncomeFromContinuingOperations": "270300000", "comprehensiveIncomeNetOfTax": "None", "ebit": "364000000", "ebitda": "443200000", "netIncome": "260900000"}, {"fiscalDateEnding": "2013-05-31", "reportedCurrency": "USD", "grossProfit": "692200000", "totalRevenue": "2778400000", "costOfRevenue": "2086200000", "costofGoodsAndServicesSold": "2086200000", "operatingIncome": "401000000", "sellingGeneralAndAdministrative": "224900000", "researchAndDevelopment": "8700000", "operatingExpenses": "291200000", "investmentIncomeNet": "None", "netInterestIncome": "None", "interestIncome": "None", "interestExpense": "5500000", "nonInterestIncome": "None", "otherNonOperatingIncome": "None", "depreciation": "None", "depreciationAndAmortization": "77900000", "incomeBeforeTax": "423500000", "incomeTaxExpense": "151900000", "interestAndDebtExpense": "None", "netIncomeFromContinuingOperations": "None", "comprehensiveIncomeNetOfTax": "None", "ebit": "439300000", "ebitda": "517200000", "netIncome": "298300000"}], "quarterlyReports": [{"fiscalDateEnding": "2025-11-30", "reportedCurrency": "USD", "grossProfit": "324300000", "totalRevenue": "1618100000", "costOfRevenue": "1293800000", "costofGoodsAndServicesSold": "1293800000", "operatingIncome": "139200000", "sellingGeneralAndAdministrative": "167800000", "researchAndDevelopment": "None", "operatingExpenses": "185100000", "investmentIncomeNet": "None", "netInterestIncome": "-44300000", "interestIncome": "44300000", "interestExpense": "44300000", "nonInterestIncome": "None", "otherNonOperatingIncome": "None", "depreciation": "None", "depreciationAndAmortization": "96200000", "incomeBeforeTax": "98100000", "incomeTaxExpense": "36000000", "interestAndDebtExpense": "None", "netIncomeFromContinuingOperations": "62100000", "comprehensiveIncomeNetOfTax": "None", "ebit": "139200000", "ebitda": "235400000", "netIncome": "62100000"}, {"fiscalDateEnding": "2025-08-31", "reportedCurrency": "USD", "grossProfit": "342400000", "totalRevenue": "1659300000", "costOfRevenue": "1316900000", "costofGoodsAndServicesSold": "1316900000", "operatingIncome": "156500000", "sellingGeneralAndAdministrative": "153600000", "researchAndDevelopment": "None", "operatingExpenses": "185900000", "investmentIncomeNet": "None", "netInterestIncome": "-43700000", "interestIncome": "43700000", "interestExpense": "43700000", "nonInterestIncome": "None", "otherNonOperatingIncome": "None", "depreciation": "None", "depreciationAndAmortization": "95300000", "incomeBeforeTax": "112200000", "incomeTaxExpense": "47900000", "interestAndDebtExpense": "None", "netIncomeFromContinuingOperations": "64300000", "comprehensiveIncomeNetOfTax": "None", "ebit": "156500000", "ebitda": "251800000", "netIncome": "64300000"}, {"fiscalDateEnding": "2025-05-31", "reportedCurrency": "USD", "grossProfit": "342300000", "totalRevenue": "1675800000", "costOfRevenue": "1333500000", "costofGoodsAndServicesSold": "1333500000", "operatingIncome": "185800000", "sellingGeneralAndAdministrative": "52700000", "researchAndDevelopment": "22000000", "operatingExpenses": "156500000", "investmentIncomeNet": "None", "netInterestIncome": "-44200000", "interestIncome": "44200000", "interestExpense": "44200000", "nonInterestIncome": "None", "otherNonOperatingIncome": "None", "depreciation": "None", "depreciationAndAmortization": "94300000", "incomeBeforeTax": "141300000", "incomeTaxExpense": "21400000", "interestAndDebtExpense": "None", "netIncomeFromContinuingOperations": "119900000", "comprehensiveIncomeNetOfTax": "None", "ebit": "185800000", "ebitda": "280100000", "netIncome": "119900000"}, {"fiscalDateEnding": "2025-02-28", "reportedCurrency": "USD", "grossProfit": "422500000", "totalRevenue": "1520500000", "costOfRevenue": "1098000000", "costofGoodsAndServicesSold": "1098000000", "operatingIncome": "248700000", "sellingGeneralAndAdministrative": "151600000", "researchAndDevelopment": "None", "operatingExpenses": "173800000", "investmentIncomeNet": "None", "netInterestIncome": "-47300000", "interestIncome": "47300000", "interestExpense": "47300000", "nonInterestIncome": "None", "otherNonOperatingIncome": "None", "depreciation": "None", "depreciationAndAmortization": "102200000", "incomeBeforeTax": "203500000", "incomeTaxExpense": "57500000", "interestAndDebtExpense": "None", "netIncomeFromContinuingOperations": "146000000", "comprehensiveIncomeNetOfTax": "None", "ebit": "248700000", "ebitda": "350900000", "netIncome": "146000000"}, {"fiscalDateEnding": "2024-11-30", "reportedCurrency": "USD", "grossProfit": "277800000", "totalRevenue": "1600900000", "costOfRevenue": "1323100000", "costofGoodsAndServicesSold": "1323100000", "operatingIncome": "18500000", "sellingGeneralAndAdministrative": "181000000", "researchAndDevelopment": "None", "operatingExpenses": "259300000", "investmentIncomeNet": "None", "netInterestIncome": "-43300000", "interestIncome": "43300000", "interestExpense": "43300000", "nonInterestIncome": "None", "otherNonOperatingIncome": "None", "depreciation": "None", "depreciationAndAmortization": "120500000", "incomeBeforeTax": "-22700000", "incomeTaxExpense": "13400000", "interestAndDebtExpense": "None", "netIncomeFromContinuingOperations": "-36100000", "comprehensiveIncomeNetOfTax": "None", "ebit": "18500000", "ebitda": "139000000", "netIncome": "-36100000"}, {"fiscalDateEnding": "2024-08-31", "reportedCurrency": "USD", "grossProfit": "356000000", "totalRevenue": "1654100000", "costOfRevenue": "1298100000", "costofGoodsAndServicesSold": "1298100000", "operatingIncome": "212100000", "sellingGeneralAndAdministrative": "143900000", "researchAndDevelopment": "None", "operatingExpenses": "143900000", "investmentIncomeNet": "None", "netInterestIncome": "-45200000", "interestIncome": "45200000", "interestExpense": "45200000", "nonInterestIncome": "None", "otherNonOperatingIncome": "None", "depreciation": "None", "depreciationAndAmortization": "90500000", "incomeBeforeTax": "178200000", "incomeTaxExpense": "50800000", "interestAndDebtExpense": "None", "netIncomeFromContinuingOperations": "127400000", "comprehensiveIncomeNetOfTax": "None", "ebit": "212100000", "ebitda": "302600000", "netIncome": "127400000"}, {"fiscalDateEnding": "2024-05-31", "reportedCurrency": "USD", "grossProfit": "387900000", "totalRevenue": "1611900000", "costOfRevenue": "1224000000", "costofGoodsAndServicesSold": "1224000000", "operatingIncome": "212500000", "sellingGeneralAndAdministrative": "57000000", "researchAndDevelopment": "26400000", "operatingExpenses": "175400000", "investmentIncomeNet": "None", "netInterestIncome": "-40300000", "interestIncome": "None", "interestExpense": "40300000", "nonInterestIncome": "None", "otherNonOperatingIncome": "None", "depreciation": "None", "depreciationAndAmortization": "86800000", "incomeBeforeTax": "180400000", "incomeTaxExpense": "50700000", "interestAndDebtExpense": "None", "netIncomeFromContinuingOperations": "129700000", "comprehensiveIncomeNetOfTax": "None", "ebit": "212500000", "ebitda": "299300000", "netIncome": "129700000"}, {"fiscalDateEnding": "2024-02-29", "reportedCurrency": "USD", "grossProfit": "403700000", "totalRevenue": "1458300000", "costOfRevenue": "1054600000", "costofGoodsAndServicesSold": "1054600000", "operatingIncome": "223900000", "sellingGeneralAndAdministrative": "169700000", "researchAndDevelopment": "None", "operatingExpenses": "179800000", "investmentIncomeNet": "None", "netInterestIncome": "-35700000", "interestIncome": "None", "interestExpense": "35700000", "nonInterestIncome": "None", "otherNonOperatingIncome": "None", "depreciation": "None", "depreciationAndAmortization": "79300000", "incomeBeforeTax": "189200000", "incomeTaxExpense": "43100000", "interestAndDebtExpense": "None", "netIncomeFromContinuingOperations": "146100000", "comprehensiveIncomeNetOfTax": "None", "ebit": "223900000", "ebitda": "303200000", "netIncome": "146100000"}, {"fiscalDateEnding": "2023-11-30", "reportedCurrency": "USD", "grossProfit": "475600000", "totalRevenue": "1732100000", "costOfRevenue": "1256500000", "costofGoodsAndServicesSold": "1256500000", "operatingIncome": "305600000", "sellingGeneralAndAdministrative": "164600000", "researchAndDevelopment": "None", "operatingExpenses": "170000000", "investmentIncomeNet": "None", "netInterestIncome": "-29100000", "interestIncome": "None", "interestExpense": "29100000", "nonInterestIncome": "None", "otherNonOperatingIncome": "None", "depreciation": "None", "depreciationAndAmortization": "70600000", "incomeBeforeTax": "281200000", "incomeTaxExpense": "66200000", "interestAndDebtExpense": "None", "netIncomeFromContinuingOperations": "215000000", "comprehensiveIncomeNetOfTax": "None", "ebit": "305600000", "ebitda": "376200000", "netIncome": "215000000"}, {"fiscalDateEnding": "2023-08-31", "reportedCurrency": "USD", "grossProfit": "499500000", "totalRevenue": "1665300000", "costOfRevenue": "1165800000", "costofGoodsAndServicesSold": "1165800000", "operatingIncome": "323300000", "sellingGeneralAndAdministrative": "176200000", "researchAndDevelopment": "None", "operatingExpenses": "176200000", "investmentIncomeNet": "None", "netInterestIncome": "-30700000", "interestIncome": "30700000", "interestExpense": "30700000", "nonInterestIncome": "None", "otherNonOperatingIncome": "None", "depreciation": "None", "depreciationAndAmortization": "70100000", "incomeBeforeTax": "304700000", "incomeTaxExpense": "69900000", "interestAndDebtExpense": "None", "netIncomeFromContinuingOperations": "234800000", "comprehensiveIncomeNetOfTax": "None", "ebit": "323300000", "ebitda": "393400000", "netIncome": "234800000"}, {"fiscalDateEnding": "2023-05-31", "reportedCurrency": "USD", "grossProfit": "379400000", "totalRevenue": "1694900000", "costOfRevenue": "1315500000", "costofGoodsAndServicesSold": "1315500000", "operatingIncome": "187000000", "sellingGeneralAndAdministrative": "136400000", "researchAndDevelopment": "17200000", "operatingExpenses": "192400000", "investmentIncomeNet": "None", "netInterestIncome": "-32800000", "interestIncome": "32800000", "interestExpense": "32800000", "nonInterestIncome": "None", "otherNonOperatingIncome": "416600000", "depreciation": "None", "depreciationAndAmortization": "69500000", "incomeBeforeTax": "570800000", "incomeTaxExpense": "72000000", "interestAndDebtExpense": "None", "netIncomeFromContinuingOperations": "82200000", "comprehensiveIncomeNetOfTax": "None", "ebit": "187000000", "ebitda": "256500000", "netIncome": "498800000"}, {"fiscalDateEnding": "2023-02-28", "reportedCurrency": "USD", "grossProfit": "397800000", "totalRevenue": "1253600000", "costOfRevenue": "855800000", "costofGoodsAndServicesSold": "855800000", "operatingIncome": "266300000", "sellingGeneralAndAdministrative": "131500000", "researchAndDevelopment": "None", "operatingExpenses": "131500000", "investmentIncomeNet": "None", "netInterestIncome": "-25800000", "interestIncome": "25800000", "interestExpense": "25800000", "nonInterestIncome": "None", "otherNonOperatingIncome": "-23300000", "depreciation": "None", "depreciationAndAmortization": "51300000", "incomeBeforeTax": "217200000", "incomeTaxExpense": "42100000", "interestAndDebtExpense": "None", "netIncomeFromContinuingOperations": "198400000", "comprehensiveIncomeNetOfTax": "None", "ebit": "266300000", "ebitda": "317600000", "netIncome": "175100000"}, {"fiscalDateEnding": "2022-11-30", "reportedCurrency": "USD", "grossProfit": "381600000", "totalRevenue": "1276500000", "costOfRevenue": "894900000", "costofGoodsAndServicesSold": "894900000", "operatingIncome": "271800000", "sellingGeneralAndAdministrative": "109800000", "researchAndDevelopment": "None", "operatingExpenses": "109800000", "investmentIncomeNet": "None", "netInterestIncome": "-24600000", "interestIncome": "24600000", "interestExpense": "24600000", "nonInterestIncome": "None", "otherNonOperatingIncome": "-107300000", "depreciation": "None", "depreciationAndAmortization": "52200000", "incomeBeforeTax": "139900000", "incomeTaxExpense": "36800000", "interestAndDebtExpense": "None", "netIncomeFromContinuingOperations": "103100000", "comprehensiveIncomeNetOfTax": "None", "ebit": "271800000", "ebitda": "324000000", "netIncome": "103100000"}, {"fiscalDateEnding": "2022-08-31", "reportedCurrency": "USD", "grossProfit": "273300000", "totalRevenue": "1125600000", "costOfRevenue": "852300000", "costofGoodsAndServicesSold": "852300000", "operatingIncome": "157000000", "sellingGeneralAndAdministrative": "116300000", "researchAndDevelopment": "None", "operatingExpenses": "116300000", "investmentIncomeNet": "None", "netInterestIncome": "-26000000", "interestIncome": "26000000", "interestExpense": "26000000", "nonInterestIncome": "None", "otherNonOperatingIncome": "174600000", "depreciation": "None", "depreciationAndAmortization": "49800000", "incomeBeforeTax": "305600000", "incomeTaxExpense": "73700000", "interestAndDebtExpense": "None", "netIncomeFromContinuingOperations": "57300000", "comprehensiveIncomeNetOfTax": "None", "ebit": "157000000", "ebitda": "206800000", "netIncome": "231900000"}, {"fiscalDateEnding": "2022-05-31", "reportedCurrency": "USD", "grossProfit": "254200000", "totalRevenue": "1153100000", "costOfRevenue": "898900000", "costofGoodsAndServicesSold": "898900000", "operatingIncome": "136000000", "sellingGeneralAndAdministrative": "79800000", "researchAndDevelopment": "16200000", "operatingExpenses": "118200000", "investmentIncomeNet": "None", "netInterestIncome": "-24900000", "interestIncome": "24900000", "interestExpense": "24900000", "nonInterestIncome": "None", "otherNonOperatingIncome": "-56700000", "depreciation": "None", "depreciationAndAmortization": "49700000", "incomeBeforeTax": "54400000", "incomeTaxExpense": "22400000", "interestAndDebtExpense": "None", "netIncomeFromContinuingOperations": "88700000", "comprehensiveIncomeNetOfTax": "None", "ebit": "136000000", "ebitda": "185700000", "netIncome": "32000000"}, {"fiscalDateEnding": "2022-02-28", "reportedCurrency": "USD", "grossProfit": "221000000", "totalRevenue": "955000000", "costOfRevenue": "734000000", "costofGoodsAndServicesSold": "734000000", "operatingIncome": "133800000", "sellingGeneralAndAdministrative": "87200000", "researchAndDevelopment": "None", "operatingExpenses": "87200000", "investmentIncomeNet": "None", "netInterestIncome": "-25800000", "interestIncome": "25800000", "interestExpense": "25800000", "nonInterestIncome": "None", "otherNonOperatingIncome": "29700000", "depreciation": "None", "depreciationAndAmortization": "47500000", "incomeBeforeTax": "137700000", "incomeTaxExpense": "31100000", "interestAndDebtExpense": "None", "netIncomeFromContinuingOperations": "76900000", "comprehensiveIncomeNetOfTax": "None", "ebit": "133800000", "ebitda": "181300000", "netIncome": "106600000"}, {"fiscalDateEnding": "2021-11-30", "reportedCurrency": "USD", "grossProfit": "205500000", "totalRevenue": "1006600000", "costOfRevenue": "801100000", "costofGoodsAndServicesSold": "801100000", "operatingIncome": "114400000", "sellingGeneralAndAdministrative": "91100000", "researchAndDevelopment": "None", "operatingExpenses": "91100000", "investmentIncomeNet": "None", "netInterestIncome": "-82400000", "interestIncome": "82400000", "interestExpense": "82400000", "nonInterestIncome": "None", "otherNonOperatingIncome": "10100000", "depreciation": "None", "depreciationAndAmortization": "47600000", "incomeBeforeTax": "42100000", "incomeTaxExpense": "9600000", "interestAndDebtExpense": "None", "netIncomeFromContinuingOperations": "22400000", "comprehensiveIncomeNetOfTax": "None", "ebit": "114400000", "ebitda": "162000000", "netIncome": "32500000"}, {"fiscalDateEnding": "2021-08-31", "reportedCurrency": "USD", "grossProfit": "151300000", "totalRevenue": "984200000", "costOfRevenue": "832900000", "costofGoodsAndServicesSold": "832900000", "operatingIncome": "60200000", "sellingGeneralAndAdministrative": "91100000", "researchAndDevelopment": "None", "operatingExpenses": "91100000", "investmentIncomeNet": "None", "netInterestIncome": "-27900000", "interestIncome": "27900000", "interestExpense": "27900000", "nonInterestIncome": "None", "otherNonOperatingIncome": "6200000", "depreciation": "None", "depreciationAndAmortization": "47300000", "incomeBeforeTax": "38500000", "incomeTaxExpense": "8700000", "interestAndDebtExpense": "None", "netIncomeFromContinuingOperations": "23600000", "comprehensiveIncomeNetOfTax": "None", "ebit": "60200000", "ebitda": "107500000", "netIncome": "29800000"}, {"fiscalDateEnding": "2021-05-31", "reportedCurrency": "USD", "grossProfit": "198000000", "totalRevenue": "1007500000", "costOfRevenue": "809500000", "costofGoodsAndServicesSold": "809500000", "operatingIncome": "98900000", "sellingGeneralAndAdministrative": "69700000", "researchAndDevelopment": "12900000", "operatingExpenses": "99100000", "investmentIncomeNet": "None", "netInterestIncome": "-28700000", "interestIncome": "28700000", "interestExpense": "28700000", "nonInterestIncome": "None", "otherNonOperatingIncome": "9600000", "depreciation": "None", "depreciationAndAmortization": "45500000", "incomeBeforeTax": "79800000", "incomeTaxExpense": "14300000", "interestAndDebtExpense": "None", "netIncomeFromContinuingOperations": "65500000", "comprehensiveIncomeNetOfTax": "None", "ebit": "98900000", "ebitda": "144400000", "netIncome": "65500000"}, {"fiscalDateEnding": "2021-02-28", "reportedCurrency": "USD", "grossProfit": "196700000", "totalRevenue": "895800000", "costOfRevenue": "699100000", "costofGoodsAndServicesSold": "699100000", "operatingIncome": "100600000", "sellingGeneralAndAdministrative": "96100000", "researchAndDevelopment": "None", "operatingExpenses": "96100000", "investmentIncomeNet": "None", "netInterestIncome": "-29300000", "interestIncome": "29300000", "interestExpense": "29300000", "nonInterestIncome": "None", "otherNonOperatingIncome": "11100000", "depreciation": "None", "depreciationAndAmortization": "47600000", "incomeBeforeTax": "82400000", "incomeTaxExpense": "16300000", "interestAndDebtExpense": "None", "netIncomeFromContinuingOperations": "55000000", "comprehensiveIncomeNetOfTax": "None", "ebit": "100600000", "ebitda": "148200000", "netIncome": "66100000"}, {"fiscalDateEnding": "2020-11-30", "reportedCurrency": "USD", "grossProfit": "223500000", "totalRevenue": "896100000", "costOfRevenue": "672600000", "costofGoodsAndServicesSold": "672600000", "operatingIncome": "139600000", "sellingGeneralAndAdministrative": "83000000", "researchAndDevelopment": "None", "operatingExpenses": "83900000", "investmentIncomeNet": "None", "netInterestIncome": "-30000000", "interestIncome": "30000000", "interestExpense": "30000000", "nonInterestIncome": "None", "otherNonOperatingIncome": "19200000", "depreciation": "None", "depreciationAndAmortization": "47800000", "incomeBeforeTax": "128800000", "incomeTaxExpense": "31900000", "interestAndDebtExpense": "None", "netIncomeFromContinuingOperations": "77700000", "comprehensiveIncomeNetOfTax": "None", "ebit": "139600000", "ebitda": "187400000", "netIncome": "96900000"}, {"fiscalDateEnding": "2020-08-31", "reportedCurrency": "USD", "grossProfit": "213800000", "totalRevenue": "871500000", "costOfRevenue": "657700000", "costofGoodsAndServicesSold": "657700000", "operatingIncome": "135700000", "sellingGeneralAndAdministrative": "78100000", "researchAndDevelopment": "None", "operatingExpenses": "78100000", "investmentIncomeNet": "None", "netInterestIncome": "-30300000", "interestIncome": "30300000", "interestExpense": "30300000", "nonInterestIncome": "None", "otherNonOperatingIncome": "11900000", "depreciation": "None", "depreciationAndAmortization": "46900000", "incomeBeforeTax": "117300000", "incomeTaxExpense": "28000000", "interestAndDebtExpense": "None", "netIncomeFromContinuingOperations": "77400000", "comprehensiveIncomeNetOfTax": "None", "ebit": "135700000", "ebitda": "182600000", "netIncome": "89300000"}, {"fiscalDateEnding": "2020-05-31", "reportedCurrency": "USD", "grossProfit": "111100000", "totalRevenue": "846900000", "costOfRevenue": "735800000", "costofGoodsAndServicesSold": "735800000", "operatingIncome": "30900000", "sellingGeneralAndAdministrative": "41700000", "researchAndDevelopment": "15400000", "operatingExpenses": "80200000", "investmentIncomeNet": "None", "netInterestIncome": "-29200000", "interestIncome": "29200000", "interestExpense": "29200000", "nonInterestIncome": "None", "otherNonOperatingIncome": "None", "depreciation": "None", "depreciationAndAmortization": "46500000", "incomeBeforeTax": "-4400000", "incomeTaxExpense": "-2800000", "interestAndDebtExpense": "None", "netIncomeFromContinuingOperations": "-1600000", "comprehensiveIncomeNetOfTax": "None", "ebit": "30900000", "ebitda": "77400000", "netIncome": "-1600000"}, {"fiscalDateEnding": "2020-02-29", "reportedCurrency": "USD", "grossProfit": "250400000", "totalRevenue": "937300000", "costOfRevenue": "686900000", "costofGoodsAndServicesSold": "686900000", "operatingIncome": "162500000", "sellingGeneralAndAdministrative": "87900000", "researchAndDevelopment": "None", "operatingExpenses": "87900000", "investmentIncomeNet": "None", "netInterestIncome": "-25200000", "interestIncome": "25200000", "interestExpense": "25200000", "nonInterestIncome": "None", "otherNonOperatingIncome": "9800000", "depreciation": "None", "depreciationAndAmortization": "45800000", "incomeBeforeTax": "147100000", "incomeTaxExpense": "35700000", "interestAndDebtExpense": "None", "netIncomeFromContinuingOperations": "111400000", "comprehensiveIncomeNetOfTax": "None", "ebit": "162500000", "ebitda": "208300000", "netIncome": "111400000"}, {"fiscalDateEnding": "2019-11-30", "reportedCurrency": "USD", "grossProfit": "285100000", "totalRevenue": "1019200000", "costOfRevenue": "734100000", "costofGoodsAndServicesSold": "734100000", "operatingIncome": "193500000", "sellingGeneralAndAdministrative": "91600000", "researchAndDevelopment": "None", "operatingExpenses": "91600000", "investmentIncomeNet": "None", "netInterestIncome": "-25400000", "interestIncome": "25400000", "interestExpense": "25400000", "nonInterestIncome": "None", "otherNonOperatingIncome": "15000000", "depreciation": "None", "depreciationAndAmortization": "45700000", "incomeBeforeTax": "183100000", "incomeTaxExpense": "42700000", "interestAndDebtExpense": "None", "netIncomeFromContinuingOperations": "140400000", "comprehensiveIncomeNetOfTax": "None", "ebit": "193500000", "ebitda": "239200000", "netIncome": "140400000"}, {"fiscalDateEnding": "2019-08-31", "reportedCurrency": "USD", "grossProfit": "248600000", "totalRevenue": "989000000", "costOfRevenue": "740400000", "costofGoodsAndServicesSold": "740400000", "operatingIncome": "170000000", "sellingGeneralAndAdministrative": "78600000", "researchAndDevelopment": "None", "operatingExpenses": "78600000", "investmentIncomeNet": "None", "netInterestIncome": "-28200000", "interestIncome": "28200000", "interestExpense": "28200000", "nonInterestIncome": "None", "otherNonOperatingIncome": "10600000", "depreciation": "None", "depreciationAndAmortization": "46000000", "incomeBeforeTax": "152400000", "incomeTaxExpense": "36700000", "interestAndDebtExpense": "None", "netIncomeFromContinuingOperations": "115700000", "comprehensiveIncomeNetOfTax": "None", "ebit": "170000000", "ebitda": "216000000", "netIncome": "115700000"}, {"fiscalDateEnding": "2019-05-31", "reportedCurrency": "USD", "grossProfit": "250500000", "totalRevenue": "1003400000", "costOfRevenue": "752900000", "costofGoodsAndServicesSold": "752900000", "operatingIncome": "148000000", "sellingGeneralAndAdministrative": "47400000", "researchAndDevelopment": "15400000", "operatingExpenses": "102500000", "investmentIncomeNet": "None", "netInterestIncome": "-27100000", "interestIncome": "27100000", "interestExpense": "27100000", "nonInterestIncome": "None", "otherNonOperatingIncome": "None", "depreciation": "None", "depreciationAndAmortization": "44900000", "incomeBeforeTax": "136100000", "incomeTaxExpense": "25700000", "interestAndDebtExpense": "None", "netIncomeFromContinuingOperations": "110400000", "comprehensiveIncomeNetOfTax": "None", "ebit": "148000000", "ebitda": "192900000", "netIncome": "110400000"}, {"fiscalDateEnding": "2019-02-28", "reportedCurrency": "USD", "grossProfit": "273400000", "totalRevenue": "926800000", "costOfRevenue": "653400000", "costofGoodsAndServicesSold": "653400000", "operatingIncome": "193800000", "sellingGeneralAndAdministrative": "79600000", "researchAndDevelopment": "15400000", "operatingExpenses": "79600000", "investmentIncomeNet": "None", "netInterestIncome": "-27000000", "interestIncome": "None", "interestExpense": "27000000", "nonInterestIncome": "None", "otherNonOperatingIncome": "14200000", "depreciation": "None", "depreciationAndAmortization": "40300000", "incomeBeforeTax": "181000000", "incomeTaxExpense": "39600000", "interestAndDebtExpense": "None", "netIncomeFromContinuingOperations": "127200000", "comprehensiveIncomeNetOfTax": "None", "ebit": "193800000", "ebitda": "234100000", "netIncome": "141400000"}, {"fiscalDateEnding": "2018-11-30", "reportedCurrency": "USD", "grossProfit": "249000000", "totalRevenue": "911400000", "costOfRevenue": "662400000", "costofGoodsAndServicesSold": "662400000", "operatingIncome": "174000000", "sellingGeneralAndAdministrative": "75000000", "researchAndDevelopment": "15400000", "operatingExpenses": "75000000", "investmentIncomeNet": "None", "netInterestIncome": "None", "interestIncome": "None", "interestExpense": "26200000", "nonInterestIncome": "None", "otherNonOperatingIncome": "10200000", "depreciation": "None", "depreciationAndAmortization": "38600000", "incomeBeforeTax": "158000000", "incomeTaxExpense": "34000000", "interestAndDebtExpense": "None", "netIncomeFromContinuingOperations": "113800000", "comprehensiveIncomeNetOfTax": "None", "ebit": "174000000", "ebitda": "212600000", "netIncome": "119000000"}, {"fiscalDateEnding": "2018-08-31", "reportedCurrency": "USD", "grossProfit": "230600000", "totalRevenue": "914900000", "costOfRevenue": "684300000", "costofGoodsAndServicesSold": "684300000", "operatingIncome": "152600000", "sellingGeneralAndAdministrative": "78000000", "researchAndDevelopment": "15400000", "operatingExpenses": "78000000", "investmentIncomeNet": "None", "netInterestIncome": "None", "interestIncome": "None", "interestExpense": "26800000", "nonInterestIncome": "None", "otherNonOperatingIncome": "19900000", "depreciation": "None", "depreciationAndAmortization": "38600000", "incomeBeforeTax": "145700000", "incomeTaxExpense": "34300000", "interestAndDebtExpense": "None", "netIncomeFromContinuingOperations": "91500000", "comprehensiveIncomeNetOfTax": "None", "ebit": "152600000", "ebitda": "191200000", "netIncome": "107800000"}, {"fiscalDateEnding": "2018-05-31", "reportedCurrency": "USD", "grossProfit": "229700000", "totalRevenue": "918200000", "costOfRevenue": "688500000", "costofGoodsAndServicesSold": "688500000", "operatingIncome": "133500000", "sellingGeneralAndAdministrative": "58000000", "researchAndDevelopment": "13500000", "operatingExpenses": "96200000", "investmentIncomeNet": "None", "netInterestIncome": "None", "interestIncome": "None", "interestExpense": "27700000", "nonInterestIncome": "None", "otherNonOperatingIncome": "None", "depreciation": "None", "depreciationAndAmortization": "39200000", "incomeBeforeTax": "130900000", "incomeTaxExpense": "28100000", "interestAndDebtExpense": "None", "netIncomeFromContinuingOperations": "102800000", "comprehensiveIncomeNetOfTax": "None", "ebit": "133500000", "ebitda": "172700000", "netIncome": "100000000"}, {"fiscalDateEnding": "2018-02-28", "reportedCurrency": "USD", "grossProfit": "242300000", "totalRevenue": "863400000", "costOfRevenue": "621100000", "costofGoodsAndServicesSold": "621100000", "operatingIncome": "169200000", "sellingGeneralAndAdministrative": "73000000", "researchAndDevelopment": "13500000", "operatingExpenses": "73100000", "investmentIncomeNet": "None", "netInterestIncome": "None", "interestIncome": "None", "interestExpense": "28500000", "nonInterestIncome": "None", "otherNonOperatingIncome": "26400000", "depreciation": "None", "depreciationAndAmortization": "37500000", "incomeBeforeTax": "167100000", "incomeTaxExpense": "7500000", "interestAndDebtExpense": "None", "netIncomeFromContinuingOperations": "133200000", "comprehensiveIncomeNetOfTax": "None", "ebit": "169200000", "ebitda": "206700000", "netIncome": "156800000"}, {"fiscalDateEnding": "2017-11-30", "reportedCurrency": "USD", "grossProfit": "208200000", "totalRevenue": "824600000", "costOfRevenue": "616400000", "costofGoodsAndServicesSold": "616400000", "operatingIncome": "139800000", "sellingGeneralAndAdministrative": "65400000", "researchAndDevelopment": "0", "operatingExpenses": "68400000", "investmentIncomeNet": "None", "netInterestIncome": "None", "interestIncome": "None", "interestExpense": "27400000", "nonInterestIncome": "None", "otherNonOperatingIncome": "12100000", "depreciation": "None", "depreciationAndAmortization": "35600000", "incomeBeforeTax": "124500000", "incomeTaxExpense": "41500000", "interestAndDebtExpense": "None", "netIncomeFromContinuingOperations": "70900000", "comprehensiveIncomeNetOfTax": "None", "ebit": "139800000", "ebitda": "175400000", "netIncome": "76600000"}, {"fiscalDateEnding": "2017-08-31", "reportedCurrency": "USD", "grossProfit": "196300000", "totalRevenue": "817500000", "costOfRevenue": "621200000", "costofGoodsAndServicesSold": "621200000", "operatingIncome": "137600000", "sellingGeneralAndAdministrative": "56900000", "researchAndDevelopment": "0", "operatingExpenses": "58700000", "investmentIncomeNet": "None", "netInterestIncome": "None", "interestIncome": "None", "interestExpense": "25200000", "nonInterestIncome": "None", "otherNonOperatingIncome": "20000000", "depreciation": "None", "depreciationAndAmortization": "31000000", "incomeBeforeTax": "132400000", "incomeTaxExpense": "44100000", "interestAndDebtExpense": "None", "netIncomeFromContinuingOperations": "68300000", "comprehensiveIncomeNetOfTax": "None", "ebit": "137600000", "ebitda": "168600000", "netIncome": "83400000"}, {"fiscalDateEnding": "2017-05-31", "reportedCurrency": "USD", "grossProfit": "200000000", "totalRevenue": "832500000", "costOfRevenue": "632500000", "costofGoodsAndServicesSold": "632500000", "operatingIncome": "122600000", "sellingGeneralAndAdministrative": "31100000", "researchAndDevelopment": "10600000", "operatingExpenses": "77400000", "investmentIncomeNet": "None", "netInterestIncome": "None", "interestIncome": "None", "interestExpense": "26700000", "nonInterestIncome": "None", "otherNonOperatingIncome": "None", "depreciation": "None", "depreciationAndAmortization": "29500000", "incomeBeforeTax": "119700000", "incomeTaxExpense": "41200000", "interestAndDebtExpense": "None", "netIncomeFromContinuingOperations": "340200000", "comprehensiveIncomeNetOfTax": "None", "ebit": "122600000", "ebitda": "152100000", "netIncome": "75900000"}, {"fiscalDateEnding": "2017-02-28", "reportedCurrency": "USD", "grossProfit": "207000000", "totalRevenue": "768500000", "costOfRevenue": "561500000", "costofGoodsAndServicesSold": "561500000", "operatingIncome": "145200000", "sellingGeneralAndAdministrative": "56700000", "researchAndDevelopment": "0", "operatingExpenses": "61800000", "investmentIncomeNet": "None", "netInterestIncome": "None", "interestIncome": "None", "interestExpense": "26300000", "nonInterestIncome": "None", "otherNonOperatingIncome": "12700000", "depreciation": "None", "depreciationAndAmortization": "27500000", "incomeBeforeTax": "131600000", "incomeTaxExpense": "44000000", "interestAndDebtExpense": "None", "netIncomeFromContinuingOperations": "74900000", "comprehensiveIncomeNetOfTax": "None", "ebit": "145200000", "ebitda": "172700000", "netIncome": "84200000"}, {"fiscalDateEnding": "2016-11-30", "reportedCurrency": "USD", "grossProfit": "198900000", "totalRevenue": "790700000", "costOfRevenue": "591800000", "costofGoodsAndServicesSold": "591800000", "operatingIncome": "125500000", "sellingGeneralAndAdministrative": "64300000", "researchAndDevelopment": "0", "operatingExpenses": "73400000", "investmentIncomeNet": "None", "netInterestIncome": "None", "interestIncome": "None", "interestExpense": "6800000", "nonInterestIncome": "None", "otherNonOperatingIncome": "6200000", "depreciation": "None", "depreciationAndAmortization": "26600000", "incomeBeforeTax": "124900000", "incomeTaxExpense": "33900000", "interestAndDebtExpense": "None", "netIncomeFromContinuingOperations": "91000000", "comprehensiveIncomeNetOfTax": "None", "ebit": "125500000", "ebitda": "152100000", "netIncome": "87200000"}, {"fiscalDateEnding": "2016-08-31", "reportedCurrency": "USD", "grossProfit": "180600000", "totalRevenue": "776300000", "costOfRevenue": "595700000", "costofGoodsAndServicesSold": "595700000", "operatingIncome": "125000000", "sellingGeneralAndAdministrative": "45900000", "researchAndDevelopment": "0", "operatingExpenses": "55600000", "investmentIncomeNet": "None", "netInterestIncome": "None", "interestIncome": "None", "interestExpense": "1600000", "nonInterestIncome": "None", "otherNonOperatingIncome": "None", "depreciation": "None", "depreciationAndAmortization": "25500000", "incomeBeforeTax": "134100000", "incomeTaxExpense": "51000000", "interestAndDebtExpense": "None", "netIncomeFromContinuingOperations": "0", "comprehensiveIncomeNetOfTax": "None", "ebit": "125000000", "ebitda": "150500000", "netIncome": "79600000"}, {"fiscalDateEnding": "2016-05-31", "reportedCurrency": "USD", "grossProfit": "182400000", "totalRevenue": "777000000", "costOfRevenue": "594600000", "costofGoodsAndServicesSold": "594600000", "operatingIncome": "51900000", "sellingGeneralAndAdministrative": "98500000", "researchAndDevelopment": "6700000", "operatingExpenses": "130500000", "investmentIncomeNet": "None", "netInterestIncome": "None", "interestIncome": "None", "interestExpense": "1700000", "nonInterestIncome": "None", "otherNonOperatingIncome": "None", "depreciation": "None", "depreciationAndAmortization": "24400000", "incomeBeforeTax": "65700000", "incomeTaxExpense": "20300000", "interestAndDebtExpense": "None", "netIncomeFromContinuingOperations": "294600000", "comprehensiveIncomeNetOfTax": "None", "ebit": "52000000", "ebitda": "76400000", "netIncome": "42600000"}, {"fiscalDateEnding": "2016-02-29", "reportedCurrency": "USD", "grossProfit": "181900000", "totalRevenue": "728700000", "costOfRevenue": "546800000", "costofGoodsAndServicesSold": "546800000", "operatingIncome": "127300000", "sellingGeneralAndAdministrative": "53900000", "researchAndDevelopment": "0", "operatingExpenses": "54600000", "investmentIncomeNet": "None", "netInterestIncome": "None", "interestIncome": "None", "interestExpense": "1500000", "nonInterestIncome": "None", "otherNonOperatingIncome": "None", "depreciation": "None", "depreciationAndAmortization": "23600000", "incomeBeforeTax": "161900000", "incomeTaxExpense": "53200000", "interestAndDebtExpense": "None", "netIncomeFromContinuingOperations": "0", "comprehensiveIncomeNetOfTax": "None", "ebit": "127300000", "ebitda": "150900000", "netIncome": "107400000"}, {"fiscalDateEnding": "2015-11-30", "reportedCurrency": "USD", "grossProfit": "161800000", "totalRevenue": "740300000", "costOfRevenue": "578500000", "costofGoodsAndServicesSold": "578500000", "operatingIncome": "109500000", "sellingGeneralAndAdministrative": "52300000", "researchAndDevelopment": "0", "operatingExpenses": "52300000", "investmentIncomeNet": "None", "netInterestIncome": "None", "interestIncome": "None", "interestExpense": "1500000", "nonInterestIncome": "None", "otherNonOperatingIncome": "None", "depreciation": "None", "depreciationAndAmortization": "24100000", "incomeBeforeTax": "115700000", "incomeTaxExpense": "38700000", "interestAndDebtExpense": "None", "netIncomeFromContinuingOperations": "0", "comprehensiveIncomeNetOfTax": "None", "ebit": "109500000", "ebitda": "133600000", "netIncome": "73300000"}, {"fiscalDateEnding": "2015-08-31", "reportedCurrency": "USD", "grossProfit": "141300000", "totalRevenue": "747800000", "costOfRevenue": "606500000", "costofGoodsAndServicesSold": "606500000", "operatingIncome": "84600000", "sellingGeneralAndAdministrative": "56600000", "researchAndDevelopment": "0", "operatingExpenses": "56700000", "investmentIncomeNet": "None", "netInterestIncome": "None", "interestIncome": "None", "interestExpense": "1400000", "nonInterestIncome": "None", "otherNonOperatingIncome": "None", "depreciation": "None", "depreciationAndAmortization": "23800000", "incomeBeforeTax": "95800000", "incomeTaxExpense": "32300000", "interestAndDebtExpense": "None", "netIncomeFromContinuingOperations": "0", "comprehensiveIncomeNetOfTax": "None", "ebit": "84700000", "ebitda": "108500000", "netIncome": "62000000"}, {"fiscalDateEnding": "2015-05-31", "reportedCurrency": "USD", "grossProfit": "171600000", "totalRevenue": "820300000", "costOfRevenue": "648700000", "costofGoodsAndServicesSold": "648700000", "operatingIncome": "381400000", "sellingGeneralAndAdministrative": "43800000", "researchAndDevelopment": "7200000", "operatingExpenses": "-209800000", "investmentIncomeNet": "None", "netInterestIncome": "None", "interestIncome": "None", "interestExpense": "1300000", "nonInterestIncome": "None", "otherNonOperatingIncome": "None", "depreciation": "None", "depreciationAndAmortization": "27000000", "incomeBeforeTax": "127200000", "incomeTaxExpense": "41700000", "interestAndDebtExpense": "None", "netIncomeFromContinuingOperations": "277600000", "comprehensiveIncomeNetOfTax": "None", "ebit": "108400000", "ebitda": "135400000", "netIncome": "83900000"}]}