{"symbol": "AQST", "annualReports": [{"fiscalDateEnding": "2024-12-31", "reportedCurrency": "USD", "grossProfit": "39689000", "totalRevenue": "57561000", "costOfRevenue": "17872000", "costofGoodsAndServicesSold": "17872000", "operatingIncome": "-30771000", "sellingGeneralAndAdministrative": "50180000", "researchAndDevelopment": "20280000", "operatingExpenses": "70460000", "investmentIncomeNet": "None", "netInterestIncome": "-13380000", "interestIncome": "3437000", "interestExpense": "16817000", "nonInterestIncome": "None", "otherNonOperatingIncome": "None", "depreciation": "None", "depreciationAndAmortization": "718000", "incomeBeforeTax": "-44151000", "incomeTaxExpense": "-14000", "interestAndDebtExpense": "None", "netIncomeFromContinuingOperations": "-44137000", "comprehensiveIncomeNetOfTax": "None", "ebit": "-27334000", "ebitda": "-26616000", "netIncome": "-44137000"}, {"fiscalDateEnding": "2023-12-31", "reportedCurrency": "USD", "grossProfit": "29752000", "totalRevenue": "50583000", "costOfRevenue": "20831000", "costofGoodsAndServicesSold": "20831000", "operatingIncome": "-15102000", "sellingGeneralAndAdministrative": "31750000", "researchAndDevelopment": "13104000", "operatingExpenses": "44854000", "investmentIncomeNet": "None", "netInterestIncome": "8859000", "interestIncome": "16321000", "interestExpense": "7462000", "nonInterestIncome": "None", "otherNonOperatingIncome": "None", "depreciation": "None", "depreciationAndAmortization": "1345000", "incomeBeforeTax": "-7625000", "incomeTaxExpense": "245000", "interestAndDebtExpense": "None", "netIncomeFromContinuingOperations": "-7870000", "comprehensiveIncomeNetOfTax": "None", "ebit": "-163000", "ebitda": "1182000", "netIncome": "-7870000"}, {"fiscalDateEnding": "2022-12-31", "reportedCurrency": "USD", "grossProfit": "28294000", "totalRevenue": "47680000", "costOfRevenue": "19386000", "costofGoodsAndServicesSold": "19386000", "operatingIncome": "-42066000", "sellingGeneralAndAdministrative": "52879000", "researchAndDevelopment": "17481000", "operatingExpenses": "70360000", "investmentIncomeNet": "None", "netInterestIncome": "-12344000", "interestIncome": "99000", "interestExpense": "12443000", "nonInterestIncome": "None", "otherNonOperatingIncome": "None", "depreciation": "None", "depreciationAndAmortization": "2387000", "incomeBeforeTax": "-54410000", "incomeTaxExpense": "5792000", "interestAndDebtExpense": "None", "netIncomeFromContinuingOperations": "-54410000", "comprehensiveIncomeNetOfTax": "None", "ebit": "-41967000", "ebitda": "-39580000", "netIncome": "-54410000"}, {"fiscalDateEnding": "2021-12-31", "reportedCurrency": "USD", "grossProfit": "35843000", "totalRevenue": "50832000", "costOfRevenue": "14989000", "costofGoodsAndServicesSold": "14989000", "operatingIncome": "-34679000", "sellingGeneralAndAdministrative": "53475000", "researchAndDevelopment": "17047000", "operatingExpenses": "70522000", "investmentIncomeNet": "None", "netInterestIncome": "-22038000", "interestIncome": "423000", "interestExpense": "22461000", "nonInterestIncome": "None", "otherNonOperatingIncome": "-13399000", "depreciation": "None", "depreciationAndAmortization": "2964000", "incomeBeforeTax": "-70539000", "incomeTaxExpense": "19497000", "interestAndDebtExpense": "None", "netIncomeFromContinuingOperations": "-70539000", "comprehensiveIncomeNetOfTax": "None", "ebit": "-48078000", "ebitda": "-45114000", "netIncome": "-70539000"}, {"fiscalDateEnding": "2020-12-31", "reportedCurrency": "USD", "grossProfit": "32885000", "totalRevenue": "45849000", "costOfRevenue": "12964000", "costofGoodsAndServicesSold": "12964000", "operatingIncome": "-42893000", "sellingGeneralAndAdministrative": "55892000", "researchAndDevelopment": "19886000", "operatingExpenses": "75778000", "investmentIncomeNet": "None", "netInterestIncome": "-12890000", "interestIncome": "132000", "interestExpense": "13022000", "nonInterestIncome": "None", "otherNonOperatingIncome": "132000", "depreciation": "None", "depreciationAndAmortization": "3608000", "incomeBeforeTax": "-55783000", "incomeTaxExpense": "9579000", "interestAndDebtExpense": "None", "netIncomeFromContinuingOperations": "-55783000", "comprehensiveIncomeNetOfTax": "None", "ebit": "-42761000", "ebitda": "-39153000", "netIncome": "-55783000"}, {"fiscalDateEnding": "2019-12-31", "reportedCurrency": "USD", "grossProfit": "32248000", "totalRevenue": "52609000", "costOfRevenue": "20361000", "costofGoodsAndServicesSold": "20361000", "operatingIncome": "-52668000", "sellingGeneralAndAdministrative": "64342000", "researchAndDevelopment": "20574000", "operatingExpenses": "84916000", "investmentIncomeNet": "None", "netInterestIncome": "-8682000", "interestIncome": "636000", "interestExpense": "9318000", "nonInterestIncome": "None", "otherNonOperatingIncome": "-4260000", "depreciation": "None", "depreciationAndAmortization": "3049000", "incomeBeforeTax": "-66246000", "incomeTaxExpense": "6413000", "interestAndDebtExpense": "None", "netIncomeFromContinuingOperations": "-66246000", "comprehensiveIncomeNetOfTax": "None", "ebit": "-56928000", "ebitda": "-53879000", "netIncome": "-66246000"}, {"fiscalDateEnding": "2018-12-31", "reportedCurrency": "USD", "grossProfit": "46442000", "totalRevenue": "67430000", "costOfRevenue": "20988000", "costofGoodsAndServicesSold": "20988000", "operatingIncome": "-48934000", "sellingGeneralAndAdministrative": "72264000", "researchAndDevelopment": "23112000", "operatingExpenses": "95376000", "investmentIncomeNet": "None", "netInterestIncome": "-7159000", "interestIncome": "552000", "interestExpense": "7711000", "nonInterestIncome": "None", "otherNonOperatingIncome": "-4731000", "depreciation": "None", "depreciationAndAmortization": "3339000", "incomeBeforeTax": "-61376000", "incomeTaxExpense": "-4731000", "interestAndDebtExpense": "None", "netIncomeFromContinuingOperations": "-61376000", "comprehensiveIncomeNetOfTax": "None", "ebit": "-53665000", "ebitda": "-50326000", "netIncome": "-61376000"}, {"fiscalDateEnding": "2017-12-31", "reportedCurrency": "USD", "grossProfit": "47098000", "totalRevenue": "66918000", "costOfRevenue": "19820000", "costofGoodsAndServicesSold": "19820000", "operatingIncome": "-113000", "sellingGeneralAndAdministrative": "25078000", "researchAndDevelopment": "22133000", "operatingExpenses": "47211000", "investmentIncomeNet": "None", "netInterestIncome": "-7707000", "interestIncome": "8830000", "interestExpense": "7707000", "nonInterestIncome": "None", "otherNonOperatingIncome": "None", "depreciation": "None", "depreciationAndAmortization": "3801000", "incomeBeforeTax": "-8943000", "incomeTaxExpense": "7707000", "interestAndDebtExpense": "None", "netIncomeFromContinuingOperations": "-8943000", "comprehensiveIncomeNetOfTax": "None", "ebit": "-1236000", "ebitda": "2565000", "netIncome": "-8943000"}, {"fiscalDateEnding": "2016-12-31", "reportedCurrency": "USD", "grossProfit": "35407000", "totalRevenue": "51785000", "costOfRevenue": "16378000", "costofGoodsAndServicesSold": "16378000", "operatingIncome": "-847000", "sellingGeneralAndAdministrative": "20804000", "researchAndDevelopment": "15450000", "operatingExpenses": "36254000", "investmentIncomeNet": "None", "netInterestIncome": "-6143000", "interestIncome": "6893000", "interestExpense": "6143000", "nonInterestIncome": "None", "otherNonOperatingIncome": "None", "depreciation": "None", "depreciationAndAmortization": "3891000", "incomeBeforeTax": "-9602000", "incomeTaxExpense": "6044000", "interestAndDebtExpense": "None", "netIncomeFromContinuingOperations": "-9602000", "comprehensiveIncomeNetOfTax": "None", "ebit": "-946000", "ebitda": "2945000", "netIncome": "-9602000"}, {"fiscalDateEnding": "2006-12-31", "reportedCurrency": "USD", "grossProfit": "1092000", "totalRevenue": "2715000", "costOfRevenue": "1623000", "costofGoodsAndServicesSold": "1623000", "operatingIncome": "-12197000", "sellingGeneralAndAdministrative": "11296000", "researchAndDevelopment": "1993000", "operatingExpenses": "14912000", "investmentIncomeNet": "None", "netInterestIncome": "None", "interestIncome": "619000", "interestExpense": "0", "nonInterestIncome": "None", "otherNonOperatingIncome": "None", "depreciation": "None", "depreciationAndAmortization": "None", "incomeBeforeTax": "-12752000", "incomeTaxExpense": "0", "interestAndDebtExpense": "None", "netIncomeFromContinuingOperations": "-12752000", "comprehensiveIncomeNetOfTax": "None", "ebit": "-12197000", "ebitda": "None", "netIncome": "-12752000"}, {"fiscalDateEnding": "2005-12-31", "reportedCurrency": "USD", "grossProfit": "841000", "totalRevenue": "2123000", "costOfRevenue": "1282000", "costofGoodsAndServicesSold": "1282000", "operatingIncome": "-7789000", "sellingGeneralAndAdministrative": "7372000", "researchAndDevelopment": "1258000", "operatingExpenses": "9912000", "investmentIncomeNet": "None", "netInterestIncome": "None", "interestIncome": "None", "interestExpense": "0", "nonInterestIncome": "None", "otherNonOperatingIncome": "None", "depreciation": "None", "depreciationAndAmortization": "None", "incomeBeforeTax": "-8283000", "incomeTaxExpense": "0", "interestAndDebtExpense": "None", "netIncomeFromContinuingOperations": "-8283000", "comprehensiveIncomeNetOfTax": "None", "ebit": "-7789000", "ebitda": "None", "netIncome": "-8283000"}], "quarterlyReports": [{"fiscalDateEnding": "2025-09-30", "reportedCurrency": "USD", "grossProfit": "8301000", "totalRevenue": "12807000", "costOfRevenue": "4506000", "costofGoodsAndServicesSold": "4506000", "operatingIncome": "-11479000", "sellingGeneralAndAdministrative": "15250000", "researchAndDevelopment": "4530000", "operatingExpenses": "19780000", "investmentIncomeNet": "None", "netInterestIncome": "-3967000", "interestIncome": "306000", "interestExpense": "4273000", "nonInterestIncome": "None", "otherNonOperatingIncome": "None", "depreciation": "None", "depreciationAndAmortization": "139000", "incomeBeforeTax": "-15446000", "incomeTaxExpense": "None", "interestAndDebtExpense": "None", "netIncomeFromContinuingOperations": "-15446000", "comprehensiveIncomeNetOfTax": "None", "ebit": "-11173000", "ebitda": "-11034000", "netIncome": "-15446000"}, {"fiscalDateEnding": "2025-06-30", "reportedCurrency": "USD", "grossProfit": "5442000", "totalRevenue": "10003000", "costOfRevenue": "4561000", "costofGoodsAndServicesSold": "4561000", "operatingIncome": "-11368000", "sellingGeneralAndAdministrative": "12705000", "researchAndDevelopment": "4105000", "operatingExpenses": "16810000", "investmentIncomeNet": "None", "netInterestIncome": "-2180000", "interestIncome": "2096000", "interestExpense": "4276000", "nonInterestIncome": "None", "otherNonOperatingIncome": "None", "depreciation": "None", "depreciationAndAmortization": "140000", "incomeBeforeTax": "-13548000", "incomeTaxExpense": "None", "interestAndDebtExpense": "None", "netIncomeFromContinuingOperations": "-13548000", "comprehensiveIncomeNetOfTax": "None", "ebit": "-9272000", "ebitda": "-9132000", "netIncome": "-13548000"}, {"fiscalDateEnding": "2025-03-31", "reportedCurrency": "USD", "grossProfit": "5068000", "totalRevenue": "8720000", "costOfRevenue": "3652000", "costofGoodsAndServicesSold": "3652000", "operatingIncome": "-19365000", "sellingGeneralAndAdministrative": "19072000", "researchAndDevelopment": "5361000", "operatingExpenses": "24433000", "investmentIncomeNet": "None", "netInterestIncome": "-3565000", "interestIncome": "713000", "interestExpense": "4278000", "nonInterestIncome": "None", "otherNonOperatingIncome": "None", "depreciation": "None", "depreciationAndAmortization": "2889000", "incomeBeforeTax": "-22930000", "incomeTaxExpense": "None", "interestAndDebtExpense": "None", "netIncomeFromContinuingOperations": "-22930000", "comprehensiveIncomeNetOfTax": "None", "ebit": "-18652000", "ebitda": "-15763000", "netIncome": "-22930000"}, {"fiscalDateEnding": "2024-12-31", "reportedCurrency": "USD", "grossProfit": "7347000", "totalRevenue": "11867000", "costOfRevenue": "4520000", "costofGoodsAndServicesSold": "4520000", "operatingIncome": "-13579000", "sellingGeneralAndAdministrative": "16009000", "researchAndDevelopment": "4917000", "operatingExpenses": "20926000", "investmentIncomeNet": "None", "netInterestIncome": "-3490000", "interestIncome": "734000", "interestExpense": "4224000", "nonInterestIncome": "None", "otherNonOperatingIncome": "None", "depreciation": "None", "depreciationAndAmortization": "147000", "incomeBeforeTax": "-17069000", "incomeTaxExpense": "-14000", "interestAndDebtExpense": "None", "netIncomeFromContinuingOperations": "-17055000", "comprehensiveIncomeNetOfTax": "None", "ebit": "-12845000", "ebitda": "-12698000", "netIncome": "-17055000"}, {"fiscalDateEnding": "2024-09-30", "reportedCurrency": "USD", "grossProfit": "9105000", "totalRevenue": "13542000", "costOfRevenue": "4437000", "costofGoodsAndServicesSold": "4437000", "operatingIncome": "-8290000", "sellingGeneralAndAdministrative": "12126000", "researchAndDevelopment": "5269000", "operatingExpenses": "17395000", "investmentIncomeNet": "None", "netInterestIncome": "-3219000", "interestIncome": "979000", "interestExpense": "4198000", "nonInterestIncome": "None", "otherNonOperatingIncome": "None", "depreciation": "None", "depreciationAndAmortization": "159000", "incomeBeforeTax": "-11509000", "incomeTaxExpense": "None", "interestAndDebtExpense": "None", "netIncomeFromContinuingOperations": "-11509000", "comprehensiveIncomeNetOfTax": "None", "ebit": "-7311000", "ebitda": "-7152000", "netIncome": "-11509000"}, {"fiscalDateEnding": "2024-06-30", "reportedCurrency": "USD", "grossProfit": "15573000", "totalRevenue": "20099000", "costOfRevenue": "4526000", "costofGoodsAndServicesSold": "4526000", "operatingIncome": "55000", "sellingGeneralAndAdministrative": "11356000", "researchAndDevelopment": "4162000", "operatingExpenses": "15518000", "investmentIncomeNet": "None", "netInterestIncome": "-2800000", "interestIncome": "1395000", "interestExpense": "4195000", "nonInterestIncome": "None", "otherNonOperatingIncome": "None", "depreciation": "None", "depreciationAndAmortization": "205000", "incomeBeforeTax": "-2745000", "incomeTaxExpense": "None", "interestAndDebtExpense": "None", "netIncomeFromContinuingOperations": "-2745000", "comprehensiveIncomeNetOfTax": "None", "ebit": "1450000", "ebitda": "1655000", "netIncome": "-2745000"}, {"fiscalDateEnding": "2024-03-31", "reportedCurrency": "USD", "grossProfit": "7664000", "totalRevenue": "12053000", "costOfRevenue": "4389000", "costofGoodsAndServicesSold": "4389000", "operatingIncome": "-8957000", "sellingGeneralAndAdministrative": "10689000", "researchAndDevelopment": "5932000", "operatingExpenses": "16621000", "investmentIncomeNet": "None", "netInterestIncome": "-3871000", "interestIncome": "329000", "interestExpense": "4200000", "nonInterestIncome": "None", "otherNonOperatingIncome": "None", "depreciation": "None", "depreciationAndAmortization": "207000", "incomeBeforeTax": "-12828000", "incomeTaxExpense": "163724", "interestAndDebtExpense": "None", "netIncomeFromContinuingOperations": "-12828000", "comprehensiveIncomeNetOfTax": "None", "ebit": "-8628000", "ebitda": "-8421000", "netIncome": "-12828000"}, {"fiscalDateEnding": "2023-12-31", "reportedCurrency": "USD", "grossProfit": "8527000", "totalRevenue": "13206000", "costOfRevenue": "4679000", "costofGoodsAndServicesSold": "4679000", "operatingIncome": "-3911000", "sellingGeneralAndAdministrative": "9550000", "researchAndDevelopment": "2888000", "operatingExpenses": "12438000", "investmentIncomeNet": "None", "netInterestIncome": "-3070000", "interestIncome": "165000", "interestExpense": "3235000", "nonInterestIncome": "None", "otherNonOperatingIncome": "None", "depreciation": "None", "depreciationAndAmortization": "467000", "incomeBeforeTax": "-8010000", "incomeTaxExpense": "101000", "interestAndDebtExpense": "None", "netIncomeFromContinuingOperations": "-8111000", "comprehensiveIncomeNetOfTax": "None", "ebit": "-4775000", "ebitda": "-4308000", "netIncome": "-8111000"}, {"fiscalDateEnding": "2023-09-30", "reportedCurrency": "USD", "grossProfit": "8204000", "totalRevenue": "13002000", "costOfRevenue": "4798000", "costofGoodsAndServicesSold": "4798000", "operatingIncome": "-2377000", "sellingGeneralAndAdministrative": "7385000", "researchAndDevelopment": "3196000", "operatingExpenses": "10581000", "investmentIncomeNet": "None", "netInterestIncome": "202000", "interestIncome": "1514000", "interestExpense": "1312000", "nonInterestIncome": "None", "otherNonOperatingIncome": "None", "depreciation": "None", "depreciationAndAmortization": "257000", "incomeBeforeTax": "-2175000", "incomeTaxExpense": "-140000", "interestAndDebtExpense": "None", "netIncomeFromContinuingOperations": "-2035000", "comprehensiveIncomeNetOfTax": "None", "ebit": "-863000", "ebitda": "-606000", "netIncome": "-2035000"}, {"fiscalDateEnding": "2023-06-30", "reportedCurrency": "USD", "grossProfit": "6624000", "totalRevenue": "13241000", "costOfRevenue": "6617000", "costofGoodsAndServicesSold": "6617000", "operatingIncome": "-4209000", "sellingGeneralAndAdministrative": "7360000", "researchAndDevelopment": "3473000", "operatingExpenses": "10833000", "investmentIncomeNet": "None", "netInterestIncome": "-1299000", "interestIncome": "129000", "interestExpense": "1428000", "nonInterestIncome": "None", "otherNonOperatingIncome": "129000", "depreciation": "None", "depreciationAndAmortization": "289000", "incomeBeforeTax": "-5508000", "incomeTaxExpense": "284000", "interestAndDebtExpense": "None", "netIncomeFromContinuingOperations": "-5792000", "comprehensiveIncomeNetOfTax": "None", "ebit": "-4080000", "ebitda": "-3791000", "netIncome": "-5792000"}, {"fiscalDateEnding": "2023-03-31", "reportedCurrency": "USD", "grossProfit": "6397000", "totalRevenue": "11134000", "costOfRevenue": "4737000", "costofGoodsAndServicesSold": "4737000", "operatingIncome": "-4605000", "sellingGeneralAndAdministrative": "7455000", "researchAndDevelopment": "3547000", "operatingExpenses": "11002000", "investmentIncomeNet": "None", "netInterestIncome": "13026000", "interestIncome": "14513000", "interestExpense": "1487000", "nonInterestIncome": "None", "otherNonOperatingIncome": "14160000", "depreciation": "None", "depreciationAndAmortization": "325000", "incomeBeforeTax": "8068000", "incomeTaxExpense": "-11238000", "interestAndDebtExpense": "None", "netIncomeFromContinuingOperations": "8068000", "comprehensiveIncomeNetOfTax": "None", "ebit": "9555000", "ebitda": "9880000", "netIncome": "8068000"}, {"fiscalDateEnding": "2022-12-31", "reportedCurrency": "USD", "grossProfit": "5377000", "totalRevenue": "10682000", "costOfRevenue": "5305000", "costofGoodsAndServicesSold": "5305000", "operatingIncome": "-10713000", "sellingGeneralAndAdministrative": "11812000", "researchAndDevelopment": "4278000", "operatingExpenses": "16090000", "investmentIncomeNet": "None", "netInterestIncome": "-1639000", "interestIncome": "65000", "interestExpense": "1704000", "nonInterestIncome": "None", "otherNonOperatingIncome": "None", "depreciation": "None", "depreciationAndAmortization": "397000", "incomeBeforeTax": "-12352000", "incomeTaxExpense": "5797000", "interestAndDebtExpense": "None", "netIncomeFromContinuingOperations": "-12352000", "comprehensiveIncomeNetOfTax": "None", "ebit": "-10648000", "ebitda": "-10251000", "netIncome": "-12352000"}, {"fiscalDateEnding": "2022-09-30", "reportedCurrency": "USD", "grossProfit": "6838000", "totalRevenue": "11463000", "costOfRevenue": "4625000", "costofGoodsAndServicesSold": "4625000", "operatingIncome": "-8853000", "sellingGeneralAndAdministrative": "12459000", "researchAndDevelopment": "3232000", "operatingExpenses": "15691000", "investmentIncomeNet": "None", "netInterestIncome": "-3683000", "interestIncome": "5000", "interestExpense": "3688000", "nonInterestIncome": "None", "otherNonOperatingIncome": "None", "depreciation": "None", "depreciationAndAmortization": "596000", "incomeBeforeTax": "-12536000", "incomeTaxExpense": "5000", "interestAndDebtExpense": "None", "netIncomeFromContinuingOperations": "-12536000", "comprehensiveIncomeNetOfTax": "None", "ebit": "-8848000", "ebitda": "-8252000", "netIncome": "-12536000"}, {"fiscalDateEnding": "2022-06-30", "reportedCurrency": "USD", "grossProfit": "8023000", "totalRevenue": "13265000", "costOfRevenue": "5242000", "costofGoodsAndServicesSold": "5242000", "operatingIncome": "-12762000", "sellingGeneralAndAdministrative": "15587000", "researchAndDevelopment": "5198000", "operatingExpenses": "20785000", "investmentIncomeNet": "None", "netInterestIncome": "-3540000", "interestIncome": "32000", "interestExpense": "3572000", "nonInterestIncome": "None", "otherNonOperatingIncome": "32000", "depreciation": "None", "depreciationAndAmortization": "667000", "incomeBeforeTax": "-16302000", "incomeTaxExpense": "3540000", "interestAndDebtExpense": "None", "netIncomeFromContinuingOperations": "-16302000", "comprehensiveIncomeNetOfTax": "None", "ebit": "-12730000", "ebitda": "-12063000", "netIncome": "-16302000"}, {"fiscalDateEnding": "2022-03-31", "reportedCurrency": "USD", "grossProfit": "8056000", "totalRevenue": "12270000", "costOfRevenue": "4214000", "costofGoodsAndServicesSold": "4214000", "operatingIncome": "-9738000", "sellingGeneralAndAdministrative": "13021000", "researchAndDevelopment": "4773000", "operatingExpenses": "17794000", "investmentIncomeNet": "None", "netInterestIncome": "-3482000", "interestIncome": "None", "interestExpense": "3482000", "nonInterestIncome": "None", "otherNonOperatingIncome": "None", "depreciation": "None", "depreciationAndAmortization": "727000", "incomeBeforeTax": "-13220000", "incomeTaxExpense": "3482000", "interestAndDebtExpense": "None", "netIncomeFromContinuingOperations": "-13220000", "comprehensiveIncomeNetOfTax": "None", "ebit": "-9738000", "ebitda": "-9011000", "netIncome": "-13220000"}, {"fiscalDateEnding": "2021-12-31", "reportedCurrency": "USD", "grossProfit": "7712000", "totalRevenue": "11078000", "costOfRevenue": "3366000", "costofGoodsAndServicesSold": "3366000", "operatingIncome": "-11669000", "sellingGeneralAndAdministrative": "14981000", "researchAndDevelopment": "4400000", "operatingExpenses": "19381000", "investmentIncomeNet": "None", "netInterestIncome": "-3454000", "interestIncome": "135000", "interestExpense": "3589000", "nonInterestIncome": "None", "otherNonOperatingIncome": "-13739000", "depreciation": "None", "depreciationAndAmortization": "731000", "incomeBeforeTax": "-28945000", "incomeTaxExpense": "19020000", "interestAndDebtExpense": "None", "netIncomeFromContinuingOperations": "-28945000", "comprehensiveIncomeNetOfTax": "None", "ebit": "-25356000", "ebitda": "-24625000", "netIncome": "-28945000"}, {"fiscalDateEnding": "2021-09-30", "reportedCurrency": "USD", "grossProfit": "8887000", "totalRevenue": "13287000", "costOfRevenue": "4400000", "costofGoodsAndServicesSold": "4400000", "operatingIncome": "-7968000", "sellingGeneralAndAdministrative": "12129000", "researchAndDevelopment": "4726000", "operatingExpenses": "16855000", "investmentIncomeNet": "None", "netInterestIncome": "-6587000", "interestIncome": "None", "interestExpense": "6587000", "nonInterestIncome": "None", "otherNonOperatingIncome": "-33000", "depreciation": "None", "depreciationAndAmortization": "736000", "incomeBeforeTax": "-14555000", "incomeTaxExpense": "-1000", "interestAndDebtExpense": "None", "netIncomeFromContinuingOperations": "-14555000", "comprehensiveIncomeNetOfTax": "None", "ebit": "-7968000", "ebitda": "-7232000", "netIncome": "-14555000"}, {"fiscalDateEnding": "2021-06-30", "reportedCurrency": "USD", "grossProfit": "10879000", "totalRevenue": "15345000", "costOfRevenue": "4466000", "costofGoodsAndServicesSold": "4466000", "operatingIncome": "-6517000", "sellingGeneralAndAdministrative": "13134000", "researchAndDevelopment": "4262000", "operatingExpenses": "17396000", "investmentIncomeNet": "None", "netInterestIncome": "-5850000", "interestIncome": "373000", "interestExpense": "6223000", "nonInterestIncome": "None", "otherNonOperatingIncome": "373000", "depreciation": "None", "depreciationAndAmortization": "740000", "incomeBeforeTax": "-12367000", "incomeTaxExpense": "373000", "interestAndDebtExpense": "None", "netIncomeFromContinuingOperations": "-12367000", "comprehensiveIncomeNetOfTax": "None", "ebit": "-6144000", "ebitda": "-5404000", "netIncome": "-12367000"}, {"fiscalDateEnding": "2021-03-31", "reportedCurrency": "USD", "grossProfit": "8365000", "totalRevenue": "11122000", "costOfRevenue": "2757000", "costofGoodsAndServicesSold": "2757000", "operatingIncome": "-8525000", "sellingGeneralAndAdministrative": "15582000", "researchAndDevelopment": "3659000", "operatingExpenses": "16890000", "investmentIncomeNet": "None", "netInterestIncome": "-6147000", "interestIncome": "None", "interestExpense": "6147000", "nonInterestIncome": "None", "otherNonOperatingIncome": "None", "depreciation": "None", "depreciationAndAmortization": "755000", "incomeBeforeTax": "-14672000", "incomeTaxExpense": "-1000", "interestAndDebtExpense": "None", "netIncomeFromContinuingOperations": "-14672000", "comprehensiveIncomeNetOfTax": "None", "ebit": "-8525000", "ebitda": "-7770000", "netIncome": "-14672000"}, {"fiscalDateEnding": "2020-12-31", "reportedCurrency": "USD", "grossProfit": "4361000", "totalRevenue": "7149000", "costOfRevenue": "2788000", "costofGoodsAndServicesSold": "2788000", "operatingIncome": "-15646000", "sellingGeneralAndAdministrative": "14613000", "researchAndDevelopment": "4425000", "operatingExpenses": "20007000", "investmentIncomeNet": "None", "netInterestIncome": "-4722000", "interestIncome": "4000", "interestExpense": "4726000", "nonInterestIncome": "None", "otherNonOperatingIncome": "4000", "depreciation": "None", "depreciationAndAmortization": "1106000", "incomeBeforeTax": "-20368000", "incomeTaxExpense": "-1102000", "interestAndDebtExpense": "None", "netIncomeFromContinuingOperations": "-20368000", "comprehensiveIncomeNetOfTax": "None", "ebit": "-15642000", "ebitda": "-14536000", "netIncome": "-20368000"}, {"fiscalDateEnding": "2020-09-30", "reportedCurrency": "USD", "grossProfit": "5282000", "totalRevenue": "8260000", "costOfRevenue": "2978000", "costofGoodsAndServicesSold": "2978000", "operatingIncome": "-13781000", "sellingGeneralAndAdministrative": "11803000", "researchAndDevelopment": "7260000", "operatingExpenses": "19063000", "investmentIncomeNet": "None", "netInterestIncome": "-2770000", "interestIncome": "8000", "interestExpense": "2778000", "nonInterestIncome": "None", "otherNonOperatingIncome": "8000", "depreciation": "None", "depreciationAndAmortization": "653000", "incomeBeforeTax": "-16551000", "incomeTaxExpense": "8000", "interestAndDebtExpense": "None", "netIncomeFromContinuingOperations": "-16551000", "comprehensiveIncomeNetOfTax": "None", "ebit": "-13773000", "ebitda": "-13120000", "netIncome": "-16551000"}, {"fiscalDateEnding": "2020-06-30", "reportedCurrency": "USD", "grossProfit": "18136000", "totalRevenue": "21675000", "costOfRevenue": "3539000", "costofGoodsAndServicesSold": "3539000", "operatingIncome": "395000", "sellingGeneralAndAdministrative": "13894000", "researchAndDevelopment": "3847000", "operatingExpenses": "17741000", "investmentIncomeNet": "None", "netInterestIncome": "-2729000", "interestIncome": "18000", "interestExpense": "2747000", "nonInterestIncome": "None", "otherNonOperatingIncome": "18000", "depreciation": "None", "depreciationAndAmortization": "797000", "incomeBeforeTax": "-2334000", "incomeTaxExpense": "18000", "interestAndDebtExpense": "None", "netIncomeFromContinuingOperations": "-2334000", "comprehensiveIncomeNetOfTax": "None", "ebit": "413000", "ebitda": "1210000", "netIncome": "-2334000"}, {"fiscalDateEnding": "2020-03-31", "reportedCurrency": "USD", "grossProfit": "5106000", "totalRevenue": "8765000", "costOfRevenue": "3659000", "costofGoodsAndServicesSold": "3659000", "operatingIncome": "-13861000", "sellingGeneralAndAdministrative": "14613000", "researchAndDevelopment": "4354000", "operatingExpenses": "18967000", "investmentIncomeNet": "None", "netInterestIncome": "-2669000", "interestIncome": "102000", "interestExpense": "2771000", "nonInterestIncome": "None", "otherNonOperatingIncome": "102000", "depreciation": "None", "depreciationAndAmortization": "887000", "incomeBeforeTax": "-16530000", "incomeTaxExpense": "102000", "interestAndDebtExpense": "None", "netIncomeFromContinuingOperations": "-16530000", "comprehensiveIncomeNetOfTax": "None", "ebit": "-13759000", "ebitda": "-12872000", "netIncome": "-16530000"}, {"fiscalDateEnding": "2019-12-31", "reportedCurrency": "USD", "grossProfit": "9627000", "totalRevenue": "16419000", "costOfRevenue": "6792000", "costofGoodsAndServicesSold": "6792000", "operatingIncome": "-9904000", "sellingGeneralAndAdministrative": "16474000", "researchAndDevelopment": "3057000", "operatingExpenses": "19531000", "investmentIncomeNet": "None", "netInterestIncome": "-2732000", "interestIncome": "71000", "interestExpense": "2803000", "nonInterestIncome": "None", "otherNonOperatingIncome": "None", "depreciation": "None", "depreciationAndAmortization": "723000", "incomeBeforeTax": "-12636000", "incomeTaxExpense": "-652000", "interestAndDebtExpense": "None", "netIncomeFromContinuingOperations": "-12636000", "comprehensiveIncomeNetOfTax": "None", "ebit": "-9833000", "ebitda": "-9110000", "netIncome": "-12636000"}, {"fiscalDateEnding": "2019-09-30", "reportedCurrency": "USD", "grossProfit": "7775000", "totalRevenue": "12418000", "costOfRevenue": "4643000", "costofGoodsAndServicesSold": "4643000", "operatingIncome": "-11002000", "sellingGeneralAndAdministrative": "13714000", "researchAndDevelopment": "5063000", "operatingExpenses": "18777000", "investmentIncomeNet": "None", "netInterestIncome": "-2514000", "interestIncome": "138000", "interestExpense": "2652000", "nonInterestIncome": "None", "otherNonOperatingIncome": "-4758000", "depreciation": "None", "depreciationAndAmortization": "709000", "incomeBeforeTax": "-18412000", "incomeTaxExpense": "2652000", "interestAndDebtExpense": "None", "netIncomeFromContinuingOperations": "-18412000", "comprehensiveIncomeNetOfTax": "None", "ebit": "-15725000", "ebitda": "-15016000", "netIncome": "-18412000"}, {"fiscalDateEnding": "2019-06-30", "reportedCurrency": "USD", "grossProfit": "5709000", "totalRevenue": "11129000", "costOfRevenue": "5420000", "costofGoodsAndServicesSold": "5420000", "operatingIncome": "-18688000", "sellingGeneralAndAdministrative": "16246000", "researchAndDevelopment": "8151000", "operatingExpenses": "24397000", "investmentIncomeNet": "None", "netInterestIncome": "-1784000", "interestIncome": "153000", "interestExpense": "1937000", "nonInterestIncome": "None", "otherNonOperatingIncome": "None", "depreciation": "None", "depreciationAndAmortization": "724000", "incomeBeforeTax": "-20472000", "incomeTaxExpense": "153000", "interestAndDebtExpense": "None", "netIncomeFromContinuingOperations": "-20472000", "comprehensiveIncomeNetOfTax": "None", "ebit": "-18499000", "ebitda": "-17775000", "netIncome": "-20472000"}, {"fiscalDateEnding": "2019-03-31", "reportedCurrency": "USD", "grossProfit": "9137000", "totalRevenue": "12643000", "costOfRevenue": "3506000", "costofGoodsAndServicesSold": "3506000", "operatingIncome": "-13074000", "sellingGeneralAndAdministrative": "17908000", "researchAndDevelopment": "4303000", "operatingExpenses": "22211000", "investmentIncomeNet": "None", "netInterestIncome": "-1652000", "interestIncome": "1652000", "interestExpense": "1926000", "nonInterestIncome": "None", "otherNonOperatingIncome": "274000", "depreciation": "None", "depreciationAndAmortization": "749000", "incomeBeforeTax": "-14726000", "incomeTaxExpense": "-475000", "interestAndDebtExpense": "None", "netIncomeFromContinuingOperations": "-14726000", "comprehensiveIncomeNetOfTax": "None", "ebit": "-12766000", "ebitda": "-12017000", "netIncome": "-14726000"}, {"fiscalDateEnding": "2018-12-31", "reportedCurrency": "USD", "grossProfit": "12037000", "totalRevenue": "16824000", "costOfRevenue": "4787000", "costofGoodsAndServicesSold": "4787000", "operatingIncome": "-12349000", "sellingGeneralAndAdministrative": "18703000", "researchAndDevelopment": "5683000", "operatingExpenses": "24386000", "investmentIncomeNet": "None", "netInterestIncome": "None", "interestIncome": "None", "interestExpense": "1902000", "nonInterestIncome": "None", "otherNonOperatingIncome": "None", "depreciation": "None", "depreciationAndAmortization": "760000", "incomeBeforeTax": "-13944000", "incomeTaxExpense": "1135000", "interestAndDebtExpense": "None", "netIncomeFromContinuingOperations": "-13944000", "comprehensiveIncomeNetOfTax": "None", "ebit": "-12042000", "ebitda": "-11282000", "netIncome": "-13944000"}, {"fiscalDateEnding": "2018-09-30", "reportedCurrency": "USD", "grossProfit": "7675000", "totalRevenue": "13267000", "costOfRevenue": "5592000", "costofGoodsAndServicesSold": "5592000", "operatingIncome": "-9204000", "sellingGeneralAndAdministrative": "12345000", "researchAndDevelopment": "4534000", "operatingExpenses": "16879000", "investmentIncomeNet": "None", "netInterestIncome": "None", "interestIncome": "None", "interestExpense": "1933000", "nonInterestIncome": "None", "otherNonOperatingIncome": "-3900000", "depreciation": "None", "depreciationAndAmortization": "746000", "incomeBeforeTax": "-15038000", "incomeTaxExpense": "1932000", "interestAndDebtExpense": "None", "netIncomeFromContinuingOperations": "-15038000", "comprehensiveIncomeNetOfTax": "None", "ebit": "-13105000", "ebitda": "-12359000", "netIncome": "-15038000"}, {"fiscalDateEnding": "2018-06-30", "reportedCurrency": "USD", "grossProfit": "8955000", "totalRevenue": "13928000", "costOfRevenue": "4973000", "costofGoodsAndServicesSold": "4973000", "operatingIncome": "-32686000", "sellingGeneralAndAdministrative": "33647000", "researchAndDevelopment": "7994000", "operatingExpenses": "41641000", "investmentIncomeNet": "None", "netInterestIncome": "None", "interestIncome": "None", "interestExpense": "1927000", "nonInterestIncome": "None", "otherNonOperatingIncome": "-1859000", "depreciation": "None", "depreciationAndAmortization": "777000", "incomeBeforeTax": "-36493000", "incomeTaxExpense": "1129000", "interestAndDebtExpense": "None", "netIncomeFromContinuingOperations": "-36493000", "comprehensiveIncomeNetOfTax": "None", "ebit": "-34566000", "ebitda": "-33789000", "netIncome": "-36493000"}, {"fiscalDateEnding": "2018-03-31", "reportedCurrency": "USD", "grossProfit": "17775000", "totalRevenue": "23411000", "costOfRevenue": "5636000", "costofGoodsAndServicesSold": "5636000", "operatingIncome": "5305000", "sellingGeneralAndAdministrative": "7569000", "researchAndDevelopment": "4901000", "operatingExpenses": "12470000", "investmentIncomeNet": "None", "netInterestIncome": "None", "interestIncome": "None", "interestExpense": "1927000", "nonInterestIncome": "None", "otherNonOperatingIncome": "None", "depreciation": "None", "depreciationAndAmortization": "953000", "incomeBeforeTax": "4099000", "incomeTaxExpense": "1951000", "interestAndDebtExpense": "None", "netIncomeFromContinuingOperations": "4099000", "comprehensiveIncomeNetOfTax": "None", "ebit": "6026000", "ebitda": "6979000", "netIncome": "4099000"}, {"fiscalDateEnding": "2017-12-31", "reportedCurrency": "USD", "grossProfit": "6580000", "totalRevenue": "12195000", "costOfRevenue": "5615000", "costofGoodsAndServicesSold": "5615000", "operatingIncome": "-7256000", "sellingGeneralAndAdministrative": "7565000", "researchAndDevelopment": "6271000", "operatingExpenses": "13836000", "investmentIncomeNet": "None", "netInterestIncome": "None", "interestIncome": "None", "interestExpense": "1970000", "nonInterestIncome": "None", "otherNonOperatingIncome": "None", "depreciation": "None", "depreciationAndAmortization": "967000", "incomeBeforeTax": "-10040000", "incomeTaxExpense": "1970000", "interestAndDebtExpense": "None", "netIncomeFromContinuingOperations": "-19874000", "comprehensiveIncomeNetOfTax": "None", "ebit": "-8070000", "ebitda": "-7103000", "netIncome": "-10040000"}, {"fiscalDateEnding": "2017-09-30", "reportedCurrency": "USD", "grossProfit": "22266000", "totalRevenue": "27146000", "costOfRevenue": "4880000", "costofGoodsAndServicesSold": "4880000", "operatingIncome": "10421000", "sellingGeneralAndAdministrative": "6161000", "researchAndDevelopment": "5684000", "operatingExpenses": "11845000", "investmentIncomeNet": "None", "netInterestIncome": "None", "interestIncome": "None", "interestExpense": "1970000", "nonInterestIncome": "None", "otherNonOperatingIncome": "None", "depreciation": "None", "depreciationAndAmortization": "957000", "incomeBeforeTax": "8451000", "incomeTaxExpense": "0", "interestAndDebtExpense": "None", "netIncomeFromContinuingOperations": "11434000", "comprehensiveIncomeNetOfTax": "None", "ebit": "10452000", "ebitda": "11409000", "netIncome": "8451000"}, {"fiscalDateEnding": "2017-06-30", "reportedCurrency": "USD", "grossProfit": "6001000", "totalRevenue": "11142000", "costOfRevenue": "5141000", "costofGoodsAndServicesSold": "5141000", "operatingIncome": "-4059000", "sellingGeneralAndAdministrative": "5223000", "researchAndDevelopment": "4837000", "operatingExpenses": "10060000", "investmentIncomeNet": "None", "netInterestIncome": "None", "interestIncome": "None", "interestExpense": "1949000", "nonInterestIncome": "None", "otherNonOperatingIncome": "None", "depreciation": "None", "depreciationAndAmortization": "949000", "incomeBeforeTax": "-5897000", "incomeTaxExpense": "1949000", "interestAndDebtExpense": "None", "netIncomeFromContinuingOperations": "-1526000", "comprehensiveIncomeNetOfTax": "None", "ebit": "-3948000", "ebitda": "-2999000", "netIncome": "-5897000"}, {"fiscalDateEnding": "2017-03-31", "reportedCurrency": "USD", "grossProfit": "12252000", "totalRevenue": "16436000", "costOfRevenue": "4184000", "costofGoodsAndServicesSold": "4184000", "operatingIncome": "781000", "sellingGeneralAndAdministrative": "6128000", "researchAndDevelopment": "5343000", "operatingExpenses": "11471000", "investmentIncomeNet": "None", "netInterestIncome": "None", "interestIncome": "None", "interestExpense": "1818000", "nonInterestIncome": "None", "otherNonOperatingIncome": "None", "depreciation": "None", "depreciationAndAmortization": "928000", "incomeBeforeTax": "-1457000", "incomeTaxExpense": "1818000", "interestAndDebtExpense": "None", "netIncomeFromContinuingOperations": "-1457000", "comprehensiveIncomeNetOfTax": "None", "ebit": "781000", "ebitda": "1709000", "netIncome": "-1457000"}, {"fiscalDateEnding": "2016-12-31", "reportedCurrency": "USD", "grossProfit": "35407000", "totalRevenue": "51785000", "costOfRevenue": "12380000", "costofGoodsAndServicesSold": "12380000", "operatingIncome": "-847000", "sellingGeneralAndAdministrative": "36254000", "researchAndDevelopment": "15450000", "operatingExpenses": "52632000", "investmentIncomeNet": "None", "netInterestIncome": "None", "interestIncome": "None", "interestExpense": "6143000", "nonInterestIncome": "None", "otherNonOperatingIncome": "None", "depreciation": "None", "depreciationAndAmortization": "None", "incomeBeforeTax": "-11944000", "incomeTaxExpense": "0", "interestAndDebtExpense": "None", "netIncomeFromContinuingOperations": "-11944000", "comprehensiveIncomeNetOfTax": "None", "ebit": "-847000", "ebitda": "None", "netIncome": "-11944000"}, {"fiscalDateEnding": "2007-06-30", "reportedCurrency": "USD", "grossProfit": "801000", "totalRevenue": "1651000", "costOfRevenue": "850000", "costofGoodsAndServicesSold": "850000", "operatingIncome": "-3991000", "sellingGeneralAndAdministrative": "4112000", "researchAndDevelopment": "680000", "operatingExpenses": "5642000", "investmentIncomeNet": "None", "netInterestIncome": "None", "interestIncome": "None", "interestExpense": "1818000", "nonInterestIncome": "None", "otherNonOperatingIncome": "None", "depreciation": "None", "depreciationAndAmortization": "None", "incomeBeforeTax": "-3870000", "incomeTaxExpense": "0", "interestAndDebtExpense": "None", "netIncomeFromContinuingOperations": "-3870000", "comprehensiveIncomeNetOfTax": "None", "ebit": "-3991000", "ebitda": "None", "netIncome": "-3870000"}, {"fiscalDateEnding": "2007-03-31", "reportedCurrency": "USD", "grossProfit": "258000", "totalRevenue": "509000", "costOfRevenue": "251000", "costofGoodsAndServicesSold": "251000", "operatingIncome": "-4156000", "sellingGeneralAndAdministrative": "3729000", "researchAndDevelopment": "685000", "operatingExpenses": "4665000", "investmentIncomeNet": "None", "netInterestIncome": "None", "interestIncome": "None", "interestExpense": "1818000", "nonInterestIncome": "None", "otherNonOperatingIncome": "None", "depreciation": "None", "depreciationAndAmortization": "None", "incomeBeforeTax": "-3986000", "incomeTaxExpense": "0", "interestAndDebtExpense": "None", "netIncomeFromContinuingOperations": "-3986000", "comprehensiveIncomeNetOfTax": "None", "ebit": "-4156000", "ebitda": "None", "netIncome": "-3986000"}]}