{"symbol": "DVA", "annualReports": [{"fiscalDateEnding": "2025-12-31", "reportedCurrency": "USD", "grossProfit": "3684245000", "totalRevenue": "13643069000", "costOfRevenue": "9958824000", "costofGoodsAndServicesSold": "9958824000", "operatingIncome": "2010615000", "sellingGeneralAndAdministrative": "1673630000", "researchAndDevelopment": "None", "operatingExpenses": "1673630000", "investmentIncomeNet": "None", "netInterestIncome": "-579926000", "interestIncome": "579926000", "interestExpense": "549674000", "nonInterestIncome": "None", "otherNonOperatingIncome": "None", "depreciation": "None", "depreciationAndAmortization": "715348000", "incomeBeforeTax": "1346823000", "incomeTaxExpense": "293107000", "interestAndDebtExpense": "None", "netIncomeFromContinuingOperations": "1053716000", "comprehensiveIncomeNetOfTax": "None", "ebit": "1926749000", "ebitda": "2642097000", "netIncome": "746803000"}, {"fiscalDateEnding": "2024-12-31", "reportedCurrency": "USD", "grossProfit": "4217029000", "totalRevenue": "12815550000", "costOfRevenue": "8598521000", "costofGoodsAndServicesSold": "8598521000", "operatingIncome": "2090483000", "sellingGeneralAndAdministrative": "1538341000", "researchAndDevelopment": "None", "operatingExpenses": "2126546000", "investmentIncomeNet": "None", "netInterestIncome": "-470469000", "interestIncome": "470469000", "interestExpense": "470469000", "nonInterestIncome": "None", "otherNonOperatingIncome": "None", "depreciation": "None", "depreciationAndAmortization": "723860000", "incomeBeforeTax": "1530393000", "incomeTaxExpense": "279656000", "interestAndDebtExpense": "None", "netIncomeFromContinuingOperations": "1250737000", "comprehensiveIncomeNetOfTax": "None", "ebit": "2000862000", "ebitda": "2724722000", "netIncome": "936342000"}, {"fiscalDateEnding": "2023-12-31", "reportedCurrency": "USD", "grossProfit": "3820430000", "totalRevenue": "12140147000", "costOfRevenue": "8319717000", "costofGoodsAndServicesSold": "8319717000", "operatingIncome": "1602784000", "sellingGeneralAndAdministrative": "1473984000", "researchAndDevelopment": "None", "operatingExpenses": "2217646000", "investmentIncomeNet": "None", "netInterestIncome": "-398551000", "interestIncome": "398551000", "interestExpense": "398551000", "nonInterestIncome": "None", "otherNonOperatingIncome": "None", "depreciation": "None", "depreciationAndAmortization": "745443000", "incomeBeforeTax": "1177094000", "incomeTaxExpense": "220116000", "interestAndDebtExpense": "None", "netIncomeFromContinuingOperations": "956978000", "comprehensiveIncomeNetOfTax": "None", "ebit": "1575645000", "ebitda": "2321088000", "netIncome": "691535000"}, {"fiscalDateEnding": "2022-12-31", "reportedCurrency": "USD", "grossProfit": "3400341000", "totalRevenue": "11609894000", "costOfRevenue": "8209553000", "costofGoodsAndServicesSold": "8209553000", "operatingIncome": "1339062000", "sellingGeneralAndAdministrative": "1355197000", "researchAndDevelopment": "None", "operatingExpenses": "2061279000", "investmentIncomeNet": "None", "netInterestIncome": "-357019000", "interestIncome": "357019000", "interestExpense": "357019000", "nonInterestIncome": "None", "otherNonOperatingIncome": "-15765000", "depreciation": "None", "depreciationAndAmortization": "732602000", "incomeBeforeTax": "966278000", "incomeTaxExpense": "198087000", "interestAndDebtExpense": "None", "netIncomeFromContinuingOperations": "768191000", "comprehensiveIncomeNetOfTax": "None", "ebit": "1323297000", "ebitda": "2055899000", "netIncome": "560400000"}, {"fiscalDateEnding": "2021-12-31", "reportedCurrency": "USD", "grossProfit": "3646383000", "totalRevenue": "11618797000", "costOfRevenue": "7972414000", "costofGoodsAndServicesSold": "7972414000", "operatingIncome": "1797370000", "sellingGeneralAndAdministrative": "1195335000", "researchAndDevelopment": "None", "operatingExpenses": "1849013000", "investmentIncomeNet": "None", "netInterestIncome": "-285254000", "interestIncome": "285254000", "interestExpense": "285254000", "nonInterestIncome": "None", "otherNonOperatingIncome": "6378000", "depreciation": "None", "depreciationAndAmortization": "680615000", "incomeBeforeTax": "1518494000", "incomeTaxExpense": "306732000", "interestAndDebtExpense": "None", "netIncomeFromContinuingOperations": "1211762000", "comprehensiveIncomeNetOfTax": "None", "ebit": "1803748000", "ebitda": "2484363000", "netIncome": "978450000"}, {"fiscalDateEnding": "2020-12-31", "reportedCurrency": "USD", "grossProfit": "3561991000", "totalRevenue": "11550604000", "costOfRevenue": "7988613000", "costofGoodsAndServicesSold": "7988613000", "operatingIncome": "1694636000", "sellingGeneralAndAdministrative": "1247584000", "researchAndDevelopment": "None", "operatingExpenses": "1867355000", "investmentIncomeNet": "None", "netInterestIncome": "-304111000", "interestIncome": "304111000", "interestExpense": "304111000", "nonInterestIncome": "None", "otherNonOperatingIncome": "16759000", "depreciation": "None", "depreciationAndAmortization": "630435000", "incomeBeforeTax": "1318262000", "incomeTaxExpense": "313932000", "interestAndDebtExpense": "None", "netIncomeFromContinuingOperations": "1004330000", "comprehensiveIncomeNetOfTax": "None", "ebit": "1622373000", "ebitda": "2252808000", "netIncome": "773642000"}, {"fiscalDateEnding": "2019-12-31", "reportedCurrency": "USD", "grossProfit": "3473994000", "totalRevenue": "11388479000", "costOfRevenue": "7914485000", "costofGoodsAndServicesSold": "7914485000", "operatingIncome": "1643317000", "sellingGeneralAndAdministrative": "1103312000", "researchAndDevelopment": "None", "operatingExpenses": "1830677000", "investmentIncomeNet": "None", "netInterestIncome": "-477226000", "interestIncome": "443824000", "interestExpense": "443824000", "nonInterestIncome": "None", "otherNonOperatingIncome": "29348000", "depreciation": "None", "depreciationAndAmortization": "615152000", "incomeBeforeTax": "1195439000", "incomeTaxExpense": "279628000", "interestAndDebtExpense": "None", "netIncomeFromContinuingOperations": "915811000", "comprehensiveIncomeNetOfTax": "None", "ebit": "1639263000", "ebitda": "2254415000", "netIncome": "810981000"}, {"fiscalDateEnding": "2018-12-31", "reportedCurrency": "USD", "grossProfit": "3209338000", "totalRevenue": "11404851000", "costOfRevenue": "8195513000", "costofGoodsAndServicesSold": "8195513000", "operatingIncome": "1525824000", "sellingGeneralAndAdministrative": "1135454000", "researchAndDevelopment": "None", "operatingExpenses": "1683514000", "investmentIncomeNet": "None", "netInterestIncome": "-487435000", "interestIncome": "487435000", "interestExpense": "487435000", "nonInterestIncome": "None", "otherNonOperatingIncome": "10089000", "depreciation": "None", "depreciationAndAmortization": "591035000", "incomeBeforeTax": "1048478000", "incomeTaxExpense": "258400000", "interestAndDebtExpense": "None", "netIncomeFromContinuingOperations": "790078000", "comprehensiveIncomeNetOfTax": "None", "ebit": "1535913000", "ebitda": "2126948000", "netIncome": "159394000"}, {"fiscalDateEnding": "2017-12-31", "reportedCurrency": "USD", "grossProfit": "3236629000", "totalRevenue": "10876634000", "costOfRevenue": "7640005000", "costofGoodsAndServicesSold": "7640005000", "operatingIncome": "1812755000", "sellingGeneralAndAdministrative": "1064026000", "researchAndDevelopment": "0", "operatingExpenses": "1423874000", "investmentIncomeNet": "None", "netInterestIncome": "-430634000", "interestIncome": "430634000", "interestExpense": "430634000", "nonInterestIncome": "None", "otherNonOperatingIncome": "17665000", "depreciation": "None", "depreciationAndAmortization": "559911000", "incomeBeforeTax": "1399786000", "incomeTaxExpense": "323859000", "interestAndDebtExpense": "None", "netIncomeFromContinuingOperations": "1075927000", "comprehensiveIncomeNetOfTax": "None", "ebit": "2047994000", "ebitda": "2607905000", "netIncome": "663618000"}, {"fiscalDateEnding": "2016-12-31", "reportedCurrency": "USD", "grossProfit": "3275885000", "totalRevenue": "14745105000", "costOfRevenue": "7431582000", "costofGoodsAndServicesSold": "7431582000", "operatingIncome": "2029710000", "sellingGeneralAndAdministrative": "1592698000", "researchAndDevelopment": "0", "operatingExpenses": "1246175000", "investmentIncomeNet": "None", "netInterestIncome": "-414382000", "interestIncome": "414116000", "interestExpense": "414382000", "nonInterestIncome": "None", "otherNonOperatingIncome": "8734000", "depreciation": "None", "depreciationAndAmortization": "509497000", "incomeBeforeTax": "1488895000", "incomeTaxExpense": "455813000", "interestAndDebtExpense": "None", "netIncomeFromContinuingOperations": "1033082000", "comprehensiveIncomeNetOfTax": "None", "ebit": "2247976000", "ebitda": "2757473000", "netIncome": "879874000"}, {"fiscalDateEnding": "2015-12-31", "reportedCurrency": "USD", "grossProfit": "3126183000", "totalRevenue": "13781837000", "costOfRevenue": "6856062000", "costofGoodsAndServicesSold": "6856062000", "operatingIncome": "1136766000", "sellingGeneralAndAdministrative": "1452135000", "researchAndDevelopment": "0", "operatingExpenses": "1989417000", "investmentIncomeNet": "None", "netInterestIncome": "None", "interestIncome": "456452000", "interestExpense": "405941000", "nonInterestIncome": "None", "otherNonOperatingIncome": "-39179000", "depreciation": "None", "depreciationAndAmortization": "638024000", "incomeBeforeTax": "723136000", "incomeTaxExpense": "295726000", "interestAndDebtExpense": "None", "netIncomeFromContinuingOperations": "427410000", "comprehensiveIncomeNetOfTax": "None", "ebit": "1096767000", "ebitda": "1734791000", "netIncome": "269732000"}, {"fiscalDateEnding": "2014-12-31", "reportedCurrency": "USD", "grossProfit": "3675801000", "totalRevenue": "12795106000", "costOfRevenue": "9119305000", "costofGoodsAndServicesSold": "9119305000", "operatingIncome": "1815141000", "sellingGeneralAndAdministrative": "1261506000", "researchAndDevelopment": "0", "operatingExpenses": "1860660000", "investmentIncomeNet": "None", "netInterestIncome": "None", "interestIncome": "None", "interestExpense": "410294000", "nonInterestIncome": "None", "otherNonOperatingIncome": "-95174000", "depreciation": "None", "depreciationAndAmortization": "590935000", "incomeBeforeTax": "1309673000", "incomeTaxExpense": "446343000", "interestAndDebtExpense": "None", "netIncomeFromContinuingOperations": "863330000", "comprehensiveIncomeNetOfTax": "None", "ebit": "1719967000", "ebitda": "2310902000", "netIncome": "723114000"}, {"fiscalDateEnding": "2013-12-31", "reportedCurrency": "USD", "grossProfit": "3565673000", "totalRevenue": "11764050000", "costOfRevenue": "8198377000", "costofGoodsAndServicesSold": "8198377000", "operatingIncome": "1550134000", "sellingGeneralAndAdministrative": "1176485000", "researchAndDevelopment": "0", "operatingExpenses": "2015539000", "investmentIncomeNet": "None", "netInterestIncome": "None", "interestIncome": "None", "interestExpense": "429943000", "nonInterestIncome": "None", "otherNonOperatingIncome": "4787000", "depreciation": "None", "depreciationAndAmortization": "528119000", "incomeBeforeTax": "1124978000", "incomeTaxExpense": "381013000", "interestAndDebtExpense": "None", "netIncomeFromContinuingOperations": "743965000", "comprehensiveIncomeNetOfTax": "None", "ebit": "1555539000", "ebitda": "2083658000", "netIncome": "633446000"}, {"fiscalDateEnding": "2012-12-31", "reportedCurrency": "USD", "grossProfit": "2602731000", "totalRevenue": "8186280000", "costOfRevenue": "5583549000", "costofGoodsAndServicesSold": "5583549000", "operatingIncome": "1297084000", "sellingGeneralAndAdministrative": "894575000", "researchAndDevelopment": "0", "operatingExpenses": "1305647000", "investmentIncomeNet": "None", "netInterestIncome": "None", "interestIncome": "None", "interestExpense": "288554000", "nonInterestIncome": "None", "otherNonOperatingIncome": "-7226000", "depreciation": "None", "depreciationAndAmortization": "343908000", "incomeBeforeTax": "1001304000", "incomeTaxExpense": "359845000", "interestAndDebtExpense": "None", "netIncomeFromContinuingOperations": "641459000", "comprehensiveIncomeNetOfTax": "None", "ebit": "1289858000", "ebitda": "1633766000", "netIncome": "536017000"}, {"fiscalDateEnding": "2011-12-31", "reportedCurrency": "USD", "grossProfit": "2098186000", "totalRevenue": "6791980000", "costOfRevenue": "4633620000", "costofGoodsAndServicesSold": "4633620000", "operatingIncome": "1154713000", "sellingGeneralAndAdministrative": "691243000", "researchAndDevelopment": "0", "operatingExpenses": "943473000", "investmentIncomeNet": "None", "netInterestIncome": "None", "interestIncome": "None", "interestExpense": "241090000", "nonInterestIncome": "None", "otherNonOperatingIncome": "2982000", "depreciation": "None", "depreciationAndAmortization": "267315000", "incomeBeforeTax": "892674000", "incomeTaxExpense": "315744000", "interestAndDebtExpense": "None", "netIncomeFromContinuingOperations": "576930000", "comprehensiveIncomeNetOfTax": "None", "ebit": "1157695000", "ebitda": "1425010000", "netIncome": "478001000"}, {"fiscalDateEnding": "2010-12-31", "reportedCurrency": "USD", "grossProfit": "1791748000", "totalRevenue": "6447391000", "costOfRevenue": "4427862000", "costofGoodsAndServicesSold": "4427862000", "operatingIncome": "993808000", "sellingGeneralAndAdministrative": "579000000", "researchAndDevelopment": "0", "operatingExpenses": "797940000", "investmentIncomeNet": "None", "netInterestIncome": "None", "interestIncome": "None", "interestExpense": "255989000", "nonInterestIncome": "None", "otherNonOperatingIncome": "3420000", "depreciation": "None", "depreciationAndAmortization": "234378000", "incomeBeforeTax": "744458000", "incomeTaxExpense": "260239000", "interestAndDebtExpense": "None", "netIncomeFromContinuingOperations": "484219000", "comprehensiveIncomeNetOfTax": "None", "ebit": "922845000", "ebitda": "1157223000", "netIncome": "405683000"}, {"fiscalDateEnding": "2009-12-31", "reportedCurrency": "USD", "grossProfit": "1860132000", "totalRevenue": "6108800000", "costOfRevenue": "4248668000", "costofGoodsAndServicesSold": "4248668000", "operatingIncome": "940271000", "sellingGeneralAndAdministrative": "531531000", "researchAndDevelopment": "0", "operatingExpenses": "919861000", "investmentIncomeNet": "None", "netInterestIncome": "None", "interestIncome": "None", "interestExpense": "185755000", "nonInterestIncome": "None", "otherNonOperatingIncome": "3708000", "depreciation": "None", "depreciationAndAmortization": "228986000", "incomeBeforeTax": "758224000", "incomeTaxExpense": "278465000", "interestAndDebtExpense": "None", "netIncomeFromContinuingOperations": "479759000", "comprehensiveIncomeNetOfTax": "None", "ebit": "943979000", "ebitda": "1172965000", "netIncome": "422684000"}, {"fiscalDateEnding": "2008-12-31", "reportedCurrency": "USD", "grossProfit": "1739686000", "totalRevenue": "5660173000", "costOfRevenue": "3920487000", "costofGoodsAndServicesSold": "3920487000", "operatingIncome": "869096000", "sellingGeneralAndAdministrative": "654469000", "researchAndDevelopment": "None", "operatingExpenses": "870590000", "investmentIncomeNet": "None", "netInterestIncome": "None", "interestIncome": "None", "interestExpense": "199894000", "nonInterestIncome": "None", "otherNonOperatingIncome": "None", "depreciation": "None", "depreciationAndAmortization": "216917000", "incomeBeforeTax": "609460000", "incomeTaxExpense": "235300000", "interestAndDebtExpense": "None", "netIncomeFromContinuingOperations": "None", "comprehensiveIncomeNetOfTax": "None", "ebit": "881507000", "ebitda": "1098424000", "netIncome": "374160000"}, {"fiscalDateEnding": "2007-12-31", "reportedCurrency": "USD", "grossProfit": "1673807000", "totalRevenue": "5264151000", "costOfRevenue": "3590344000", "costofGoodsAndServicesSold": "3590344000", "operatingIncome": "862209000", "sellingGeneralAndAdministrative": "627918000", "researchAndDevelopment": "None", "operatingExpenses": "811598000", "investmentIncomeNet": "None", "netInterestIncome": "None", "interestIncome": "None", "interestExpense": "156952000", "nonInterestIncome": "None", "otherNonOperatingIncome": "None", "depreciation": "None", "depreciationAndAmortization": "193470000", "incomeBeforeTax": "627522000", "incomeTaxExpense": "245744000", "interestAndDebtExpense": "None", "netIncomeFromContinuingOperations": "None", "comprehensiveIncomeNetOfTax": "None", "ebit": "862209000", "ebitda": "1055679000", "netIncome": "381778000"}, {"fiscalDateEnding": "2006-12-31", "reportedCurrency": "USD", "grossProfit": "1490311000", "totalRevenue": "4880662000", "costOfRevenue": "3390351000", "costofGoodsAndServicesSold": "3390351000", "operatingIncome": "739432000", "sellingGeneralAndAdministrative": "579719000", "researchAndDevelopment": "None", "operatingExpenses": "750879000", "investmentIncomeNet": "None", "netInterestIncome": "None", "interestIncome": "None", "interestExpense": "489016000", "nonInterestIncome": "None", "otherNonOperatingIncome": "None", "depreciation": "None", "depreciationAndAmortization": "173295000", "incomeBeforeTax": "475759000", "incomeTaxExpense": "186430000", "interestAndDebtExpense": "None", "netIncomeFromContinuingOperations": "None", "comprehensiveIncomeNetOfTax": "None", "ebit": "739432000", "ebitda": "912727000", "netIncome": "289691000"}], "quarterlyReports": [{"fiscalDateEnding": "2025-12-31", "reportedCurrency": "USD", "grossProfit": "1023567000", "totalRevenue": "3619787000", "costOfRevenue": "2596220000", "costofGoodsAndServicesSold": "2596220000", "operatingIncome": "551205000", "sellingGeneralAndAdministrative": "472362000", "researchAndDevelopment": "None", "operatingExpenses": "472362000", "investmentIncomeNet": "None", "netInterestIncome": "-148252000", "interestIncome": "148252000", "interestExpense": "118000000", "nonInterestIncome": "None", "otherNonOperatingIncome": "None", "depreciation": "None", "depreciationAndAmortization": "186703000", "incomeBeforeTax": "382759000", "incomeTaxExpense": "76728000", "interestAndDebtExpense": "None", "netIncomeFromContinuingOperations": "306031000", "comprehensiveIncomeNetOfTax": "None", "ebit": "531011000", "ebitda": "717714000", "netIncome": "234217000"}, {"fiscalDateEnding": "2025-09-30", "reportedCurrency": "USD", "grossProfit": "1087468000", "totalRevenue": "3420227000", "costOfRevenue": "2332759000", "costofGoodsAndServicesSold": "2332759000", "operatingIncome": "505767000", "sellingGeneralAndAdministrative": "414373000", "researchAndDevelopment": "None", "operatingExpenses": "581701000", "investmentIncomeNet": "None", "netInterestIncome": "-150557000", "interestIncome": "150557000", "interestExpense": "150557000", "nonInterestIncome": "None", "otherNonOperatingIncome": "None", "depreciation": "None", "depreciationAndAmortization": "177490000", "incomeBeforeTax": "308803000", "incomeTaxExpense": "68554000", "interestAndDebtExpense": "None", "netIncomeFromContinuingOperations": "240249000", "comprehensiveIncomeNetOfTax": "None", "ebit": "459360000", "ebitda": "636850000", "netIncome": "150332000"}, {"fiscalDateEnding": "2025-06-30", "reportedCurrency": "USD", "grossProfit": "1117986000", "totalRevenue": "3379526000", "costOfRevenue": "2261540000", "costofGoodsAndServicesSold": "2261540000", "operatingIncome": "537841000", "sellingGeneralAndAdministrative": "412805000", "researchAndDevelopment": "None", "operatingExpenses": "580145000", "investmentIncomeNet": "None", "netInterestIncome": "-146062000", "interestIncome": "146062000", "interestExpense": "146062000", "nonInterestIncome": "None", "otherNonOperatingIncome": "None", "depreciation": "None", "depreciationAndAmortization": "174704000", "incomeBeforeTax": "368928000", "incomeTaxExpense": "93708000", "interestAndDebtExpense": "None", "netIncomeFromContinuingOperations": "275220000", "comprehensiveIncomeNetOfTax": "None", "ebit": "514990000", "ebitda": "689694000", "netIncome": "199337000"}, {"fiscalDateEnding": "2025-03-31", "reportedCurrency": "USD", "grossProfit": "983869000", "totalRevenue": "3223529000", "costOfRevenue": "2239660000", "costofGoodsAndServicesSold": "2239660000", "operatingIncome": "438937000", "sellingGeneralAndAdministrative": "374090000", "researchAndDevelopment": "None", "operatingExpenses": "544932000", "investmentIncomeNet": "None", "netInterestIncome": "-135055000", "interestIncome": "135055000", "interestExpense": "135055000", "nonInterestIncome": "None", "otherNonOperatingIncome": "None", "depreciation": "None", "depreciationAndAmortization": "176451000", "incomeBeforeTax": "286333000", "incomeTaxExpense": "54117000", "interestAndDebtExpense": "None", "netIncomeFromContinuingOperations": "232216000", "comprehensiveIncomeNetOfTax": "None", "ebit": "421388000", "ebitda": "597839000", "netIncome": "162917000"}, {"fiscalDateEnding": "2024-12-31", "reportedCurrency": "USD", "grossProfit": "1069312000", "totalRevenue": "3294683000", "costOfRevenue": "2225371000", "costofGoodsAndServicesSold": "2225371000", "operatingIncome": "565362000", "sellingGeneralAndAdministrative": "414482000", "researchAndDevelopment": "None", "operatingExpenses": "503950000", "investmentIncomeNet": "None", "netInterestIncome": "-138721000", "interestIncome": "138721000", "interestExpense": "138721000", "nonInterestIncome": "None", "otherNonOperatingIncome": "None", "depreciation": "None", "depreciationAndAmortization": "174102000", "incomeBeforeTax": "413733000", "incomeTaxExpense": "64488000", "interestAndDebtExpense": "None", "netIncomeFromContinuingOperations": "349245000", "comprehensiveIncomeNetOfTax": "None", "ebit": "552454000", "ebitda": "726556000", "netIncome": "259329000"}, {"fiscalDateEnding": "2024-09-30", "reportedCurrency": "USD", "grossProfit": "1111715000", "totalRevenue": "3263590000", "costOfRevenue": "2151875000", "costofGoodsAndServicesSold": "2151875000", "operatingIncome": "534878000", "sellingGeneralAndAdministrative": "393534000", "researchAndDevelopment": "None", "operatingExpenses": "576837000", "investmentIncomeNet": "None", "netInterestIncome": "-134583000", "interestIncome": "134583000", "interestExpense": "134583000", "nonInterestIncome": "None", "otherNonOperatingIncome": "None", "depreciation": "None", "depreciationAndAmortization": "187014000", "incomeBeforeTax": "373434000", "incomeTaxExpense": "77674000", "interestAndDebtExpense": "None", "netIncomeFromContinuingOperations": "295760000", "comprehensiveIncomeNetOfTax": "None", "ebit": "508017000", "ebitda": "695031000", "netIncome": "214688000"}, {"fiscalDateEnding": "2024-06-30", "reportedCurrency": "USD", "grossProfit": "1044423000", "totalRevenue": "3186722000", "costOfRevenue": "2142299000", "costofGoodsAndServicesSold": "2142299000", "operatingIncome": "506398000", "sellingGeneralAndAdministrative": "367845000", "researchAndDevelopment": "None", "operatingExpenses": "538025000", "investmentIncomeNet": "None", "netInterestIncome": "-97747000", "interestIncome": "None", "interestExpense": "97747000", "nonInterestIncome": "None", "otherNonOperatingIncome": "None", "depreciation": "None", "depreciationAndAmortization": "175661000", "incomeBeforeTax": "371440000", "incomeTaxExpense": "71688000", "interestAndDebtExpense": "None", "netIncomeFromContinuingOperations": "299752000", "comprehensiveIncomeNetOfTax": "None", "ebit": "469187000", "ebitda": "644848000", "netIncome": "222676000"}, {"fiscalDateEnding": "2024-03-31", "reportedCurrency": "USD", "grossProfit": "991579000", "totalRevenue": "3070555000", "costOfRevenue": "2078976000", "costofGoodsAndServicesSold": "2078976000", "operatingIncome": "483845000", "sellingGeneralAndAdministrative": "362480000", "researchAndDevelopment": "None", "operatingExpenses": "507734000", "investmentIncomeNet": "None", "netInterestIncome": "-99418000", "interestIncome": "None", "interestExpense": "99418000", "nonInterestIncome": "None", "otherNonOperatingIncome": "None", "depreciation": "None", "depreciationAndAmortization": "187083000", "incomeBeforeTax": "371786000", "incomeTaxExpense": "65806000", "interestAndDebtExpense": "None", "netIncomeFromContinuingOperations": "305980000", "comprehensiveIncomeNetOfTax": "None", "ebit": "471204000", "ebitda": "658287000", "netIncome": "239649000"}, {"fiscalDateEnding": "2023-12-31", "reportedCurrency": "USD", "grossProfit": "1007378000", "totalRevenue": "3145747000", "costOfRevenue": "2138369000", "costofGoodsAndServicesSold": "2138369000", "operatingIncome": "389909000", "sellingGeneralAndAdministrative": "401471000", "researchAndDevelopment": "None", "operatingExpenses": "617469000", "investmentIncomeNet": "None", "netInterestIncome": "-96190000", "interestIncome": "None", "interestExpense": "96190000", "nonInterestIncome": "None", "otherNonOperatingIncome": "None", "depreciation": "None", "depreciationAndAmortization": "195277000", "incomeBeforeTax": "289067000", "incomeTaxExpense": "58495000", "interestAndDebtExpense": "None", "netIncomeFromContinuingOperations": "230572000", "comprehensiveIncomeNetOfTax": "None", "ebit": "385257000", "ebitda": "580534000", "netIncome": "150665000"}, {"fiscalDateEnding": "2023-09-30", "reportedCurrency": "USD", "grossProfit": "1054017000", "totalRevenue": "3121332000", "costOfRevenue": "2067315000", "costofGoodsAndServicesSold": "2067315000", "operatingIncome": "495939000", "sellingGeneralAndAdministrative": "376883000", "researchAndDevelopment": "None", "operatingExpenses": "558078000", "investmentIncomeNet": "None", "netInterestIncome": "-98080000", "interestIncome": "98080000", "interestExpense": "98080000", "nonInterestIncome": "None", "otherNonOperatingIncome": "None", "depreciation": "None", "depreciationAndAmortization": "188423000", "incomeBeforeTax": "378209000", "incomeTaxExpense": "68848000", "interestAndDebtExpense": "None", "netIncomeFromContinuingOperations": "309361000", "comprehensiveIncomeNetOfTax": "None", "ebit": "476289000", "ebitda": "664712000", "netIncome": "246632000"}, {"fiscalDateEnding": "2023-06-30", "reportedCurrency": "USD", "grossProfit": "944525000", "totalRevenue": "3000369000", "costOfRevenue": "2055844000", "costofGoodsAndServicesSold": "2055844000", "operatingIncome": "405291000", "sellingGeneralAndAdministrative": "364016000", "researchAndDevelopment": "None", "operatingExpenses": "539234000", "investmentIncomeNet": "None", "netInterestIncome": "-103507000", "interestIncome": "103507000", "interestExpense": "103507000", "nonInterestIncome": "None", "otherNonOperatingIncome": "1373000", "depreciation": "None", "depreciationAndAmortization": "183672000", "incomeBeforeTax": "295195000", "incomeTaxExpense": "48818000", "interestAndDebtExpense": "None", "netIncomeFromContinuingOperations": "246377000", "comprehensiveIncomeNetOfTax": "None", "ebit": "398702000", "ebitda": "582374000", "netIncome": "178691000"}, {"fiscalDateEnding": "2023-03-31", "reportedCurrency": "USD", "grossProfit": "814510000", "totalRevenue": "2872699000", "costOfRevenue": "2058189000", "costofGoodsAndServicesSold": "2058189000", "operatingIncome": "311645000", "sellingGeneralAndAdministrative": "331614000", "researchAndDevelopment": "None", "operatingExpenses": "502865000", "investmentIncomeNet": "None", "netInterestIncome": "-100774000", "interestIncome": "100774000", "interestExpense": "100774000", "nonInterestIncome": "None", "otherNonOperatingIncome": "3752000", "depreciation": "None", "depreciationAndAmortization": "178071000", "incomeBeforeTax": "214623000", "incomeTaxExpense": "43955000", "interestAndDebtExpense": "None", "netIncomeFromContinuingOperations": "170668000", "comprehensiveIncomeNetOfTax": "None", "ebit": "315397000", "ebitda": "493468000", "netIncome": "115547000"}, {"fiscalDateEnding": "2022-12-31", "reportedCurrency": "USD", "grossProfit": "828207000", "totalRevenue": "2916888000", "costOfRevenue": "2088681000", "costofGoodsAndServicesSold": "2088681000", "operatingIncome": "256252000", "sellingGeneralAndAdministrative": "379711000", "researchAndDevelopment": "None", "operatingExpenses": "571955000", "investmentIncomeNet": "None", "netInterestIncome": "-100962000", "interestIncome": "100962000", "interestExpense": "100962000", "nonInterestIncome": "None", "otherNonOperatingIncome": "None", "depreciation": "None", "depreciationAndAmortization": "194068000", "incomeBeforeTax": "147493000", "incomeTaxExpense": "34330000", "interestAndDebtExpense": "None", "netIncomeFromContinuingOperations": "113163000", "comprehensiveIncomeNetOfTax": "None", "ebit": "248455000", "ebitda": "442523000", "netIncome": "68103000"}, {"fiscalDateEnding": "2022-09-30", "reportedCurrency": "USD", "grossProfit": "863139000", "totalRevenue": "2948694000", "costOfRevenue": "2085555000", "costofGoodsAndServicesSold": "2085555000", "operatingIncome": "311787000", "sellingGeneralAndAdministrative": "365447000", "researchAndDevelopment": "None", "operatingExpenses": "551352000", "investmentIncomeNet": "None", "netInterestIncome": "-99680000", "interestIncome": "99680000", "interestExpense": "99680000", "nonInterestIncome": "None", "otherNonOperatingIncome": "None", "depreciation": "None", "depreciationAndAmortization": "194414000", "incomeBeforeTax": "207209000", "incomeTaxExpense": "42515000", "interestAndDebtExpense": "None", "netIncomeFromContinuingOperations": "164694000", "comprehensiveIncomeNetOfTax": "None", "ebit": "306889000", "ebitda": "501303000", "netIncome": "105366000"}, {"fiscalDateEnding": "2022-06-30", "reportedCurrency": "USD", "grossProfit": "909969000", "totalRevenue": "2926757000", "costOfRevenue": "2016788000", "costofGoodsAndServicesSold": "2016788000", "operatingIncome": "432715000", "sellingGeneralAndAdministrative": "315219000", "researchAndDevelopment": "None", "operatingExpenses": "477254000", "investmentIncomeNet": "None", "netInterestIncome": "-82586000", "interestIncome": "82586000", "interestExpense": "82586000", "nonInterestIncome": "None", "otherNonOperatingIncome": "-1284000", "depreciation": "None", "depreciationAndAmortization": "171176000", "incomeBeforeTax": "348845000", "incomeTaxExpense": "64229000", "interestAndDebtExpense": "None", "netIncomeFromContinuingOperations": "284616000", "comprehensiveIncomeNetOfTax": "None", "ebit": "431431000", "ebitda": "602607000", "netIncome": "224809000"}, {"fiscalDateEnding": "2022-03-31", "reportedCurrency": "USD", "grossProfit": "799026000", "totalRevenue": "2817555000", "costOfRevenue": "2018529000", "costofGoodsAndServicesSold": "2018529000", "operatingIncome": "338308000", "sellingGeneralAndAdministrative": "294820000", "researchAndDevelopment": "None", "operatingExpenses": "460718000", "investmentIncomeNet": "None", "netInterestIncome": "-73791000", "interestIncome": "73791000", "interestExpense": "73791000", "nonInterestIncome": "None", "otherNonOperatingIncome": "-1786000", "depreciation": "None", "depreciationAndAmortization": "172944000", "incomeBeforeTax": "262731000", "incomeTaxExpense": "57013000", "interestAndDebtExpense": "None", "netIncomeFromContinuingOperations": "205718000", "comprehensiveIncomeNetOfTax": "None", "ebit": "336522000", "ebitda": "509466000", "netIncome": "162122000"}, {"fiscalDateEnding": "2021-12-31", "reportedCurrency": "USD", "grossProfit": "883749000", "totalRevenue": "2943967000", "costOfRevenue": "2060218000", "costofGoodsAndServicesSold": "2060218000", "operatingIncome": "389415000", "sellingGeneralAndAdministrative": "322723000", "researchAndDevelopment": "None", "operatingExpenses": "494334000", "investmentIncomeNet": "None", "netInterestIncome": "-72087000", "interestIncome": "72087000", "interestExpense": "72087000", "nonInterestIncome": "None", "otherNonOperatingIncome": "-2388000", "depreciation": "None", "depreciationAndAmortization": "174763000", "incomeBeforeTax": "314940000", "incomeTaxExpense": "65508000", "interestAndDebtExpense": "None", "netIncomeFromContinuingOperations": "249432000", "comprehensiveIncomeNetOfTax": "None", "ebit": "387027000", "ebitda": "561790000", "netIncome": "187473000"}, {"fiscalDateEnding": "2021-09-30", "reportedCurrency": "USD", "grossProfit": "929730000", "totalRevenue": "2938319000", "costOfRevenue": "2008589000", "costofGoodsAndServicesSold": "2008589000", "operatingIncome": "474877000", "sellingGeneralAndAdministrative": "293095000", "researchAndDevelopment": "None", "operatingExpenses": "454853000", "investmentIncomeNet": "None", "netInterestIncome": "-72829000", "interestIncome": "72829000", "interestExpense": "72829000", "nonInterestIncome": "None", "otherNonOperatingIncome": "-7590000", "depreciation": "None", "depreciationAndAmortization": "170462000", "incomeBeforeTax": "394458000", "incomeTaxExpense": "74704000", "interestAndDebtExpense": "None", "netIncomeFromContinuingOperations": "319754000", "comprehensiveIncomeNetOfTax": "None", "ebit": "467287000", "ebitda": "637749000", "netIncome": "259754000"}, {"fiscalDateEnding": "2021-06-30", "reportedCurrency": "USD", "grossProfit": "951233000", "totalRevenue": "2916510000", "costOfRevenue": "1965277000", "costofGoodsAndServicesSold": "1965277000", "operatingIncome": "490476000", "sellingGeneralAndAdministrative": "298091000", "researchAndDevelopment": "None", "operatingExpenses": "460757000", "investmentIncomeNet": "None", "netInterestIncome": "-73324000", "interestIncome": "73324000", "interestExpense": "73324000", "nonInterestIncome": "None", "otherNonOperatingIncome": "15188000", "depreciation": "None", "depreciationAndAmortization": "169689000", "incomeBeforeTax": "432340000", "incomeTaxExpense": "81309000", "interestAndDebtExpense": "None", "netIncomeFromContinuingOperations": "351031000", "comprehensiveIncomeNetOfTax": "None", "ebit": "505664000", "ebitda": "675353000", "netIncome": "293820000"}, {"fiscalDateEnding": "2021-03-31", "reportedCurrency": "USD", "grossProfit": "881671000", "totalRevenue": "2820001000", "costOfRevenue": "1938330000", "costofGoodsAndServicesSold": "1938330000", "operatingIncome": "442602000", "sellingGeneralAndAdministrative": "281426000", "researchAndDevelopment": "None", "operatingExpenses": "439069000", "investmentIncomeNet": "None", "netInterestIncome": "-67014000", "interestIncome": "67014000", "interestExpense": "67014000", "nonInterestIncome": "None", "otherNonOperatingIncome": "1168000", "depreciation": "None", "depreciationAndAmortization": "165701000", "incomeBeforeTax": "376756000", "incomeTaxExpense": "85211000", "interestAndDebtExpense": "None", "netIncomeFromContinuingOperations": "291545000", "comprehensiveIncomeNetOfTax": "None", "ebit": "443770000", "ebitda": "609471000", "netIncome": "237403000"}, {"fiscalDateEnding": "2020-12-31", "reportedCurrency": "USD", "grossProfit": "848441000", "totalRevenue": "2905322000", "costOfRevenue": "2056881000", "costofGoodsAndServicesSold": "2056881000", "operatingIncome": "381671000", "sellingGeneralAndAdministrative": "304519000", "researchAndDevelopment": "None", "operatingExpenses": "466770000", "investmentIncomeNet": "None", "netInterestIncome": "-60469000", "interestIncome": "60469000", "interestExpense": "60469000", "nonInterestIncome": "None", "otherNonOperatingIncome": "6169000", "depreciation": "None", "depreciationAndAmortization": "161486000", "incomeBeforeTax": "327371000", "incomeTaxExpense": "73368000", "interestAndDebtExpense": "None", "netIncomeFromContinuingOperations": "254003000", "comprehensiveIncomeNetOfTax": "None", "ebit": "387840000", "ebitda": "549326000", "netIncome": "173773000"}, {"fiscalDateEnding": "2020-09-30", "reportedCurrency": "USD", "grossProfit": "952347000", "totalRevenue": "2924066000", "costOfRevenue": "1971719000", "costofGoodsAndServicesSold": "1971719000", "operatingIncome": "437669000", "sellingGeneralAndAdministrative": "363280000", "researchAndDevelopment": "None", "operatingExpenses": "514678000", "investmentIncomeNet": "None", "netInterestIncome": "-159732000", "interestIncome": "73658000", "interestExpense": "73658000", "nonInterestIncome": "None", "otherNonOperatingIncome": "5395000", "depreciation": "None", "depreciationAndAmortization": "156894000", "incomeBeforeTax": "283332000", "incomeTaxExpense": "65792000", "interestAndDebtExpense": "None", "netIncomeFromContinuingOperations": "217540000", "comprehensiveIncomeNetOfTax": "None", "ebit": "356990000", "ebitda": "513884000", "netIncome": "158674000"}, {"fiscalDateEnding": "2020-06-30", "reportedCurrency": "USD", "grossProfit": "895415000", "totalRevenue": "2879979000", "costOfRevenue": "1984564000", "costofGoodsAndServicesSold": "1984564000", "operatingIncome": "409920000", "sellingGeneralAndAdministrative": "316209000", "researchAndDevelopment": "None", "operatingExpenses": "485495000", "investmentIncomeNet": "None", "netInterestIncome": "-81381000", "interestIncome": "81381000", "interestExpense": "81381000", "nonInterestIncome": "None", "otherNonOperatingIncome": "9545000", "depreciation": "None", "depreciationAndAmortization": "157376000", "incomeBeforeTax": "338084000", "incomeTaxExpense": "83212000", "interestAndDebtExpense": "None", "netIncomeFromContinuingOperations": "254872000", "comprehensiveIncomeNetOfTax": "None", "ebit": "419465000", "ebitda": "576841000", "netIncome": "201602000"}, {"fiscalDateEnding": "2020-03-31", "reportedCurrency": "USD", "grossProfit": "865788000", "totalRevenue": "2841237000", "costOfRevenue": "1975449000", "costofGoodsAndServicesSold": "1975449000", "operatingIncome": "465376000", "sellingGeneralAndAdministrative": "263576000", "researchAndDevelopment": "None", "operatingExpenses": "400412000", "investmentIncomeNet": "None", "netInterestIncome": "-91551000", "interestIncome": "88603000", "interestExpense": "86440000", "nonInterestIncome": "None", "otherNonOperatingIncome": "-4350000", "depreciation": "None", "depreciationAndAmortization": "154679000", "incomeBeforeTax": "369475000", "incomeTaxExpense": "91560000", "interestAndDebtExpense": "None", "netIncomeFromContinuingOperations": "277915000", "comprehensiveIncomeNetOfTax": "None", "ebit": "458078000", "ebitda": "612757000", "netIncome": "239593000"}, {"fiscalDateEnding": "2019-12-31", "reportedCurrency": "USD", "grossProfit": "897959000", "totalRevenue": "2898584000", "costOfRevenue": "2000625000", "costofGoodsAndServicesSold": "2000625000", "operatingIncome": "462588000", "sellingGeneralAndAdministrative": "278425000", "researchAndDevelopment": "None", "operatingExpenses": "435371000", "investmentIncomeNet": "None", "netInterestIncome": "-92050000", "interestIncome": "92050000", "interestExpense": "92050000", "nonInterestIncome": "None", "otherNonOperatingIncome": "11485000", "depreciation": "None", "depreciationAndAmortization": "158467000", "incomeBeforeTax": "382023000", "incomeTaxExpense": "81690000", "interestAndDebtExpense": "None", "netIncomeFromContinuingOperations": "300333000", "comprehensiveIncomeNetOfTax": "None", "ebit": "474073000", "ebitda": "632540000", "netIncome": "244871000"}, {"fiscalDateEnding": "2019-09-30", "reportedCurrency": "USD", "grossProfit": "912906000", "totalRevenue": "2904078000", "costOfRevenue": "1991172000", "costofGoodsAndServicesSold": "1991172000", "operatingIncome": "378336000", "sellingGeneralAndAdministrative": "298736000", "researchAndDevelopment": "None", "operatingExpenses": "534570000", "investmentIncomeNet": "None", "netInterestIncome": "-109831000", "interestIncome": "88589000", "interestExpense": "88589000", "nonInterestIncome": "None", "otherNonOperatingIncome": "5280000", "depreciation": "None", "depreciationAndAmortization": "155915000", "incomeBeforeTax": "273785000", "incomeTaxExpense": "65254000", "interestAndDebtExpense": "None", "netIncomeFromContinuingOperations": "208531000", "comprehensiveIncomeNetOfTax": "None", "ebit": "362374000", "ebitda": "518289000", "netIncome": "143270000"}, {"fiscalDateEnding": "2019-06-30", "reportedCurrency": "USD", "grossProfit": "884952000", "totalRevenue": "2842705000", "costOfRevenue": "1957753000", "costofGoodsAndServicesSold": "1957753000", "operatingIncome": "461886000", "sellingGeneralAndAdministrative": "275338000", "researchAndDevelopment": "None", "operatingExpenses": "423066000", "investmentIncomeNet": "None", "netInterestIncome": "-143826000", "interestIncome": "131666000", "interestExpense": "131666000", "nonInterestIncome": "None", "otherNonOperatingIncome": "5643000", "depreciation": "None", "depreciationAndAmortization": "152242000", "incomeBeforeTax": "323703000", "incomeTaxExpense": "75938000", "interestAndDebtExpense": "None", "netIncomeFromContinuingOperations": "247765000", "comprehensiveIncomeNetOfTax": "None", "ebit": "455369000", "ebitda": "607611000", "netIncome": "273551000"}, {"fiscalDateEnding": "2019-03-31", "reportedCurrency": "USD", "grossProfit": "778177000", "totalRevenue": "2743112000", "costOfRevenue": "1964935000", "costofGoodsAndServicesSold": "1964935000", "operatingIncome": "340507000", "sellingGeneralAndAdministrative": "250813000", "researchAndDevelopment": "None", "operatingExpenses": "437670000", "investmentIncomeNet": "None", "netInterestIncome": "-131519000", "interestIncome": "131519000", "interestExpense": "131519000", "nonInterestIncome": "None", "otherNonOperatingIncome": "6940000", "depreciation": "None", "depreciationAndAmortization": "148528000", "incomeBeforeTax": "215928000", "incomeTaxExpense": "56746000", "interestAndDebtExpense": "None", "netIncomeFromContinuingOperations": "159182000", "comprehensiveIncomeNetOfTax": "None", "ebit": "347447000", "ebitda": "495975000", "netIncome": "149289000"}, {"fiscalDateEnding": "2018-12-31", "reportedCurrency": "USD", "grossProfit": "794055000", "totalRevenue": "2821124000", "costOfRevenue": "2027069000", "costofGoodsAndServicesSold": "2027069000", "operatingIncome": "387908000", "sellingGeneralAndAdministrative": "268532000", "researchAndDevelopment": "0", "operatingExpenses": "406147000", "investmentIncomeNet": "None", "netInterestIncome": "None", "interestIncome": "None", "interestExpense": "128300000", "nonInterestIncome": "None", "otherNonOperatingIncome": "-494000", "depreciation": "None", "depreciationAndAmortization": "155157000", "incomeBeforeTax": "259114000", "incomeTaxExpense": "51748000", "interestAndDebtExpense": "None", "netIncomeFromContinuingOperations": "207366000", "comprehensiveIncomeNetOfTax": "None", "ebit": "387414000", "ebitda": "542571000", "netIncome": "-149772000"}, {"fiscalDateEnding": "2018-09-30", "reportedCurrency": "USD", "grossProfit": "783560000", "totalRevenue": "2847330000", "costOfRevenue": "2063770000", "costofGoodsAndServicesSold": "2063770000", "operatingIncome": "289038000", "sellingGeneralAndAdministrative": "336299000", "researchAndDevelopment": "0", "operatingExpenses": "494522000", "investmentIncomeNet": "None", "netInterestIncome": "None", "interestIncome": "None", "interestExpense": "125927000", "nonInterestIncome": "None", "otherNonOperatingIncome": "4007000", "depreciation": "None", "depreciationAndAmortization": "146000000", "incomeBeforeTax": "167118000", "incomeTaxExpense": "52047000", "interestAndDebtExpense": "None", "netIncomeFromContinuingOperations": "115071000", "comprehensiveIncomeNetOfTax": "None", "ebit": "293045000", "ebitda": "439045000", "netIncome": "-136796000"}, {"fiscalDateEnding": "2018-06-30", "reportedCurrency": "USD", "grossProfit": "817864000", "totalRevenue": "2886953000", "costOfRevenue": "2069089000", "costofGoodsAndServicesSold": "2069089000", "operatingIncome": "438192000", "sellingGeneralAndAdministrative": "264094000", "researchAndDevelopment": "0", "operatingExpenses": "379672000", "investmentIncomeNet": "None", "netInterestIncome": "None", "interestIncome": "None", "interestExpense": "119692000", "nonInterestIncome": "None", "otherNonOperatingIncome": "1994000", "depreciation": "None", "depreciationAndAmortization": "147079000", "incomeBeforeTax": "320494000", "incomeTaxExpense": "83868000", "interestAndDebtExpense": "None", "netIncomeFromContinuingOperations": "236626000", "comprehensiveIncomeNetOfTax": "None", "ebit": "440186000", "ebitda": "587265000", "netIncome": "267276000"}, {"fiscalDateEnding": "2018-03-31", "reportedCurrency": "USD", "grossProfit": "813859000", "totalRevenue": "2849444000", "costOfRevenue": "2035585000", "costofGoodsAndServicesSold": "2035585000", "operatingIncome": "410686000", "sellingGeneralAndAdministrative": "266529000", "researchAndDevelopment": "0", "operatingExpenses": "403173000", "investmentIncomeNet": "None", "netInterestIncome": "None", "interestIncome": "None", "interestExpense": "113516000", "nonInterestIncome": "None", "otherNonOperatingIncome": "4582000", "depreciation": "None", "depreciationAndAmortization": "142799000", "incomeBeforeTax": "301752000", "incomeTaxExpense": "70737000", "interestAndDebtExpense": "None", "netIncomeFromContinuingOperations": "231015000", "comprehensiveIncomeNetOfTax": "None", "ebit": "415268000", "ebitda": "558067000", "netIncome": "178686000"}, {"fiscalDateEnding": "2017-12-31", "reportedCurrency": "USD", "grossProfit": "839226000", "totalRevenue": "2780913000", "costOfRevenue": "1941687000", "costofGoodsAndServicesSold": "1941687000", "operatingIncome": "150337000", "sellingGeneralAndAdministrative": "265424000", "researchAndDevelopment": "0", "operatingExpenses": "688889000", "investmentIncomeNet": "None", "netInterestIncome": "None", "interestIncome": "None", "interestExpense": "108997000", "nonInterestIncome": "None", "otherNonOperatingIncome": "3799000", "depreciation": "None", "depreciationAndAmortization": "144367000", "incomeBeforeTax": "46825000", "incomeTaxExpense": "-150267000", "interestAndDebtExpense": "None", "netIncomeFromContinuingOperations": "586051000", "comprehensiveIncomeNetOfTax": "None", "ebit": "195413000", "ebitda": "339780000", "netIncome": "303396000"}, {"fiscalDateEnding": "2017-09-30", "reportedCurrency": "USD", "grossProfit": "813462000", "totalRevenue": "3922831000", "costOfRevenue": "1951609000", "costofGoodsAndServicesSold": "1951609000", "operatingIncome": "395294000", "sellingGeneralAndAdministrative": "400018000", "researchAndDevelopment": "0", "operatingExpenses": "418168000", "investmentIncomeNet": "None", "netInterestIncome": "None", "interestIncome": "None", "interestExpense": "109623000", "nonInterestIncome": "None", "otherNonOperatingIncome": "4370000", "depreciation": "None", "depreciationAndAmortization": "203283000", "incomeBeforeTax": "-297776000", "incomeTaxExpense": "-125742000", "interestAndDebtExpense": "None", "netIncomeFromContinuingOperations": "-172034000", "comprehensiveIncomeNetOfTax": "None", "ebit": "398690000", "ebitda": "601973000", "netIncome": "-214476000"}, {"fiscalDateEnding": "2017-06-30", "reportedCurrency": "USD", "grossProfit": "804735000", "totalRevenue": "3877477000", "costOfRevenue": "1894664000", "costofGoodsAndServicesSold": "1894664000", "operatingIncome": "391196000", "sellingGeneralAndAdministrative": "382315000", "researchAndDevelopment": "0", "operatingExpenses": "413539000", "investmentIncomeNet": "None", "netInterestIncome": "None", "interestIncome": "None", "interestExpense": "107962000", "nonInterestIncome": "None", "otherNonOperatingIncome": "5253000", "depreciation": "None", "depreciationAndAmortization": "200038000", "incomeBeforeTax": "275607000", "incomeTaxExpense": "113982000", "interestAndDebtExpense": "None", "netIncomeFromContinuingOperations": "161625000", "comprehensiveIncomeNetOfTax": "None", "ebit": "395994000", "ebitda": "596032000", "netIncome": "127001000"}, {"fiscalDateEnding": "2017-03-31", "reportedCurrency": "USD", "grossProfit": "779206000", "totalRevenue": "3697283000", "costOfRevenue": "1852045000", "costofGoodsAndServicesSold": "1852045000", "operatingIncome": "875928000", "sellingGeneralAndAdministrative": "391780000", "researchAndDevelopment": "0", "operatingExpenses": "-96722000", "investmentIncomeNet": "None", "netInterestIncome": "None", "interestIncome": "None", "interestExpense": "104429000", "nonInterestIncome": "None", "otherNonOperatingIncome": "4243000", "depreciation": "None", "depreciationAndAmortization": "190206000", "incomeBeforeTax": "788050000", "incomeTaxExpense": "287765000", "interestAndDebtExpense": "None", "netIncomeFromContinuingOperations": "500285000", "comprehensiveIncomeNetOfTax": "None", "ebit": "879914000", "ebitda": "1070120000", "netIncome": "447697000"}, {"fiscalDateEnding": "2016-12-31", "reportedCurrency": "USD", "grossProfit": "816641000", "totalRevenue": "3715742000", "costOfRevenue": "1882778000", "costofGoodsAndServicesSold": "1882778000", "operatingIncome": "363445000", "sellingGeneralAndAdministrative": "412484000", "researchAndDevelopment": "0", "operatingExpenses": "453196000", "investmentIncomeNet": "None", "netInterestIncome": "None", "interestIncome": "None", "interestExpense": "104023000", "nonInterestIncome": "None", "otherNonOperatingIncome": "667000", "depreciation": "None", "depreciationAndAmortization": "188777000", "incomeBeforeTax": "278072000", "incomeTaxExpense": "89802000", "interestAndDebtExpense": "None", "netIncomeFromContinuingOperations": "188270000", "comprehensiveIncomeNetOfTax": "None", "ebit": "363601000", "ebitda": "552378000", "netIncome": "157726000"}, {"fiscalDateEnding": "2016-09-30", "reportedCurrency": "USD", "grossProfit": "1032947000", "totalRevenue": "3730576000", "costOfRevenue": "2697629000", "costofGoodsAndServicesSold": "2697629000", "operatingIncome": "819156000", "sellingGeneralAndAdministrative": "406890000", "researchAndDevelopment": "0", "operatingExpenses": "213791000", "investmentIncomeNet": "None", "netInterestIncome": "None", "interestIncome": "None", "interestExpense": "104581000", "nonInterestIncome": "None", "otherNonOperatingIncome": "1876000", "depreciation": "None", "depreciationAndAmortization": "181739000", "incomeBeforeTax": "716451000", "incomeTaxExpense": "104301000", "interestAndDebtExpense": "None", "netIncomeFromContinuingOperations": "612150000", "comprehensiveIncomeNetOfTax": "None", "ebit": "821032000", "ebitda": "1002771000", "netIncome": "571332000"}, {"fiscalDateEnding": "2016-06-30", "reportedCurrency": "USD", "grossProfit": "1046626000", "totalRevenue": "3717651000", "costOfRevenue": "2671025000", "costofGoodsAndServicesSold": "2671025000", "operatingIncome": "329070000", "sellingGeneralAndAdministrative": "386895000", "researchAndDevelopment": "0", "operatingExpenses": "717556000", "investmentIncomeNet": "None", "netInterestIncome": "None", "interestIncome": "None", "interestExpense": "102894000", "nonInterestIncome": "None", "otherNonOperatingIncome": "3215000", "depreciation": "None", "depreciationAndAmortization": "180381000", "incomeBeforeTax": "229391000", "incomeTaxExpense": "134888000", "interestAndDebtExpense": "None", "netIncomeFromContinuingOperations": "94503000", "comprehensiveIncomeNetOfTax": "None", "ebit": "332285000", "ebitda": "512666000", "netIncome": "53382000"}, {"fiscalDateEnding": "2016-03-31", "reportedCurrency": "USD", "grossProfit": "998803000", "totalRevenue": "3581136000", "costOfRevenue": "2582333000", "costofGoodsAndServicesSold": "2582333000", "operatingIncome": "364889000", "sellingGeneralAndAdministrative": "386429000", "researchAndDevelopment": "0", "operatingExpenses": "633914000", "investmentIncomeNet": "None", "netInterestIncome": "None", "interestIncome": "None", "interestExpense": "102884000", "nonInterestIncome": "None", "otherNonOperatingIncome": "2976000", "depreciation": "None", "depreciationAndAmortization": "169355000", "incomeBeforeTax": "264981000", "incomeTaxExpense": "126822000", "interestAndDebtExpense": "None", "netIncomeFromContinuingOperations": "138159000", "comprehensiveIncomeNetOfTax": "None", "ebit": "367865000", "ebitda": "537220000", "netIncome": "97434000"}, {"fiscalDateEnding": "2015-12-31", "reportedCurrency": "USD", "grossProfit": "1018458000", "totalRevenue": "3533589000", "costOfRevenue": "2515131000", "costofGoodsAndServicesSold": "2515131000", "operatingIncome": "244935000", "sellingGeneralAndAdministrative": "408882000", "researchAndDevelopment": "0", "operatingExpenses": "773523000", "investmentIncomeNet": "None", "netInterestIncome": "None", "interestIncome": "None", "interestExpense": "103259000", "nonInterestIncome": "None", "otherNonOperatingIncome": "-43441000", "depreciation": "None", "depreciationAndAmortization": "163330000", "incomeBeforeTax": "146307000", "incomeTaxExpense": "111833000", "interestAndDebtExpense": "None", "netIncomeFromContinuingOperations": "34474000", "comprehensiveIncomeNetOfTax": "None", "ebit": "249566000", "ebitda": "412896000", "netIncome": "-6000000"}, {"fiscalDateEnding": "2015-09-30", "reportedCurrency": "USD", "grossProfit": "1024650000", "totalRevenue": "3525665000", "costOfRevenue": "2501015000", "costofGoodsAndServicesSold": "2501015000", "operatingIncome": "509368000", "sellingGeneralAndAdministrative": "353492000", "researchAndDevelopment": "0", "operatingExpenses": "515282000", "investmentIncomeNet": "None", "netInterestIncome": "None", "interestIncome": "None", "interestExpense": "103481000", "nonInterestIncome": "None", "otherNonOperatingIncome": "2484000", "depreciation": "None", "depreciationAndAmortization": "162062000", "incomeBeforeTax": "408371000", "incomeTaxExpense": "147064000", "interestAndDebtExpense": "None", "netIncomeFromContinuingOperations": "261307000", "comprehensiveIncomeNetOfTax": "None", "ebit": "511852000", "ebitda": "673914000", "netIncome": "215872000"}, {"fiscalDateEnding": "2015-06-30", "reportedCurrency": "USD", "grossProfit": "988542000", "totalRevenue": "3434618000", "costOfRevenue": "2446076000", "costofGoodsAndServicesSold": "2446076000", "operatingIncome": "480548000", "sellingGeneralAndAdministrative": "352025000", "researchAndDevelopment": "0", "operatingExpenses": "507994000", "investmentIncomeNet": "None", "netInterestIncome": "None", "interestIncome": "None", "interestExpense": "103638000", "nonInterestIncome": "None", "otherNonOperatingIncome": "2311000", "depreciation": "None", "depreciationAndAmortization": "158843000", "incomeBeforeTax": "330539000", "incomeTaxExpense": "122762000", "interestAndDebtExpense": "None", "netIncomeFromContinuingOperations": "207777000", "comprehensiveIncomeNetOfTax": "None", "ebit": "434787000", "ebitda": "593630000", "netIncome": "170477000"}, {"fiscalDateEnding": "2015-03-31", "reportedCurrency": "USD", "grossProfit": "925353000", "totalRevenue": "3287965000", "costOfRevenue": "2362612000", "costofGoodsAndServicesSold": "2362612000", "operatingIncome": "-64156000", "sellingGeneralAndAdministrative": "341801000", "researchAndDevelopment": "0", "operatingExpenses": "989509000", "investmentIncomeNet": "None", "netInterestIncome": "None", "interestIncome": "None", "interestExpense": "97392000", "nonInterestIncome": "None", "otherNonOperatingIncome": "-533000", "depreciation": "None", "depreciationAndAmortization": "153789000", "incomeBeforeTax": "-162081000", "incomeTaxExpense": "-85933000", "interestAndDebtExpense": "None", "netIncomeFromContinuingOperations": "-76148000", "comprehensiveIncomeNetOfTax": "None", "ebit": "-64689000", "ebitda": "89100000", "netIncome": "-110617000"}, {"fiscalDateEnding": "2014-12-31", "reportedCurrency": "USD", "grossProfit": "961556000", "totalRevenue": "3328017000", "costOfRevenue": "2366461000", "costofGoodsAndServicesSold": "2366461000", "operatingIncome": "452085000", "sellingGeneralAndAdministrative": "355987000", "researchAndDevelopment": "0", "operatingExpenses": "509471000", "investmentIncomeNet": "None", "netInterestIncome": "None", "interestIncome": "None", "interestExpense": "97949000", "nonInterestIncome": "None", "otherNonOperatingIncome": "229000", "depreciation": "None", "depreciationAndAmortization": "153253000", "incomeBeforeTax": "354365000", "incomeTaxExpense": "103977000", "interestAndDebtExpense": "None", "netIncomeFromContinuingOperations": "250388000", "comprehensiveIncomeNetOfTax": "None", "ebit": "452661000", "ebitda": "605914000", "netIncome": "208020000"}, {"fiscalDateEnding": "2014-09-30", "reportedCurrency": "USD", "grossProfit": "925290000", "totalRevenue": "3251824000", "costOfRevenue": "2326534000", "costofGoodsAndServicesSold": "2326534000", "operatingIncome": "437536000", "sellingGeneralAndAdministrative": "322822000", "researchAndDevelopment": "0", "operatingExpenses": "487754000", "investmentIncomeNet": "None", "netInterestIncome": "None", "interestIncome": "None", "interestExpense": "99878000", "nonInterestIncome": "None", "otherNonOperatingIncome": "-1246000", "depreciation": "None", "depreciationAndAmortization": "148865000", "incomeBeforeTax": "336412000", "incomeTaxExpense": "116628000", "interestAndDebtExpense": "None", "netIncomeFromContinuingOperations": "219784000", "comprehensiveIncomeNetOfTax": "None", "ebit": "436621000", "ebitda": "585486000", "netIncome": "184122000"}, {"fiscalDateEnding": "2014-06-30", "reportedCurrency": "USD", "grossProfit": "925951000", "totalRevenue": "3172489000", "costOfRevenue": "2246538000", "costofGoodsAndServicesSold": "2246538000", "operatingIncome": "484295000", "sellingGeneralAndAdministrative": "298636000", "researchAndDevelopment": "0", "operatingExpenses": "441656000", "investmentIncomeNet": "None", "netInterestIncome": "None", "interestIncome": "None", "interestExpense": "104625000", "nonInterestIncome": "None", "otherNonOperatingIncome": "-95855000", "depreciation": "None", "depreciationAndAmortization": "145905000", "incomeBeforeTax": "282308000", "incomeTaxExpense": "100887000", "interestAndDebtExpense": "None", "netIncomeFromContinuingOperations": "181421000", "comprehensiveIncomeNetOfTax": "None", "ebit": "388442000", "ebitda": "534347000", "netIncome": "147683000"}, {"fiscalDateEnding": "2014-03-31", "reportedCurrency": "USD", "grossProfit": "863004000", "totalRevenue": "3042776000", "costOfRevenue": "2179772000", "costofGoodsAndServicesSold": "2179772000", "operatingIncome": "441225000", "sellingGeneralAndAdministrative": "284061000", "researchAndDevelopment": "0", "operatingExpenses": "421779000", "investmentIncomeNet": "None", "netInterestIncome": "None", "interestIncome": "None", "interestExpense": "106335000", "nonInterestIncome": "None", "otherNonOperatingIncome": "1698000", "depreciation": "None", "depreciationAndAmortization": "142565000", "incomeBeforeTax": "336588000", "incomeTaxExpense": "124851000", "interestAndDebtExpense": "None", "netIncomeFromContinuingOperations": "211737000", "comprehensiveIncomeNetOfTax": "None", "ebit": "442937000", "ebitda": "585502000", "netIncome": "183289000"}, {"fiscalDateEnding": "2013-12-31", "reportedCurrency": "USD", "grossProfit": "935377000", "totalRevenue": "3063209000", "costOfRevenue": "2127832000", "costofGoodsAndServicesSold": "2127832000", "operatingIncome": "484179000", "sellingGeneralAndAdministrative": "318827000", "researchAndDevelopment": "0", "operatingExpenses": "451198000", "investmentIncomeNet": "None", "netInterestIncome": "None", "interestIncome": "None", "interestExpense": "107609000", "nonInterestIncome": "None", "otherNonOperatingIncome": "3450000", "depreciation": "None", "depreciationAndAmortization": "138732000", "incomeBeforeTax": "380020000", "incomeTaxExpense": "135747000", "interestAndDebtExpense": "None", "netIncomeFromContinuingOperations": "244273000", "comprehensiveIncomeNetOfTax": "None", "ebit": "488371000", "ebitda": "627103000", "netIncome": "212278000"}, {"fiscalDateEnding": "2013-09-30", "reportedCurrency": "USD", "grossProfit": "904252000", "totalRevenue": "2999586000", "costOfRevenue": "2095334000", "costofGoodsAndServicesSold": "2095334000", "operatingIncome": "377074000", "sellingGeneralAndAdministrative": "305138000", "researchAndDevelopment": "0", "operatingExpenses": "527178000", "investmentIncomeNet": "None", "netInterestIncome": "None", "interestIncome": "None", "interestExpense": "108421000", "nonInterestIncome": "None", "otherNonOperatingIncome": "2113000", "depreciation": "None", "depreciationAndAmortization": "133005000", "incomeBeforeTax": "270766000", "incomeTaxExpense": "100930000", "interestAndDebtExpense": "None", "netIncomeFromContinuingOperations": "169836000", "comprehensiveIncomeNetOfTax": "None", "ebit": "379187000", "ebitda": "512192000", "netIncome": "136628000"}, {"fiscalDateEnding": "2013-06-30", "reportedCurrency": "USD", "grossProfit": "857353000", "totalRevenue": "2871673000", "costOfRevenue": "2014320000", "costofGoodsAndServicesSold": "2014320000", "operatingIncome": "522020000", "sellingGeneralAndAdministrative": "268110000", "researchAndDevelopment": "0", "operatingExpenses": "335333000", "investmentIncomeNet": "None", "netInterestIncome": "None", "interestIncome": "None", "interestExpense": "108096000", "nonInterestIncome": "None", "otherNonOperatingIncome": "-1374000", "depreciation": "None", "depreciationAndAmortization": "130626000", "incomeBeforeTax": "412550000", "incomeTaxExpense": "129192000", "interestAndDebtExpense": "None", "netIncomeFromContinuingOperations": "283358000", "comprehensiveIncomeNetOfTax": "None", "ebit": "520646000", "ebitda": "651272000", "netIncome": "254376000"}, {"fiscalDateEnding": "2013-03-31", "reportedCurrency": "USD", "grossProfit": "868691000", "totalRevenue": "2829582000", "costOfRevenue": "1960891000", "costofGoodsAndServicesSold": "1960891000", "operatingIncome": "166861000", "sellingGeneralAndAdministrative": "291372000", "researchAndDevelopment": "0", "operatingExpenses": "701830000", "investmentIncomeNet": "None", "netInterestIncome": "None", "interestIncome": "None", "interestExpense": "105817000", "nonInterestIncome": "None", "otherNonOperatingIncome": "598000", "depreciation": "None", "depreciationAndAmortization": "125756000", "incomeBeforeTax": "61642000", "incomeTaxExpense": "15144000", "interestAndDebtExpense": "None", "netIncomeFromContinuingOperations": "46498000", "comprehensiveIncomeNetOfTax": "None", "ebit": "167612000", "ebitda": "293368000", "netIncome": "30164000"}, {"fiscalDateEnding": "2012-12-31", "reportedCurrency": "USD", "grossProfit": "764410000", "totalRevenue": "2477853000", "costOfRevenue": "1662529000", "costofGoodsAndServicesSold": "1662529000", "operatingIncome": "387623000", "sellingGeneralAndAdministrative": "278469000", "researchAndDevelopment": "0", "operatingExpenses": "376787000", "investmentIncomeNet": "None", "netInterestIncome": "None", "interestIncome": "None", "interestExpense": "98032000", "nonInterestIncome": "None", "otherNonOperatingIncome": "-9924000", "depreciation": "None", "depreciationAndAmortization": "109540000", "incomeBeforeTax": "282162000", "incomeTaxExpense": "97902000", "interestAndDebtExpense": "None", "netIncomeFromContinuingOperations": "184022000", "comprehensiveIncomeNetOfTax": "None", "ebit": "377699000", "ebitda": "487239000", "netIncome": "155839000"}, {"fiscalDateEnding": "2012-09-30", "reportedCurrency": "USD", "grossProfit": "618515000", "totalRevenue": "1962966000", "costOfRevenue": "1327373000", "costofGoodsAndServicesSold": "1327373000", "operatingIncome": "340885000", "sellingGeneralAndAdministrative": "201198000", "researchAndDevelopment": "0", "operatingExpenses": "277630000", "investmentIncomeNet": "None", "netInterestIncome": "None", "interestIncome": "None", "interestExpense": "70494000", "nonInterestIncome": "None", "otherNonOperatingIncome": "819000", "depreciation": "None", "depreciationAndAmortization": "80586000", "incomeBeforeTax": "271184000", "incomeTaxExpense": "98634000", "interestAndDebtExpense": "None", "netIncomeFromContinuingOperations": "172550000", "comprehensiveIncomeNetOfTax": "None", "ebit": "341704000", "ebitda": "422290000", "netIncome": "144721000"}, {"fiscalDateEnding": "2012-06-30", "reportedCurrency": "USD", "grossProfit": "613684000", "totalRevenue": "1929740000", "costOfRevenue": "1299322000", "costofGoodsAndServicesSold": "1299322000", "operatingIncome": "247261000", "sellingGeneralAndAdministrative": "292621000", "researchAndDevelopment": "0", "operatingExpenses": "366423000", "investmentIncomeNet": "None", "netInterestIncome": "None", "interestIncome": "None", "interestExpense": "60709000", "nonInterestIncome": "None", "otherNonOperatingIncome": "840000", "depreciation": "None", "depreciationAndAmortization": "77807000", "incomeBeforeTax": "188013000", "incomeTaxExpense": "68009000", "interestAndDebtExpense": "None", "netIncomeFromContinuingOperations": "120004000", "comprehensiveIncomeNetOfTax": "None", "ebit": "248101000", "ebitda": "325908000", "netIncome": "95337000"}, {"fiscalDateEnding": "2012-03-31", "reportedCurrency": "USD", "grossProfit": "600138000", "totalRevenue": "1866635000", "costOfRevenue": "1249395000", "costofGoodsAndServicesSold": "1249395000", "operatingIncome": "320882000", "sellingGeneralAndAdministrative": "207389000", "researchAndDevelopment": "0", "operatingExpenses": "279256000", "investmentIncomeNet": "None", "netInterestIncome": "None", "interestIncome": "None", "interestExpense": "61381000", "nonInterestIncome": "None", "otherNonOperatingIncome": "1039000", "depreciation": "None", "depreciationAndAmortization": "75975000", "incomeBeforeTax": "260378000", "incomeTaxExpense": "95495000", "interestAndDebtExpense": "None", "netIncomeFromContinuingOperations": "164883000", "comprehensiveIncomeNetOfTax": "None", "ebit": "321921000", "ebitda": "397896000", "netIncome": "140120000"}, {"fiscalDateEnding": "2011-12-31", "reportedCurrency": "USD", "grossProfit": "648406000", "totalRevenue": "1862318000", "costOfRevenue": "1213912000", "costofGoodsAndServicesSold": "1213912000", "operatingIncome": "330112000", "sellingGeneralAndAdministrative": "193210000", "researchAndDevelopment": "0", "operatingExpenses": "318294000", "investmentIncomeNet": "None", "netInterestIncome": "None", "interestIncome": "None", "interestExpense": "61750000", "nonInterestIncome": "None", "otherNonOperatingIncome": "787000", "depreciation": "None", "depreciationAndAmortization": "72987000", "incomeBeforeTax": "269149000", "incomeTaxExpense": "91710000", "interestAndDebtExpense": "None", "netIncomeFromContinuingOperations": "177055000", "comprehensiveIncomeNetOfTax": "None", "ebit": "330899000", "ebitda": "403886000", "netIncome": "148123000"}, {"fiscalDateEnding": "2011-09-30", "reportedCurrency": "USD", "grossProfit": "568192000", "totalRevenue": "1807869000", "costOfRevenue": "1189638000", "costofGoodsAndServicesSold": "1189638000", "operatingIncome": "318712000", "sellingGeneralAndAdministrative": "182638000", "researchAndDevelopment": "0", "operatingExpenses": "249480000", "investmentIncomeNet": "None", "netInterestIncome": "None", "interestIncome": "None", "interestExpense": "60848000", "nonInterestIncome": "None", "otherNonOperatingIncome": "798000", "depreciation": "None", "depreciationAndAmortization": "67821000", "incomeBeforeTax": "258662000", "incomeTaxExpense": "94204000", "interestAndDebtExpense": "None", "netIncomeFromContinuingOperations": "164458000", "comprehensiveIncomeNetOfTax": "None", "ebit": "319510000", "ebitda": "387331000", "netIncome": "135361000"}, {"fiscalDateEnding": "2011-06-30", "reportedCurrency": "USD", "grossProfit": "498097000", "totalRevenue": "1711529000", "costOfRevenue": "1163136000", "costofGoodsAndServicesSold": "1163136000", "operatingIncome": "246624000", "sellingGeneralAndAdministrative": "163793000", "researchAndDevelopment": "0", "operatingExpenses": "251473000", "investmentIncomeNet": "None", "netInterestIncome": "None", "interestIncome": "None", "interestExpense": "59897000", "nonInterestIncome": "None", "otherNonOperatingIncome": "556000", "depreciation": "None", "depreciationAndAmortization": "64470000", "incomeBeforeTax": "187705000", "incomeTaxExpense": "67040000", "interestAndDebtExpense": "None", "netIncomeFromContinuingOperations": "120665000", "comprehensiveIncomeNetOfTax": "None", "ebit": "247180000", "ebitda": "311650000", "netIncome": "100015000"}, {"fiscalDateEnding": "2011-03-31", "reportedCurrency": "USD", "grossProfit": "448227000", "totalRevenue": "1605958000", "costOfRevenue": "1114086000", "costofGoodsAndServicesSold": "1114086000", "operatingIncome": "235334000", "sellingGeneralAndAdministrative": "151602000", "researchAndDevelopment": "0", "operatingExpenses": "212893000", "investmentIncomeNet": "None", "netInterestIncome": "None", "interestIncome": "None", "interestExpense": "58595000", "nonInterestIncome": "None", "otherNonOperatingIncome": "841000", "depreciation": "None", "depreciationAndAmortization": "62037000", "incomeBeforeTax": "177799000", "incomeTaxExpense": "63047000", "interestAndDebtExpense": "None", "netIncomeFromContinuingOperations": "114752000", "comprehensiveIncomeNetOfTax": "None", "ebit": "236175000", "ebitda": "298212000", "netIncome": "94502000"}, {"fiscalDateEnding": "2010-12-31", "reportedCurrency": "USD", "grossProfit": "514405000", "totalRevenue": "1649417000", "costOfRevenue": "1135012000", "costofGoodsAndServicesSold": "1135012000", "operatingIncome": "255405000", "sellingGeneralAndAdministrative": "157578000", "researchAndDevelopment": "0", "operatingExpenses": "259000000", "investmentIncomeNet": "None", "netInterestIncome": "None", "interestIncome": "None", "interestExpense": "53879000", "nonInterestIncome": "None", "otherNonOperatingIncome": "1091000", "depreciation": "None", "depreciationAndAmortization": "60071000", "incomeBeforeTax": "132362000", "incomeTaxExpense": "39917000", "interestAndDebtExpense": "None", "netIncomeFromContinuingOperations": "92445000", "comprehensiveIncomeNetOfTax": "None", "ebit": "186241000", "ebitda": "246312000", "netIncome": "69020000"}, {"fiscalDateEnding": "2010-09-30", "reportedCurrency": "USD", "grossProfit": "505083000", "totalRevenue": "1651649000", "costOfRevenue": "1144474000", "costofGoodsAndServicesSold": "1144474000", "operatingIncome": "256745000", "sellingGeneralAndAdministrative": "148041000", "researchAndDevelopment": "0", "operatingExpenses": "248338000", "investmentIncomeNet": "None", "netInterestIncome": "None", "interestIncome": "None", "interestExpense": "39490000", "nonInterestIncome": "None", "otherNonOperatingIncome": "759000", "depreciation": "None", "depreciationAndAmortization": "58486000", "incomeBeforeTax": "217860000", "incomeTaxExpense": "74979000", "interestAndDebtExpense": "None", "netIncomeFromContinuingOperations": "142881000", "comprehensiveIncomeNetOfTax": "None", "ebit": "257504000", "ebitda": "315990000", "netIncome": "119387000"}, {"fiscalDateEnding": "2010-06-30", "reportedCurrency": "USD", "grossProfit": "476355000", "totalRevenue": "1586907000", "costOfRevenue": "1110552000", "costofGoodsAndServicesSold": "1110552000", "operatingIncome": "242365000", "sellingGeneralAndAdministrative": "136104000", "researchAndDevelopment": "0", "operatingExpenses": "233990000", "investmentIncomeNet": "None", "netInterestIncome": "None", "interestIncome": "None", "interestExpense": "43655000", "nonInterestIncome": "None", "otherNonOperatingIncome": "739000", "depreciation": "None", "depreciationAndAmortization": "58353000", "incomeBeforeTax": "195322000", "incomeTaxExpense": "71429000", "interestAndDebtExpense": "None", "netIncomeFromContinuingOperations": "123893000", "comprehensiveIncomeNetOfTax": "None", "ebit": "238977000", "ebitda": "297330000", "netIncome": "107853000"}, {"fiscalDateEnding": "2010-03-31", "reportedCurrency": "USD", "grossProfit": "476629000", "totalRevenue": "1559418000", "costOfRevenue": "1082789000", "costofGoodsAndServicesSold": "1082789000", "operatingIncome": "242666000", "sellingGeneralAndAdministrative": "137277000", "researchAndDevelopment": "0", "operatingExpenses": "233963000", "investmentIncomeNet": "None", "netInterestIncome": "None", "interestIncome": "None", "interestExpense": "44583000", "nonInterestIncome": "None", "otherNonOperatingIncome": "831000", "depreciation": "None", "depreciationAndAmortization": "57468000", "incomeBeforeTax": "198914000", "incomeTaxExpense": "73914000", "interestAndDebtExpense": "None", "netIncomeFromContinuingOperations": "125000000", "comprehensiveIncomeNetOfTax": "None", "ebit": "243497000", "ebitda": "300965000", "netIncome": "109423000"}, {"fiscalDateEnding": "2009-12-31", "reportedCurrency": "USD", "grossProfit": "473158000", "totalRevenue": "1568204000", "costOfRevenue": "1095046000", "costofGoodsAndServicesSold": "1095046000", "operatingIncome": "238712000", "sellingGeneralAndAdministrative": "137161000", "researchAndDevelopment": "0", "operatingExpenses": "234446000", "investmentIncomeNet": "None", "netInterestIncome": "None", "interestIncome": "None", "interestExpense": "44831000", "nonInterestIncome": "None", "otherNonOperatingIncome": "None", "depreciation": "None", "depreciationAndAmortization": "56865000", "incomeBeforeTax": "194563000", "incomeTaxExpense": "68980000", "interestAndDebtExpense": "None", "netIncomeFromContinuingOperations": "0", "comprehensiveIncomeNetOfTax": "None", "ebit": "239394000", "ebitda": "296259000", "netIncome": "109724000"}, {"fiscalDateEnding": "2009-09-30", "reportedCurrency": "USD", "grossProfit": "478058000", "totalRevenue": "1573915000", "costOfRevenue": "1095857000", "costofGoodsAndServicesSold": "1095857000", "operatingIncome": "245001000", "sellingGeneralAndAdministrative": "134931000", "researchAndDevelopment": "0", "operatingExpenses": "233057000", "investmentIncomeNet": "None", "netInterestIncome": "None", "interestIncome": "None", "interestExpense": "45535000", "nonInterestIncome": "None", "otherNonOperatingIncome": "999000", "depreciation": "None", "depreciationAndAmortization": "56813000", "incomeBeforeTax": "200465000", "incomeTaxExpense": "74195000", "interestAndDebtExpense": "None", "netIncomeFromContinuingOperations": "126270000", "comprehensiveIncomeNetOfTax": "None", "ebit": "246000000", "ebitda": "302813000", "netIncome": "110930000"}, {"fiscalDateEnding": "2009-06-30", "reportedCurrency": "USD", "grossProfit": "467162000", "totalRevenue": "1519041000", "costOfRevenue": "1051879000", "costofGoodsAndServicesSold": "1051879000", "operatingIncome": "235954000", "sellingGeneralAndAdministrative": "132166000", "researchAndDevelopment": "0", "operatingExpenses": "231208000", "investmentIncomeNet": "None", "netInterestIncome": "None", "interestIncome": "None", "interestExpense": "47088000", "nonInterestIncome": "None", "otherNonOperatingIncome": "None", "depreciation": "None", "depreciationAndAmortization": "58185000", "incomeBeforeTax": "190139000", "incomeTaxExpense": "70507000", "interestAndDebtExpense": "None", "netIncomeFromContinuingOperations": "0", "comprehensiveIncomeNetOfTax": "None", "ebit": "237227000", "ebitda": "295412000", "netIncome": "105819000"}, {"fiscalDateEnding": "2009-03-31", "reportedCurrency": "USD", "grossProfit": "441754000", "totalRevenue": "1447640000", "costOfRevenue": "1005886000", "costofGoodsAndServicesSold": "1005886000", "operatingIncome": "220604000", "sellingGeneralAndAdministrative": "127273000", "researchAndDevelopment": "0", "operatingExpenses": "221150000", "investmentIncomeNet": "None", "netInterestIncome": "None", "interestIncome": "None", "interestExpense": "48301000", "nonInterestIncome": "None", "otherNonOperatingIncome": "None", "depreciation": "None", "depreciationAndAmortization": "57123000", "incomeBeforeTax": "173057000", "incomeTaxExpense": "64783000", "interestAndDebtExpense": "None", "netIncomeFromContinuingOperations": "0", "comprehensiveIncomeNetOfTax": "None", "ebit": "221358000", "ebitda": "278481000", "netIncome": "96211000"}, {"fiscalDateEnding": "2008-12-31", "reportedCurrency": "USD", "grossProfit": "449666000", "totalRevenue": "1461010000", "costOfRevenue": "1011344000", "costofGoodsAndServicesSold": "1011344000", "operatingIncome": "211600000", "sellingGeneralAndAdministrative": "170455000", "researchAndDevelopment": "0", "operatingExpenses": "238066000", "investmentIncomeNet": "None", "netInterestIncome": "None", "interestIncome": "None", "interestExpense": "51665000", "nonInterestIncome": "None", "otherNonOperatingIncome": "None", "depreciation": "None", "depreciationAndAmortization": "56244000", "incomeBeforeTax": "157855000", "incomeTaxExpense": "59490000", "interestAndDebtExpense": "None", "netIncomeFromContinuingOperations": "0", "comprehensiveIncomeNetOfTax": "None", "ebit": "211600000", "ebitda": "267844000", "netIncome": "98365000"}, {"fiscalDateEnding": "2008-09-30", "reportedCurrency": "USD", "grossProfit": "441487000", "totalRevenue": "1447135000", "costOfRevenue": "1005648000", "costofGoodsAndServicesSold": "1005648000", "operatingIncome": "207884000", "sellingGeneralAndAdministrative": "165922000", "researchAndDevelopment": "0", "operatingExpenses": "233603000", "investmentIncomeNet": "None", "netInterestIncome": "None", "interestIncome": "None", "interestExpense": "49543000", "nonInterestIncome": "None", "otherNonOperatingIncome": "None", "depreciation": "None", "depreciationAndAmortization": "54970000", "incomeBeforeTax": "155860000", "incomeTaxExpense": "61950000", "interestAndDebtExpense": "None", "netIncomeFromContinuingOperations": "0", "comprehensiveIncomeNetOfTax": "None", "ebit": "207884000", "ebitda": "262854000", "netIncome": "93910000"}, {"fiscalDateEnding": "2008-06-30", "reportedCurrency": "USD", "grossProfit": "434018000", "totalRevenue": "1407304000", "costOfRevenue": "973286000", "costofGoodsAndServicesSold": "973286000", "operatingIncome": "218434000", "sellingGeneralAndAdministrative": "162696000", "researchAndDevelopment": "0", "operatingExpenses": "215584000", "investmentIncomeNet": "None", "netInterestIncome": "None", "interestIncome": "None", "interestExpense": "49346000", "nonInterestIncome": "None", "otherNonOperatingIncome": "None", "depreciation": "None", "depreciationAndAmortization": "52892000", "incomeBeforeTax": "153221000", "incomeTaxExpense": "58270000", "interestAndDebtExpense": "None", "netIncomeFromContinuingOperations": "0", "comprehensiveIncomeNetOfTax": "None", "ebit": "221421000", "ebitda": "274313000", "netIncome": "94951000"}, {"fiscalDateEnding": "2008-03-31", "reportedCurrency": "USD", "grossProfit": "414515000", "totalRevenue": "1344724000", "costOfRevenue": "930209000", "costofGoodsAndServicesSold": "930209000", "operatingIncome": "205781000", "sellingGeneralAndAdministrative": "155396000", "researchAndDevelopment": "0", "operatingExpenses": "208734000", "investmentIncomeNet": "None", "netInterestIncome": "None", "interestIncome": "None", "interestExpense": "49340000", "nonInterestIncome": "None", "otherNonOperatingIncome": "None", "depreciation": "None", "depreciationAndAmortization": "52811000", "incomeBeforeTax": "142524000", "incomeTaxExpense": "55590000", "interestAndDebtExpense": "None", "netIncomeFromContinuingOperations": "0", "comprehensiveIncomeNetOfTax": "None", "ebit": "210644000", "ebitda": "263455000", "netIncome": "86934000"}, {"fiscalDateEnding": "2007-12-31", "reportedCurrency": "USD", "grossProfit": "427366000", "totalRevenue": "1354869000", "costOfRevenue": "927503000", "costofGoodsAndServicesSold": "927503000", "operatingIncome": "195263000", "sellingGeneralAndAdministrative": "169983000", "researchAndDevelopment": "0", "operatingExpenses": "232103000", "investmentIncomeNet": "None", "netInterestIncome": "None", "interestIncome": "None", "interestExpense": "51993000", "nonInterestIncome": "None", "otherNonOperatingIncome": "None", "depreciation": "None", "depreciationAndAmortization": "51392000", "incomeBeforeTax": "137941000", "incomeTaxExpense": "52224000", "interestAndDebtExpense": "None", "netIncomeFromContinuingOperations": "0", "comprehensiveIncomeNetOfTax": "None", "ebit": "195263000", "ebitda": "246655000", "netIncome": "85717000"}, {"fiscalDateEnding": "2007-09-30", "reportedCurrency": "USD", "grossProfit": "428138000", "totalRevenue": "1318381000", "costOfRevenue": "890243000", "costofGoodsAndServicesSold": "890243000", "operatingIncome": "212412000", "sellingGeneralAndAdministrative": "154703000", "researchAndDevelopment": "0", "operatingExpenses": "215726000", "investmentIncomeNet": "None", "netInterestIncome": "None", "interestIncome": "None", "interestExpense": "50159000", "nonInterestIncome": "None", "otherNonOperatingIncome": "None", "depreciation": "None", "depreciationAndAmortization": "49230000", "incomeBeforeTax": "155975000", "incomeTaxExpense": "61520000", "interestAndDebtExpense": "None", "netIncomeFromContinuingOperations": "0", "comprehensiveIncomeNetOfTax": "None", "ebit": "212412000", "ebitda": "261642000", "netIncome": "94455000"}, {"fiscalDateEnding": "2007-06-30", "reportedCurrency": "USD", "grossProfit": "421722000", "totalRevenue": "1312735000", "costOfRevenue": "891013000", "costofGoodsAndServicesSold": "891013000", "operatingIncome": "261217000", "sellingGeneralAndAdministrative": "156376000", "researchAndDevelopment": "0", "operatingExpenses": "160505000", "investmentIncomeNet": "None", "netInterestIncome": "None", "interestIncome": "None", "interestExpense": "7680000", "nonInterestIncome": "None", "otherNonOperatingIncome": "None", "depreciation": "None", "depreciationAndAmortization": "47058000", "incomeBeforeTax": "205964000", "incomeTaxExpense": "80940000", "interestAndDebtExpense": "None", "netIncomeFromContinuingOperations": "0", "comprehensiveIncomeNetOfTax": "None", "ebit": "261217000", "ebitda": "308275000", "netIncome": "125024000"}, {"fiscalDateEnding": "2007-03-31", "reportedCurrency": "USD", "grossProfit": "396581000", "totalRevenue": "1278166000", "costOfRevenue": "881585000", "costofGoodsAndServicesSold": "881585000", "operatingIncome": "193317000", "sellingGeneralAndAdministrative": "146856000", "researchAndDevelopment": "0", "operatingExpenses": "203264000", "investmentIncomeNet": "None", "netInterestIncome": "None", "interestIncome": "None", "interestExpense": "62480000", "nonInterestIncome": "None", "otherNonOperatingIncome": "None", "depreciation": "None", "depreciationAndAmortization": "45790000", "incomeBeforeTax": "127642000", "incomeTaxExpense": "51060000", "interestAndDebtExpense": "None", "netIncomeFromContinuingOperations": "0", "comprehensiveIncomeNetOfTax": "None", "ebit": "193317000", "ebitda": "239107000", "netIncome": "76582000"}, {"fiscalDateEnding": "2006-12-31", "reportedCurrency": "USD", "grossProfit": "400061000", "totalRevenue": "1272617000", "costOfRevenue": "872556000", "costofGoodsAndServicesSold": "872556000", "operatingIncome": "188511000", "sellingGeneralAndAdministrative": "157365000", "researchAndDevelopment": "0", "operatingExpenses": "211550000", "investmentIncomeNet": "None", "netInterestIncome": "None", "interestIncome": "None", "interestExpense": "340783000", "nonInterestIncome": "None", "otherNonOperatingIncome": "None", "depreciation": "None", "depreciationAndAmortization": "45209000", "incomeBeforeTax": "121519000", "incomeTaxExpense": "47390000", "interestAndDebtExpense": "None", "netIncomeFromContinuingOperations": "0", "comprehensiveIncomeNetOfTax": "None", "ebit": "188511000", "ebitda": "233720000", "netIncome": "74129000"}, {"fiscalDateEnding": "2006-09-30", "reportedCurrency": "USD", "grossProfit": "379992000", "totalRevenue": "1237041000", "costOfRevenue": "857049000", "costofGoodsAndServicesSold": "857049000", "operatingIncome": "217094000", "sellingGeneralAndAdministrative": "145432000", "researchAndDevelopment": "0", "operatingExpenses": "162898000", "investmentIncomeNet": "None", "netInterestIncome": "None", "interestIncome": "None", "interestExpense": "21629000", "nonInterestIncome": "None", "otherNonOperatingIncome": "None", "depreciation": "None", "depreciationAndAmortization": "44478000", "incomeBeforeTax": "152461000", "incomeTaxExpense": "59370000", "interestAndDebtExpense": "None", "netIncomeFromContinuingOperations": "0", "comprehensiveIncomeNetOfTax": "None", "ebit": "217094000", "ebitda": "261572000", "netIncome": "94856000"}, {"fiscalDateEnding": "2006-06-30", "reportedCurrency": "USD", "grossProfit": "364843000", "totalRevenue": "1207816000", "costOfRevenue": "842973000", "costofGoodsAndServicesSold": "842973000", "operatingIncome": "171752000", "sellingGeneralAndAdministrative": "142674000", "researchAndDevelopment": "0", "operatingExpenses": "193091000", "investmentIncomeNet": "None", "netInterestIncome": "None", "interestIncome": "None", "interestExpense": "63582000", "nonInterestIncome": "None", "otherNonOperatingIncome": "None", "depreciation": "None", "depreciationAndAmortization": "41717000", "incomeBeforeTax": "106289000", "incomeTaxExpense": "41960000", "interestAndDebtExpense": "None", "netIncomeFromContinuingOperations": "0", "comprehensiveIncomeNetOfTax": "None", "ebit": "171752000", "ebitda": "213469000", "netIncome": "63237000"}, {"fiscalDateEnding": "2006-03-31", "reportedCurrency": "USD", "grossProfit": "345415000", "totalRevenue": "1163188000", "costOfRevenue": "817773000", "costofGoodsAndServicesSold": "817773000", "operatingIncome": "162075000", "sellingGeneralAndAdministrative": "134248000", "researchAndDevelopment": "0", "operatingExpenses": "183340000", "investmentIncomeNet": "None", "netInterestIncome": "None", "interestIncome": "None", "interestExpense": "63022000", "nonInterestIncome": "None", "otherNonOperatingIncome": "None", "depreciation": "None", "depreciationAndAmortization": "41891000", "incomeBeforeTax": "95490000", "incomeTaxExpense": "37710000", "interestAndDebtExpense": "None", "netIncomeFromContinuingOperations": "0", "comprehensiveIncomeNetOfTax": "None", "ebit": "162075000", "ebitda": "203966000", "netIncome": "57469000"}, {"fiscalDateEnding": "2005-12-31", "reportedCurrency": "USD", "grossProfit": "306147000", "totalRevenue": "1038093000", "costOfRevenue": "731946000", "costofGoodsAndServicesSold": "731946000", "operatingIncome": "136722000", "sellingGeneralAndAdministrative": "124983000", "researchAndDevelopment": "0", "operatingExpenses": "169425000", "investmentIncomeNet": "None", "netInterestIncome": "None", "interestIncome": "None", "interestExpense": "47909000", "nonInterestIncome": "None", "otherNonOperatingIncome": "None", "depreciation": "None", "depreciationAndAmortization": "42639000", "incomeBeforeTax": "65728000", "incomeTaxExpense": "22800000", "interestAndDebtExpense": "None", "netIncomeFromContinuingOperations": "0", "comprehensiveIncomeNetOfTax": "None", "ebit": "136722000", "ebitda": "179361000", "netIncome": "64149000"}]}