{"symbol": "LNT", "annualReports": [{"fiscalDateEnding": "2024-12-31", "reportedCurrency": "USD", "grossProfit": "1780000000", "totalRevenue": "3981000000", "costOfRevenue": "2201000000", "costofGoodsAndServicesSold": "2201000000", "operatingIncome": "886000000", "sellingGeneralAndAdministrative": "None", "researchAndDevelopment": "None", "operatingExpenses": "894000000", "investmentIncomeNet": "None", "netInterestIncome": "-428000000", "interestIncome": "21000000", "interestExpense": "449000000", "nonInterestIncome": "None", "otherNonOperatingIncome": "None", "depreciation": "None", "depreciationAndAmortization": "772000000", "incomeBeforeTax": "576000000", "incomeTaxExpense": "-114000000", "interestAndDebtExpense": "None", "netIncomeFromContinuingOperations": "690000000", "comprehensiveIncomeNetOfTax": "None", "ebit": "1025000000", "ebitda": "1797000000", "netIncome": "690000000"}, {"fiscalDateEnding": "2023-12-31", "reportedCurrency": "USD", "grossProfit": "1734000000", "totalRevenue": "4027000000", "costOfRevenue": "2293000000", "costofGoodsAndServicesSold": "2293000000", "operatingIncome": "943000000", "sellingGeneralAndAdministrative": "None", "researchAndDevelopment": "None", "operatingExpenses": "791000000", "investmentIncomeNet": "None", "netInterestIncome": "-379000000", "interestIncome": "26000000", "interestExpense": "394000000", "nonInterestIncome": "None", "otherNonOperatingIncome": "None", "depreciation": "None", "depreciationAndAmortization": "676000000", "incomeBeforeTax": "707000000", "incomeTaxExpense": "4000000", "interestAndDebtExpense": "None", "netIncomeFromContinuingOperations": "689000000", "comprehensiveIncomeNetOfTax": "None", "ebit": "1101000000", "ebitda": "1777000000", "netIncome": "703000000"}, {"fiscalDateEnding": "2022-12-31", "reportedCurrency": "USD", "grossProfit": "1709000000", "totalRevenue": "4205000000", "costOfRevenue": "2496000000", "costofGoodsAndServicesSold": "2496000000", "operatingIncome": "928000000", "sellingGeneralAndAdministrative": "814000000", "researchAndDevelopment": "None", "operatingExpenses": "781000000", "investmentIncomeNet": "None", "netInterestIncome": "-325000000", "interestIncome": "16000000", "interestExpense": "325000000", "nonInterestIncome": "None", "otherNonOperatingIncome": "105000000", "depreciation": "None", "depreciationAndAmortization": "671000000", "incomeBeforeTax": "708000000", "incomeTaxExpense": "22000000", "interestAndDebtExpense": "None", "netIncomeFromContinuingOperations": "686000000", "comprehensiveIncomeNetOfTax": "None", "ebit": "1017000000", "ebitda": "1688000000", "netIncome": "686000000"}, {"fiscalDateEnding": "2021-12-31", "reportedCurrency": "USD", "grossProfit": "1556000000", "totalRevenue": "3669000000", "costOfRevenue": "2113000000", "costofGoodsAndServicesSold": "2113000000", "operatingIncome": "795000000", "sellingGeneralAndAdministrative": "780000000", "researchAndDevelopment": "None", "operatingExpenses": "761000000", "investmentIncomeNet": "None", "netInterestIncome": "-277000000", "interestIncome": "None", "interestExpense": "284000000", "nonInterestIncome": "None", "otherNonOperatingIncome": "82000000", "depreciation": "None", "depreciationAndAmortization": "657000000", "incomeBeforeTax": "600000000", "incomeTaxExpense": "-74000000", "interestAndDebtExpense": "None", "netIncomeFromContinuingOperations": "674000000", "comprehensiveIncomeNetOfTax": "None", "ebit": "884000000", "ebitda": "1541000000", "netIncome": "674000000"}, {"fiscalDateEnding": "2020-12-31", "reportedCurrency": "USD", "grossProfit": "1463000000", "totalRevenue": "3416000000", "costOfRevenue": "1953000000", "costofGoodsAndServicesSold": "1953000000", "operatingIncome": "740000000", "sellingGeneralAndAdministrative": "778000000", "researchAndDevelopment": "None", "operatingExpenses": "723000000", "investmentIncomeNet": "None", "netInterestIncome": "-275000000", "interestIncome": "None", "interestExpense": "291000000", "nonInterestIncome": "None", "otherNonOperatingIncome": "102000000", "depreciation": "None", "depreciationAndAmortization": "615000000", "incomeBeforeTax": "567000000", "incomeTaxExpense": "-57000000", "interestAndDebtExpense": "None", "netIncomeFromContinuingOperations": "624000000", "comprehensiveIncomeNetOfTax": "None", "ebit": "826000000", "ebitda": "1441000000", "netIncome": "624000000"}, {"fiscalDateEnding": "2019-12-31", "reportedCurrency": "USD", "grossProfit": "1456000000", "totalRevenue": "3648000000", "costOfRevenue": "2192000000", "costofGoodsAndServicesSold": "2192000000", "operatingIncome": "778000000", "sellingGeneralAndAdministrative": "823000000", "researchAndDevelopment": "None", "operatingExpenses": "678000000", "investmentIncomeNet": "None", "netInterestIncome": "-272900000", "interestIncome": "127200000", "interestExpense": "300000000", "nonInterestIncome": "None", "otherNonOperatingIncome": "131300000", "depreciation": "None", "depreciationAndAmortization": "567000000", "incomeBeforeTax": "636000000", "incomeTaxExpense": "69000000", "interestAndDebtExpense": "None", "netIncomeFromContinuingOperations": "567400000", "comprehensiveIncomeNetOfTax": "None", "ebit": "936000000", "ebitda": "1503000000", "netIncome": "567000000"}, {"fiscalDateEnding": "2018-12-31", "reportedCurrency": "USD", "grossProfit": "1305500000", "totalRevenue": "3534500000", "costOfRevenue": "2229000000", "costofGoodsAndServicesSold": "2229000000", "operatingIncome": "694400000", "sellingGeneralAndAdministrative": "750200000", "researchAndDevelopment": "0", "operatingExpenses": "611000000", "investmentIncomeNet": "None", "netInterestIncome": "-247000000", "interestIncome": "116800000", "interestExpense": "272000000", "nonInterestIncome": "None", "otherNonOperatingIncome": "122600000", "depreciation": "None", "depreciationAndAmortization": "517500000", "incomeBeforeTax": "570000000", "incomeTaxExpense": "48000000", "interestAndDebtExpense": "None", "netIncomeFromContinuingOperations": "522300000", "comprehensiveIncomeNetOfTax": "None", "ebit": "806400000", "ebitda": "1323900000", "netIncome": "522000000"}, {"fiscalDateEnding": "2017-12-31", "reportedCurrency": "USD", "grossProfit": "1238600000", "totalRevenue": "3382200000", "costOfRevenue": "2143600000", "costofGoodsAndServicesSold": "2143600000", "operatingIncome": "653400000", "sellingGeneralAndAdministrative": "756600000", "researchAndDevelopment": "0", "operatingExpenses": "567400000", "investmentIncomeNet": "None", "netInterestIncome": "-215100000", "interestIncome": "500000", "interestExpense": "231700000", "nonInterestIncome": "None", "otherNonOperatingIncome": "95000000", "depreciation": "None", "depreciationAndAmortization": "461800000", "incomeBeforeTax": "532800000", "incomeTaxExpense": "66700000", "interestAndDebtExpense": "None", "netIncomeFromContinuingOperations": "466100000", "comprehensiveIncomeNetOfTax": "None", "ebit": "748400000", "ebitda": "1210200000", "netIncome": "467500000"}, {"fiscalDateEnding": "2016-12-31", "reportedCurrency": "USD", "grossProfit": "1137800000", "totalRevenue": "3320000000", "costOfRevenue": "2182200000", "costofGoodsAndServicesSold": "2182200000", "operatingIncome": "554100000", "sellingGeneralAndAdministrative": "708800000", "researchAndDevelopment": "0", "operatingExpenses": "583700000", "investmentIncomeNet": "None", "netInterestIncome": "-195700000", "interestIncome": "500000", "interestExpense": "216400000", "nonInterestIncome": "None", "otherNonOperatingIncome": "102600000", "depreciation": "None", "depreciationAndAmortization": "406800000", "incomeBeforeTax": "443400000", "incomeTaxExpense": "59400000", "interestAndDebtExpense": "None", "netIncomeFromContinuingOperations": "384000000", "comprehensiveIncomeNetOfTax": "None", "ebit": "644400000", "ebitda": "1051200000", "netIncome": "381700000"}, {"fiscalDateEnding": "2015-12-31", "reportedCurrency": "USD", "grossProfit": "1090000000", "totalRevenue": "3253600000", "costOfRevenue": "2163600000", "costofGoodsAndServicesSold": "2163600000", "operatingIncome": "577000000", "sellingGeneralAndAdministrative": "733200000", "researchAndDevelopment": "0", "operatingExpenses": "513000000", "investmentIncomeNet": "None", "netInterestIncome": "None", "interestIncome": "115700000", "interestExpense": "199600000", "nonInterestIncome": "None", "otherNonOperatingIncome": "71400000", "depreciation": "None", "depreciationAndAmortization": "413700000", "incomeBeforeTax": "461300000", "incomeTaxExpense": "70400000", "interestAndDebtExpense": "None", "netIncomeFromContinuingOperations": "390900000", "comprehensiveIncomeNetOfTax": "None", "ebit": "636000000", "ebitda": "1049700000", "netIncome": "388400000"}, {"fiscalDateEnding": "2014-12-31", "reportedCurrency": "USD", "grossProfit": "1032800000", "totalRevenue": "3350300000", "costOfRevenue": "2317500000", "costofGoodsAndServicesSold": "2317500000", "operatingIncome": "543600000", "sellingGeneralAndAdministrative": "107800000", "researchAndDevelopment": "0", "operatingExpenses": "489200000", "investmentIncomeNet": "None", "netInterestIncome": "None", "interestIncome": "None", "interestExpense": "192300000", "nonInterestIncome": "None", "otherNonOperatingIncome": "77000000", "depreciation": "None", "depreciationAndAmortization": "442300000", "incomeBeforeTax": "440000000", "incomeTaxExpense": "44300000", "interestAndDebtExpense": "None", "netIncomeFromContinuingOperations": "395700000", "comprehensiveIncomeNetOfTax": "None", "ebit": "620600000", "ebitda": "1062900000", "netIncome": "393300000"}, {"fiscalDateEnding": "2013-12-31", "reportedCurrency": "USD", "grossProfit": "1004400000", "totalRevenue": "3276800000", "costOfRevenue": "2272400000", "costofGoodsAndServicesSold": "2272400000", "operatingIncome": "533900000", "sellingGeneralAndAdministrative": "114500000", "researchAndDevelopment": "0", "operatingExpenses": "470500000", "investmentIncomeNet": "None", "netInterestIncome": "None", "interestIncome": "None", "interestExpense": "183300000", "nonInterestIncome": "None", "otherNonOperatingIncome": "74900000", "depreciation": "None", "depreciationAndAmortization": "411100000", "incomeBeforeTax": "436000000", "incomeTaxExpense": "53900000", "interestAndDebtExpense": "None", "netIncomeFromContinuingOperations": "382100000", "comprehensiveIncomeNetOfTax": "None", "ebit": "608800000", "ebitda": "1019900000", "netIncome": "376200000"}, {"fiscalDateEnding": "2012-12-31", "reportedCurrency": "USD", "grossProfit": "950300000", "totalRevenue": "3094500000", "costOfRevenue": "2144200000", "costofGoodsAndServicesSold": "2144200000", "operatingIncome": "519700000", "sellingGeneralAndAdministrative": "0", "researchAndDevelopment": "0", "operatingExpenses": "367400000", "investmentIncomeNet": "None", "netInterestIncome": "None", "interestIncome": "None", "interestExpense": "164500000", "nonInterestIncome": "None", "otherNonOperatingIncome": "None", "depreciation": "None", "depreciationAndAmortization": "387400000", "incomeBeforeTax": "430200000", "incomeTaxExpense": "89400000", "interestAndDebtExpense": "None", "netIncomeFromContinuingOperations": "None", "comprehensiveIncomeNetOfTax": "None", "ebit": "586900000", "ebitda": "974300000", "netIncome": "335700000"}, {"fiscalDateEnding": "2011-12-31", "reportedCurrency": "USD", "grossProfit": "2024600000", "totalRevenue": "3665300000", "costOfRevenue": "1640700000", "costofGoodsAndServicesSold": "1640700000", "operatingIncome": "478400000", "sellingGeneralAndAdministrative": "0", "researchAndDevelopment": "0", "operatingExpenses": "419200000", "investmentIncomeNet": "None", "netInterestIncome": "None", "interestIncome": "None", "interestExpense": "162700000", "nonInterestIncome": "None", "otherNonOperatingIncome": "None", "depreciation": "None", "depreciationAndAmortization": "380100000", "incomeBeforeTax": "375700000", "incomeTaxExpense": "55100000", "interestAndDebtExpense": "None", "netIncomeFromContinuingOperations": "None", "comprehensiveIncomeNetOfTax": "None", "ebit": "465700000", "ebitda": "845800000", "netIncome": "321900000"}, {"fiscalDateEnding": "2010-12-31", "reportedCurrency": "USD", "grossProfit": "1733700000", "totalRevenue": "3416100000", "costOfRevenue": "1682400000", "costofGoodsAndServicesSold": "1682400000", "operatingIncome": "556100000", "sellingGeneralAndAdministrative": "0", "researchAndDevelopment": "0", "operatingExpenses": "1177600000", "investmentIncomeNet": "None", "netInterestIncome": "None", "interestIncome": "None", "interestExpense": "169600000", "nonInterestIncome": "None", "otherNonOperatingIncome": "None", "depreciation": "None", "depreciationAndAmortization": "344100000", "incomeBeforeTax": "453200000", "incomeTaxExpense": "145200000", "interestAndDebtExpense": "None", "netIncomeFromContinuingOperations": "None", "comprehensiveIncomeNetOfTax": "None", "ebit": "627500000", "ebitda": "971600000", "netIncome": "306300000"}, {"fiscalDateEnding": "2009-12-31", "reportedCurrency": "USD", "grossProfit": "1681500000", "totalRevenue": "3427300000", "costOfRevenue": "1745800000", "costofGoodsAndServicesSold": "1745800000", "operatingIncome": "397200000", "sellingGeneralAndAdministrative": "None", "researchAndDevelopment": "None", "operatingExpenses": "1285300000", "investmentIncomeNet": "None", "netInterestIncome": "None", "interestIncome": "None", "interestExpense": "154900000", "nonInterestIncome": "None", "otherNonOperatingIncome": "None", "depreciation": "None", "depreciationAndAmortization": "275600000", "incomeBeforeTax": "120200000", "incomeTaxExpense": "-9200000", "interestAndDebtExpense": "None", "netIncomeFromContinuingOperations": "None", "comprehensiveIncomeNetOfTax": "None", "ebit": "275400000", "ebitda": "551000000", "netIncome": "129700000"}, {"fiscalDateEnding": "2008-12-31", "reportedCurrency": "USD", "grossProfit": "1851100000", "totalRevenue": "3681700000", "costOfRevenue": "1830600000", "costofGoodsAndServicesSold": "1830600000", "operatingIncome": "488600000", "sellingGeneralAndAdministrative": "None", "researchAndDevelopment": "None", "operatingExpenses": "1362500000", "investmentIncomeNet": "None", "netInterestIncome": "None", "interestIncome": "None", "interestExpense": "125800000", "nonInterestIncome": "None", "otherNonOperatingIncome": "None", "depreciation": "None", "depreciationAndAmortization": "286400000", "incomeBeforeTax": "438900000", "incomeTaxExpense": "140200000", "interestAndDebtExpense": "None", "netIncomeFromContinuingOperations": "None", "comprehensiveIncomeNetOfTax": "None", "ebit": "564700000", "ebitda": "851100000", "netIncome": "306700000"}, {"fiscalDateEnding": "2007-12-31", "reportedCurrency": "USD", "grossProfit": "2234900000", "totalRevenue": "3437600000", "costOfRevenue": "1202700000", "costofGoodsAndServicesSold": "1202700000", "operatingIncome": "763100000", "sellingGeneralAndAdministrative": "None", "researchAndDevelopment": "None", "operatingExpenses": "1471800000", "investmentIncomeNet": "None", "netInterestIncome": "None", "interestIncome": "None", "interestExpense": "700000", "nonInterestIncome": "None", "otherNonOperatingIncome": "None", "depreciation": "None", "depreciationAndAmortization": "310000000", "incomeBeforeTax": "680500000", "incomeTaxExpense": "255800000", "interestAndDebtExpense": "None", "netIncomeFromContinuingOperations": "None", "comprehensiveIncomeNetOfTax": "None", "ebit": "770700000", "ebitda": "1080700000", "netIncome": "425300000"}, {"fiscalDateEnding": "2006-12-31", "reportedCurrency": "USD", "grossProfit": "1670300000", "totalRevenue": "3359400000", "costOfRevenue": "1689100000", "costofGoodsAndServicesSold": "1689100000", "operatingIncome": "402700000", "sellingGeneralAndAdministrative": "None", "researchAndDevelopment": "None", "operatingExpenses": "1267600000", "investmentIncomeNet": "None", "netInterestIncome": "None", "interestIncome": "None", "interestExpense": "145000000", "nonInterestIncome": "None", "otherNonOperatingIncome": "None", "depreciation": "None", "depreciationAndAmortization": "305400000", "incomeBeforeTax": "541300000", "incomeTaxExpense": "203000000", "interestAndDebtExpense": "None", "netIncomeFromContinuingOperations": "None", "comprehensiveIncomeNetOfTax": "None", "ebit": "402700000", "ebitda": "708100000", "netIncome": "315700000"}, {"fiscalDateEnding": "2005-12-31", "reportedCurrency": "USD", "grossProfit": "1765700000", "totalRevenue": "3279600000", "costOfRevenue": "1513900000", "costofGoodsAndServicesSold": "1513900000", "operatingIncome": "141600000", "sellingGeneralAndAdministrative": "None", "researchAndDevelopment": "None", "operatingExpenses": "1624100000", "investmentIncomeNet": "None", "netInterestIncome": "None", "interestIncome": "None", "interestExpense": "0", "nonInterestIncome": "None", "otherNonOperatingIncome": "None", "depreciation": "None", "depreciationAndAmortization": "380400000", "incomeBeforeTax": "3500000", "incomeTaxExpense": "-52900000", "interestAndDebtExpense": "None", "netIncomeFromContinuingOperations": "None", "comprehensiveIncomeNetOfTax": "None", "ebit": "160600000", "ebitda": "541000000", "netIncome": "-7700000"}], "quarterlyReports": [{"fiscalDateEnding": "2025-09-30", "reportedCurrency": "USD", "grossProfit": "550000000", "totalRevenue": "1210000000", "costOfRevenue": "660000000", "costofGoodsAndServicesSold": "660000000", "operatingIncome": "349000000", "sellingGeneralAndAdministrative": "None", "researchAndDevelopment": "None", "operatingExpenses": "201000000", "investmentIncomeNet": "None", "netInterestIncome": "-128000000", "interestIncome": "None", "interestExpense": "128000000", "nonInterestIncome": "None", "otherNonOperatingIncome": "None", "depreciation": "None", "depreciationAndAmortization": "211000000", "incomeBeforeTax": "263000000", "incomeTaxExpense": "-18000000", "interestAndDebtExpense": "None", "netIncomeFromContinuingOperations": "281000000", "comprehensiveIncomeNetOfTax": "None", "ebit": "391000000", "ebitda": "602000000", "netIncome": "281000000"}, {"fiscalDateEnding": "2025-06-30", "reportedCurrency": "USD", "grossProfit": "254000000", "totalRevenue": "961000000", "costOfRevenue": "707000000", "costofGoodsAndServicesSold": "707000000", "operatingIncome": "223000000", "sellingGeneralAndAdministrative": "None", "researchAndDevelopment": "None", "operatingExpenses": "31000000", "investmentIncomeNet": "None", "netInterestIncome": "-124000000", "interestIncome": "None", "interestExpense": "124000000", "nonInterestIncome": "None", "otherNonOperatingIncome": "None", "depreciation": "None", "depreciationAndAmortization": "208000000", "incomeBeforeTax": "131000000", "incomeTaxExpense": "-43000000", "interestAndDebtExpense": "None", "netIncomeFromContinuingOperations": "174000000", "comprehensiveIncomeNetOfTax": "None", "ebit": "255000000", "ebitda": "463000000", "netIncome": "174000000"}, {"fiscalDateEnding": "2025-03-31", "reportedCurrency": "USD", "grossProfit": "498000000", "totalRevenue": "1128000000", "costOfRevenue": "630000000", "costofGoodsAndServicesSold": "630000000", "operatingIncome": "257000000", "sellingGeneralAndAdministrative": "None", "researchAndDevelopment": "None", "operatingExpenses": "241000000", "investmentIncomeNet": "None", "netInterestIncome": "-119000000", "interestIncome": "None", "interestExpense": "119000000", "nonInterestIncome": "None", "otherNonOperatingIncome": "None", "depreciation": "None", "depreciationAndAmortization": "211000000", "incomeBeforeTax": "166000000", "incomeTaxExpense": "-47000000", "interestAndDebtExpense": "None", "netIncomeFromContinuingOperations": "213000000", "comprehensiveIncomeNetOfTax": "None", "ebit": "285000000", "ebitda": "496000000", "netIncome": "213000000"}, {"fiscalDateEnding": "2024-12-31", "reportedCurrency": "USD", "grossProfit": "454000000", "totalRevenue": "976000000", "costOfRevenue": "522000000", "costofGoodsAndServicesSold": "522000000", "operatingIncome": "221000000", "sellingGeneralAndAdministrative": "None", "researchAndDevelopment": "None", "operatingExpenses": "233000000", "investmentIncomeNet": "None", "netInterestIncome": "-99000000", "interestIncome": "None", "interestExpense": "120000000", "nonInterestIncome": "None", "otherNonOperatingIncome": "None", "depreciation": "None", "depreciationAndAmortization": "201000000", "incomeBeforeTax": "140000000", "incomeTaxExpense": "-10000000", "interestAndDebtExpense": "None", "netIncomeFromContinuingOperations": "150000000", "comprehensiveIncomeNetOfTax": "None", "ebit": "260000000", "ebitda": "461000000", "netIncome": "150000000"}, {"fiscalDateEnding": "2024-09-30", "reportedCurrency": "USD", "grossProfit": "537000000", "totalRevenue": "1081000000", "costOfRevenue": "544000000", "costofGoodsAndServicesSold": "544000000", "operatingIncome": "313000000", "sellingGeneralAndAdministrative": "None", "researchAndDevelopment": "None", "operatingExpenses": "224000000", "investmentIncomeNet": "None", "netInterestIncome": "-114000000", "interestIncome": "None", "interestExpense": "114000000", "nonInterestIncome": "None", "otherNonOperatingIncome": "None", "depreciation": "None", "depreciationAndAmortization": "195000000", "incomeBeforeTax": "233000000", "incomeTaxExpense": "-62000000", "interestAndDebtExpense": "None", "netIncomeFromContinuingOperations": "295000000", "comprehensiveIncomeNetOfTax": "None", "ebit": "347000000", "ebitda": "542000000", "netIncome": "295000000"}, {"fiscalDateEnding": "2024-06-30", "reportedCurrency": "USD", "grossProfit": "347000000", "totalRevenue": "894000000", "costOfRevenue": "547000000", "costofGoodsAndServicesSold": "547000000", "operatingIncome": "130000000", "sellingGeneralAndAdministrative": "None", "researchAndDevelopment": "None", "operatingExpenses": "217000000", "investmentIncomeNet": "None", "netInterestIncome": "-108000000", "interestIncome": "None", "interestExpense": "108000000", "nonInterestIncome": "None", "otherNonOperatingIncome": "None", "depreciation": "None", "depreciationAndAmortization": "188000000", "incomeBeforeTax": "54000000", "incomeTaxExpense": "-33000000", "interestAndDebtExpense": "None", "netIncomeFromContinuingOperations": "87000000", "comprehensiveIncomeNetOfTax": "None", "ebit": "162000000", "ebitda": "350000000", "netIncome": "87000000"}, {"fiscalDateEnding": "2024-03-31", "reportedCurrency": "USD", "grossProfit": "442000000", "totalRevenue": "1031000000", "costOfRevenue": "589000000", "costofGoodsAndServicesSold": "589000000", "operatingIncome": "222000000", "sellingGeneralAndAdministrative": "None", "researchAndDevelopment": "None", "operatingExpenses": "220000000", "investmentIncomeNet": "None", "netInterestIncome": "-107000000", "interestIncome": "None", "interestExpense": "107000000", "nonInterestIncome": "None", "otherNonOperatingIncome": "None", "depreciation": "None", "depreciationAndAmortization": "189000000", "incomeBeforeTax": "148000000", "incomeTaxExpense": "-10000000", "interestAndDebtExpense": "None", "netIncomeFromContinuingOperations": "158000000", "comprehensiveIncomeNetOfTax": "None", "ebit": "255000000", "ebitda": "444000000", "netIncome": "158000000"}, {"fiscalDateEnding": "2023-12-31", "reportedCurrency": "USD", "grossProfit": "384000000", "totalRevenue": "961000000", "costOfRevenue": "577000000", "costofGoodsAndServicesSold": "577000000", "operatingIncome": "183000000", "sellingGeneralAndAdministrative": "None", "researchAndDevelopment": "None", "operatingExpenses": "201000000", "investmentIncomeNet": "None", "netInterestIncome": "-105000000", "interestIncome": "None", "interestExpense": "131000000", "nonInterestIncome": "None", "otherNonOperatingIncome": "None", "depreciation": "None", "depreciationAndAmortization": "173000000", "incomeBeforeTax": "122000000", "incomeTaxExpense": "1000000", "interestAndDebtExpense": "None", "netIncomeFromContinuingOperations": "121000000", "comprehensiveIncomeNetOfTax": "None", "ebit": "253000000", "ebitda": "426000000", "netIncome": "121000000"}, {"fiscalDateEnding": "2023-09-30", "reportedCurrency": "USD", "grossProfit": "520000000", "totalRevenue": "1077000000", "costOfRevenue": "557000000", "costofGoodsAndServicesSold": "557000000", "operatingIncome": "322000000", "sellingGeneralAndAdministrative": "None", "researchAndDevelopment": "None", "operatingExpenses": "198000000", "investmentIncomeNet": "None", "netInterestIncome": "-99000000", "interestIncome": "None", "interestExpense": "99000000", "nonInterestIncome": "None", "otherNonOperatingIncome": "None", "depreciation": "None", "depreciationAndAmortization": "170000000", "incomeBeforeTax": "264000000", "incomeTaxExpense": "5000000", "interestAndDebtExpense": "None", "netIncomeFromContinuingOperations": "259000000", "comprehensiveIncomeNetOfTax": "None", "ebit": "363000000", "ebitda": "533000000", "netIncome": "259000000"}, {"fiscalDateEnding": "2023-06-30", "reportedCurrency": "USD", "grossProfit": "412000000", "totalRevenue": "912000000", "costOfRevenue": "500000000", "costofGoodsAndServicesSold": "500000000", "operatingIncome": "217000000", "sellingGeneralAndAdministrative": "191000000", "researchAndDevelopment": "None", "operatingExpenses": "195000000", "investmentIncomeNet": "None", "netInterestIncome": "-96000000", "interestIncome": "None", "interestExpense": "96000000", "nonInterestIncome": "None", "otherNonOperatingIncome": "39000000", "depreciation": "None", "depreciationAndAmortization": "167000000", "incomeBeforeTax": "160000000", "incomeTaxExpense": "111000000", "interestAndDebtExpense": "None", "netIncomeFromContinuingOperations": "160000000", "comprehensiveIncomeNetOfTax": "None", "ebit": "256000000", "ebitda": "423000000", "netIncome": "160000000"}, {"fiscalDateEnding": "2023-03-31", "reportedCurrency": "USD", "grossProfit": "419000000", "totalRevenue": "1077000000", "costOfRevenue": "658000000", "costofGoodsAndServicesSold": "658000000", "operatingIncome": "222000000", "sellingGeneralAndAdministrative": "205000000", "researchAndDevelopment": "None", "operatingExpenses": "197000000", "investmentIncomeNet": "None", "netInterestIncome": "-94000000", "interestIncome": "None", "interestExpense": "94000000", "nonInterestIncome": "None", "otherNonOperatingIncome": "33000000", "depreciation": "None", "depreciationAndAmortization": "166000000", "incomeBeforeTax": "161000000", "incomeTaxExpense": "-2000000", "interestAndDebtExpense": "None", "netIncomeFromContinuingOperations": "163000000", "comprehensiveIncomeNetOfTax": "None", "ebit": "255000000", "ebitda": "421000000", "netIncome": "163000000"}, {"fiscalDateEnding": "2022-12-31", "reportedCurrency": "USD", "grossProfit": "357000000", "totalRevenue": "1058000000", "costOfRevenue": "701000000", "costofGoodsAndServicesSold": "701000000", "operatingIncome": "159000000", "sellingGeneralAndAdministrative": "241000000", "researchAndDevelopment": "None", "operatingExpenses": "198000000", "investmentIncomeNet": "None", "netInterestIncome": "-90000000", "interestIncome": "None", "interestExpense": "106000000", "nonInterestIncome": "None", "otherNonOperatingIncome": "35000000", "depreciation": "None", "depreciationAndAmortization": "170000000", "incomeBeforeTax": "103000000", "incomeTaxExpense": "-4000000", "interestAndDebtExpense": "None", "netIncomeFromContinuingOperations": "108000000", "comprehensiveIncomeNetOfTax": "None", "ebit": "209000000", "ebitda": "379000000", "netIncome": "107000000"}, {"fiscalDateEnding": "2022-09-30", "reportedCurrency": "USD", "grossProfit": "506000000", "totalRevenue": "1135000000", "costOfRevenue": "629000000", "costofGoodsAndServicesSold": "629000000", "operatingIncome": "309000000", "sellingGeneralAndAdministrative": "200000000", "researchAndDevelopment": "None", "operatingExpenses": "197000000", "investmentIncomeNet": "None", "netInterestIncome": "-83000000", "interestIncome": "None", "interestExpense": "83000000", "nonInterestIncome": "None", "otherNonOperatingIncome": "15000000", "depreciation": "None", "depreciationAndAmortization": "169000000", "incomeBeforeTax": "241000000", "incomeTaxExpense": "14000000", "interestAndDebtExpense": "None", "netIncomeFromContinuingOperations": "227000000", "comprehensiveIncomeNetOfTax": "None", "ebit": "324000000", "ebitda": "493000000", "netIncome": "227000000"}, {"fiscalDateEnding": "2022-06-30", "reportedCurrency": "USD", "grossProfit": "405000000", "totalRevenue": "943000000", "costOfRevenue": "538000000", "costofGoodsAndServicesSold": "538000000", "operatingIncome": "212000000", "sellingGeneralAndAdministrative": "193000000", "researchAndDevelopment": "None", "operatingExpenses": "193000000", "investmentIncomeNet": "None", "netInterestIncome": "-78000000", "interestIncome": "None", "interestExpense": "78000000", "nonInterestIncome": "None", "otherNonOperatingIncome": "29000000", "depreciation": "None", "depreciationAndAmortization": "166000000", "incomeBeforeTax": "163000000", "incomeTaxExpense": "4000000", "interestAndDebtExpense": "None", "netIncomeFromContinuingOperations": "159000000", "comprehensiveIncomeNetOfTax": "None", "ebit": "241000000", "ebitda": "407000000", "netIncome": "159000000"}, {"fiscalDateEnding": "2022-03-31", "reportedCurrency": "USD", "grossProfit": "441000000", "totalRevenue": "1068000000", "costOfRevenue": "627000000", "costofGoodsAndServicesSold": "627000000", "operatingIncome": "248000000", "sellingGeneralAndAdministrative": "180000000", "researchAndDevelopment": "None", "operatingExpenses": "193000000", "investmentIncomeNet": "None", "netInterestIncome": "-74000000", "interestIncome": "None", "interestExpense": "74000000", "nonInterestIncome": "None", "otherNonOperatingIncome": "26000000", "depreciation": "None", "depreciationAndAmortization": "166000000", "incomeBeforeTax": "200000000", "incomeTaxExpense": "8000000", "interestAndDebtExpense": "None", "netIncomeFromContinuingOperations": "192000000", "comprehensiveIncomeNetOfTax": "None", "ebit": "274000000", "ebitda": "440000000", "netIncome": "192000000"}, {"fiscalDateEnding": "2021-12-31", "reportedCurrency": "USD", "grossProfit": "321000000", "totalRevenue": "927000000", "costOfRevenue": "606000000", "costofGoodsAndServicesSold": "606000000", "operatingIncome": "132000000", "sellingGeneralAndAdministrative": "225000000", "researchAndDevelopment": "None", "operatingExpenses": "189000000", "investmentIncomeNet": "None", "netInterestIncome": "-71000000", "interestIncome": "None", "interestExpense": "78000000", "nonInterestIncome": "None", "otherNonOperatingIncome": "26000000", "depreciation": "None", "depreciationAndAmortization": "163000000", "incomeBeforeTax": "87000000", "incomeTaxExpense": "-8000000", "interestAndDebtExpense": "None", "netIncomeFromContinuingOperations": "95000000", "comprehensiveIncomeNetOfTax": "None", "ebit": "165000000", "ebitda": "328000000", "netIncome": "95000000"}, {"fiscalDateEnding": "2021-09-30", "reportedCurrency": "USD", "grossProfit": "480000000", "totalRevenue": "1024000000", "costOfRevenue": "544000000", "costofGoodsAndServicesSold": "544000000", "operatingIncome": "289000000", "sellingGeneralAndAdministrative": "197000000", "researchAndDevelopment": "None", "operatingExpenses": "191000000", "investmentIncomeNet": "None", "netInterestIncome": "-68000000", "interestIncome": "None", "interestExpense": "68000000", "nonInterestIncome": "None", "otherNonOperatingIncome": "17000000", "depreciation": "None", "depreciationAndAmortization": "165000000", "incomeBeforeTax": "238000000", "incomeTaxExpense": "-21000000", "interestAndDebtExpense": "None", "netIncomeFromContinuingOperations": "259000000", "comprehensiveIncomeNetOfTax": "None", "ebit": "306000000", "ebitda": "471000000", "netIncome": "259000000"}, {"fiscalDateEnding": "2021-06-30", "reportedCurrency": "USD", "grossProfit": "367000000", "totalRevenue": "817000000", "costOfRevenue": "450000000", "costofGoodsAndServicesSold": "450000000", "operatingIncome": "176000000", "sellingGeneralAndAdministrative": "186000000", "researchAndDevelopment": "None", "operatingExpenses": "191000000", "investmentIncomeNet": "None", "netInterestIncome": "-69000000", "interestIncome": "None", "interestExpense": "69000000", "nonInterestIncome": "None", "otherNonOperatingIncome": "22000000", "depreciation": "None", "depreciationAndAmortization": "165000000", "incomeBeforeTax": "129000000", "incomeTaxExpense": "-17000000", "interestAndDebtExpense": "None", "netIncomeFromContinuingOperations": "146000000", "comprehensiveIncomeNetOfTax": "None", "ebit": "198000000", "ebitda": "363000000", "netIncome": "146000000"}, {"fiscalDateEnding": "2021-03-31", "reportedCurrency": "USD", "grossProfit": "388000000", "totalRevenue": "901000000", "costOfRevenue": "513000000", "costofGoodsAndServicesSold": "513000000", "operatingIncome": "198000000", "sellingGeneralAndAdministrative": "172000000", "researchAndDevelopment": "None", "operatingExpenses": "190000000", "investmentIncomeNet": "None", "netInterestIncome": "-69000000", "interestIncome": "None", "interestExpense": "69000000", "nonInterestIncome": "None", "otherNonOperatingIncome": "17000000", "depreciation": "None", "depreciationAndAmortization": "164000000", "incomeBeforeTax": "146000000", "incomeTaxExpense": "-28000000", "interestAndDebtExpense": "None", "netIncomeFromContinuingOperations": "174000000", "comprehensiveIncomeNetOfTax": "None", "ebit": "215000000", "ebitda": "379000000", "netIncome": "174000000"}, {"fiscalDateEnding": "2020-12-31", "reportedCurrency": "USD", "grossProfit": "299000000", "totalRevenue": "817000000", "costOfRevenue": "518000000", "costofGoodsAndServicesSold": "518000000", "operatingIncome": "112000000", "sellingGeneralAndAdministrative": "231300000", "researchAndDevelopment": "None", "operatingExpenses": "187000000", "investmentIncomeNet": "None", "netInterestIncome": "-68000000", "interestIncome": "None", "interestExpense": "84000000", "nonInterestIncome": "None", "otherNonOperatingIncome": "12400000", "depreciation": "None", "depreciationAndAmortization": "161000000", "incomeBeforeTax": "56000000", "incomeTaxExpense": "-10000000", "interestAndDebtExpense": "None", "netIncomeFromContinuingOperations": "65500000", "comprehensiveIncomeNetOfTax": "None", "ebit": "124000000", "ebitda": "285000000", "netIncome": "66000000"}, {"fiscalDateEnding": "2020-09-30", "reportedCurrency": "USD", "grossProfit": "455000000", "totalRevenue": "920000000", "costOfRevenue": "465000000", "costofGoodsAndServicesSold": "465000000", "operatingIncome": "272000000", "sellingGeneralAndAdministrative": "170000000", "researchAndDevelopment": "None", "operatingExpenses": "183000000", "investmentIncomeNet": "None", "netInterestIncome": "-68000000", "interestIncome": "None", "interestExpense": "68000000", "nonInterestIncome": "None", "otherNonOperatingIncome": "25000000", "depreciation": "None", "depreciationAndAmortization": "156000000", "incomeBeforeTax": "229000000", "incomeTaxExpense": "-20000000", "interestAndDebtExpense": "None", "netIncomeFromContinuingOperations": "249000000", "comprehensiveIncomeNetOfTax": "None", "ebit": "297000000", "ebitda": "453000000", "netIncome": "249000000"}, {"fiscalDateEnding": "2020-06-30", "reportedCurrency": "USD", "grossProfit": "347000000", "totalRevenue": "763000000", "costOfRevenue": "416000000", "costofGoodsAndServicesSold": "416000000", "operatingIncome": "168000000", "sellingGeneralAndAdministrative": "186900000", "researchAndDevelopment": "None", "operatingExpenses": "179000000", "investmentIncomeNet": "None", "netInterestIncome": "-69600000", "interestIncome": "None", "interestExpense": "70000000", "nonInterestIncome": "None", "otherNonOperatingIncome": "30100000", "depreciation": "None", "depreciationAndAmortization": "152000000", "incomeBeforeTax": "128000000", "incomeTaxExpense": "-8000000", "interestAndDebtExpense": "None", "netIncomeFromContinuingOperations": "136900000", "comprehensiveIncomeNetOfTax": "None", "ebit": "198000000", "ebitda": "350000000", "netIncome": "136000000"}, {"fiscalDateEnding": "2020-03-31", "reportedCurrency": "USD", "grossProfit": "362000000", "totalRevenue": "916000000", "costOfRevenue": "554000000", "costofGoodsAndServicesSold": "554000000", "operatingIncome": "188000000", "sellingGeneralAndAdministrative": "189800000", "researchAndDevelopment": "None", "operatingExpenses": "174000000", "investmentIncomeNet": "None", "netInterestIncome": "-68900000", "interestIncome": "32500000", "interestExpense": "69000000", "nonInterestIncome": "None", "otherNonOperatingIncome": "34500000", "depreciation": "None", "depreciationAndAmortization": "146000000", "incomeBeforeTax": "154000000", "incomeTaxExpense": "-19000000", "interestAndDebtExpense": "None", "netIncomeFromContinuingOperations": "172600000", "comprehensiveIncomeNetOfTax": "None", "ebit": "223000000", "ebitda": "369000000", "netIncome": "173000000"}, {"fiscalDateEnding": "2019-12-31", "reportedCurrency": "USD", "grossProfit": "342000000", "totalRevenue": "880100000", "costOfRevenue": "538100000", "costofGoodsAndServicesSold": "538100000", "operatingIncome": "160900000", "sellingGeneralAndAdministrative": "211500000", "researchAndDevelopment": "None", "operatingExpenses": "181100000", "investmentIncomeNet": "None", "netInterestIncome": "-69100000", "interestIncome": "24200000", "interestExpense": "96300000", "nonInterestIncome": "None", "otherNonOperatingIncome": "41500000", "depreciation": "None", "depreciationAndAmortization": "143600000", "incomeBeforeTax": "133300000", "incomeTaxExpense": "19300000", "interestAndDebtExpense": "None", "netIncomeFromContinuingOperations": "114000000", "comprehensiveIncomeNetOfTax": "None", "ebit": "229600000", "ebitda": "373200000", "netIncome": "114000000"}, {"fiscalDateEnding": "2019-09-30", "reportedCurrency": "USD", "grossProfit": "461200000", "totalRevenue": "990200000", "costOfRevenue": "529000000", "costofGoodsAndServicesSold": "529000000", "operatingIncome": "290200000", "sellingGeneralAndAdministrative": "201100000", "researchAndDevelopment": "None", "operatingExpenses": "171000000", "investmentIncomeNet": "None", "netInterestIncome": "-68300000", "interestIncome": "34800000", "interestExpense": "68300000", "nonInterestIncome": "None", "otherNonOperatingIncome": "29800000", "depreciation": "None", "depreciationAndAmortization": "144200000", "incomeBeforeTax": "251700000", "incomeTaxExpense": "23100000", "interestAndDebtExpense": "None", "netIncomeFromContinuingOperations": "228600000", "comprehensiveIncomeNetOfTax": "None", "ebit": "319600000", "ebitda": "463800000", "netIncome": "226000000"}, {"fiscalDateEnding": "2019-06-30", "reportedCurrency": "USD", "grossProfit": "320300000", "totalRevenue": "790200000", "costOfRevenue": "469900000", "costofGoodsAndServicesSold": "469900000", "operatingIncome": "149800000", "sellingGeneralAndAdministrative": "199900000", "researchAndDevelopment": "None", "operatingExpenses": "170500000", "investmentIncomeNet": "None", "netInterestIncome": "-69200000", "interestIncome": "38200000", "interestExpense": "69200000", "nonInterestIncome": "None", "otherNonOperatingIncome": "27700000", "depreciation": "None", "depreciationAndAmortization": "142900000", "incomeBeforeTax": "108300000", "incomeTaxExpense": "11200000", "interestAndDebtExpense": "None", "netIncomeFromContinuingOperations": "97100000", "comprehensiveIncomeNetOfTax": "None", "ebit": "177500000", "ebitda": "320400000", "netIncome": "97100000"}, {"fiscalDateEnding": "2019-03-31", "reportedCurrency": "USD", "grossProfit": "343000000", "totalRevenue": "987200000", "costOfRevenue": "644200000", "costofGoodsAndServicesSold": "644200000", "operatingIncome": "176800000", "sellingGeneralAndAdministrative": "210500000", "researchAndDevelopment": "None", "operatingExpenses": "166200000", "investmentIncomeNet": "None", "netInterestIncome": "-66300000", "interestIncome": "30000000", "interestExpense": "66300000", "nonInterestIncome": "None", "otherNonOperatingIncome": "32300000", "depreciation": "None", "depreciationAndAmortization": "136900000", "incomeBeforeTax": "142800000", "incomeTaxExpense": "15100000", "interestAndDebtExpense": "None", "netIncomeFromContinuingOperations": "127700000", "comprehensiveIncomeNetOfTax": "None", "ebit": "209100000", "ebitda": "346000000", "netIncome": "127700000"}, {"fiscalDateEnding": "2018-12-31", "reportedCurrency": "USD", "grossProfit": "278200000", "totalRevenue": "873500000", "costOfRevenue": "595300000", "costofGoodsAndServicesSold": "595300000", "operatingIncome": "121400000", "sellingGeneralAndAdministrative": "203300000", "researchAndDevelopment": "0", "operatingExpenses": "156800000", "investmentIncomeNet": "None", "netInterestIncome": "None", "interestIncome": "None", "interestExpense": "65700000", "nonInterestIncome": "None", "otherNonOperatingIncome": "35200000", "depreciation": "None", "depreciationAndAmortization": "130500000", "incomeBeforeTax": "93400000", "incomeTaxExpense": "5600000", "interestAndDebtExpense": "None", "netIncomeFromContinuingOperations": "87800000", "comprehensiveIncomeNetOfTax": "None", "ebit": "156600000", "ebitda": "287100000", "netIncome": "87800000"}, {"fiscalDateEnding": "2018-09-30", "reportedCurrency": "USD", "grossProfit": "412000000", "totalRevenue": "928600000", "costOfRevenue": "516600000", "costofGoodsAndServicesSold": "516600000", "operatingIncome": "256100000", "sellingGeneralAndAdministrative": "175300000", "researchAndDevelopment": "0", "operatingExpenses": "155900000", "investmentIncomeNet": "None", "netInterestIncome": "None", "interestIncome": "None", "interestExpense": "63300000", "nonInterestIncome": "None", "otherNonOperatingIncome": "27000000", "depreciation": "None", "depreciationAndAmortization": "129000000", "incomeBeforeTax": "219800000", "incomeTaxExpense": "11700000", "interestAndDebtExpense": "None", "netIncomeFromContinuingOperations": "208100000", "comprehensiveIncomeNetOfTax": "None", "ebit": "283100000", "ebitda": "412100000", "netIncome": "208100000"}, {"fiscalDateEnding": "2018-06-30", "reportedCurrency": "USD", "grossProfit": "302400000", "totalRevenue": "816100000", "costOfRevenue": "513700000", "costofGoodsAndServicesSold": "513700000", "operatingIncome": "151200000", "sellingGeneralAndAdministrative": "182200000", "researchAndDevelopment": "0", "operatingExpenses": "151200000", "investmentIncomeNet": "None", "netInterestIncome": "None", "interestIncome": "None", "interestExpense": "61300000", "nonInterestIncome": "None", "otherNonOperatingIncome": "26600000", "depreciation": "None", "depreciationAndAmortization": "127000000", "incomeBeforeTax": "116500000", "incomeTaxExpense": "13600000", "interestAndDebtExpense": "None", "netIncomeFromContinuingOperations": "102900000", "comprehensiveIncomeNetOfTax": "None", "ebit": "177800000", "ebitda": "304800000", "netIncome": "102900000"}, {"fiscalDateEnding": "2018-03-31", "reportedCurrency": "USD", "grossProfit": "313100000", "totalRevenue": "916300000", "costOfRevenue": "603200000", "costofGoodsAndServicesSold": "603200000", "operatingIncome": "165700000", "sellingGeneralAndAdministrative": "189400000", "researchAndDevelopment": "0", "operatingExpenses": "147400000", "investmentIncomeNet": "None", "netInterestIncome": "None", "interestIncome": "None", "interestExpense": "59200000", "nonInterestIncome": "None", "otherNonOperatingIncome": "33800000", "depreciation": "None", "depreciationAndAmortization": "120400000", "incomeBeforeTax": "140300000", "incomeTaxExpense": "16800000", "interestAndDebtExpense": "None", "netIncomeFromContinuingOperations": "123500000", "comprehensiveIncomeNetOfTax": "None", "ebit": "199500000", "ebitda": "319900000", "netIncome": "123500000"}, {"fiscalDateEnding": "2017-12-31", "reportedCurrency": "USD", "grossProfit": "279600000", "totalRevenue": "856100000", "costOfRevenue": "576500000", "costofGoodsAndServicesSold": "576500000", "operatingIncome": "129700000", "sellingGeneralAndAdministrative": "210400000", "researchAndDevelopment": "0", "operatingExpenses": "145600000", "investmentIncomeNet": "None", "netInterestIncome": "None", "interestIncome": "None", "interestExpense": "72700000", "nonInterestIncome": "None", "otherNonOperatingIncome": "25000000", "depreciation": "None", "depreciationAndAmortization": "119100000", "incomeBeforeTax": "98100000", "incomeTaxExpense": "1800000", "interestAndDebtExpense": "None", "netIncomeFromContinuingOperations": "96300000", "comprehensiveIncomeNetOfTax": "None", "ebit": "154700000", "ebitda": "273800000", "netIncome": "96300000"}, {"fiscalDateEnding": "2017-09-30", "reportedCurrency": "USD", "grossProfit": "384000000", "totalRevenue": "906900000", "costOfRevenue": "522900000", "costofGoodsAndServicesSold": "522900000", "operatingIncome": "231500000", "sellingGeneralAndAdministrative": "196100000", "researchAndDevelopment": "0", "operatingExpenses": "147700000", "investmentIncomeNet": "None", "netInterestIncome": "None", "interestIncome": "None", "interestExpense": "53900000", "nonInterestIncome": "None", "otherNonOperatingIncome": "19900000", "depreciation": "None", "depreciationAndAmortization": "120700000", "incomeBeforeTax": "197500000", "incomeTaxExpense": "26100000", "interestAndDebtExpense": "None", "netIncomeFromContinuingOperations": "171400000", "comprehensiveIncomeNetOfTax": "None", "ebit": "251400000", "ebitda": "372100000", "netIncome": "171400000"}, {"fiscalDateEnding": "2017-06-30", "reportedCurrency": "USD", "grossProfit": "294400000", "totalRevenue": "765300000", "costOfRevenue": "470900000", "costofGoodsAndServicesSold": "470900000", "operatingIncome": "149300000", "sellingGeneralAndAdministrative": "170800000", "researchAndDevelopment": "0", "operatingExpenses": "140700000", "investmentIncomeNet": "None", "netInterestIncome": "None", "interestIncome": "None", "interestExpense": "52800000", "nonInterestIncome": "None", "otherNonOperatingIncome": "21500000", "depreciation": "None", "depreciationAndAmortization": "115000000", "incomeBeforeTax": "118000000", "incomeTaxExpense": "21200000", "interestAndDebtExpense": "None", "netIncomeFromContinuingOperations": "96800000", "comprehensiveIncomeNetOfTax": "None", "ebit": "170800000", "ebitda": "285800000", "netIncome": "96800000"}, {"fiscalDateEnding": "2017-03-31", "reportedCurrency": "USD", "grossProfit": "280600000", "totalRevenue": "853900000", "costOfRevenue": "573300000", "costofGoodsAndServicesSold": "573300000", "operatingIncome": "142900000", "sellingGeneralAndAdministrative": "179300000", "researchAndDevelopment": "0", "operatingExpenses": "133400000", "investmentIncomeNet": "None", "netInterestIncome": "None", "interestIncome": "None", "interestExpense": "52300000", "nonInterestIncome": "None", "otherNonOperatingIncome": "28600000", "depreciation": "None", "depreciationAndAmortization": "107000000", "incomeBeforeTax": "119200000", "incomeTaxExpense": "17600000", "interestAndDebtExpense": "None", "netIncomeFromContinuingOperations": "101600000", "comprehensiveIncomeNetOfTax": "None", "ebit": "171500000", "ebitda": "278500000", "netIncome": "103000000"}, {"fiscalDateEnding": "2016-12-31", "reportedCurrency": "USD", "grossProfit": "227900000", "totalRevenue": "797000000", "costOfRevenue": "569100000", "costofGoodsAndServicesSold": "569100000", "operatingIncome": "99900000", "sellingGeneralAndAdministrative": "28500000", "researchAndDevelopment": "0", "operatingExpenses": "128000000", "investmentIncomeNet": "None", "netInterestIncome": "None", "interestIncome": "None", "interestExpense": "71600000", "nonInterestIncome": "None", "otherNonOperatingIncome": "None", "depreciation": "None", "depreciationAndAmortization": "102900000", "incomeBeforeTax": "77700000", "incomeTaxExpense": "12200000", "interestAndDebtExpense": "None", "netIncomeFromContinuingOperations": "202500000", "comprehensiveIncomeNetOfTax": "None", "ebit": "149300000", "ebitda": "252200000", "netIncome": "65200000"}, {"fiscalDateEnding": "2016-09-30", "reportedCurrency": "USD", "grossProfit": "379000000", "totalRevenue": "924600000", "costOfRevenue": "545600000", "costofGoodsAndServicesSold": "545600000", "operatingIncome": "162600000", "sellingGeneralAndAdministrative": "174500000", "researchAndDevelopment": "0", "operatingExpenses": "130000000", "investmentIncomeNet": "None", "netInterestIncome": "None", "interestIncome": "None", "interestExpense": "48800000", "nonInterestIncome": "None", "otherNonOperatingIncome": "25100000", "depreciation": "None", "depreciationAndAmortization": "104100000", "incomeBeforeTax": "138900000", "incomeTaxExpense": "7500000", "interestAndDebtExpense": "None", "netIncomeFromContinuingOperations": "131400000", "comprehensiveIncomeNetOfTax": "None", "ebit": "187700000", "ebitda": "291800000", "netIncome": "131000000"}, {"fiscalDateEnding": "2016-06-30", "reportedCurrency": "USD", "grossProfit": "255700000", "totalRevenue": "754600000", "costOfRevenue": "498900000", "costofGoodsAndServicesSold": "498900000", "operatingIncome": "128600000", "sellingGeneralAndAdministrative": "169500000", "researchAndDevelopment": "0", "operatingExpenses": "127100000", "investmentIncomeNet": "None", "netInterestIncome": "None", "interestIncome": "None", "interestExpense": "48000000", "nonInterestIncome": "None", "otherNonOperatingIncome": "24400000", "depreciation": "None", "depreciationAndAmortization": "102100000", "incomeBeforeTax": "105000000", "incomeTaxExpense": "18100000", "interestAndDebtExpense": "None", "netIncomeFromContinuingOperations": "86900000", "comprehensiveIncomeNetOfTax": "None", "ebit": "153000000", "ebitda": "255100000", "netIncome": "86400000"}, {"fiscalDateEnding": "2016-03-31", "reportedCurrency": "USD", "grossProfit": "274700000", "totalRevenue": "843800000", "costOfRevenue": "569100000", "costofGoodsAndServicesSold": "569100000", "operatingIncome": "145900000", "sellingGeneralAndAdministrative": "0", "researchAndDevelopment": "0", "operatingExpenses": "128800000", "investmentIncomeNet": "None", "netInterestIncome": "None", "interestIncome": "None", "interestExpense": "48000000", "nonInterestIncome": "None", "otherNonOperatingIncome": "None", "depreciation": "None", "depreciationAndAmortization": "102500000", "incomeBeforeTax": "121800000", "incomeTaxExpense": "21600000", "interestAndDebtExpense": "None", "netIncomeFromContinuingOperations": "100200000", "comprehensiveIncomeNetOfTax": "None", "ebit": "169800000", "ebitda": "272300000", "netIncome": "99100000"}, {"fiscalDateEnding": "2015-12-31", "reportedCurrency": "USD", "grossProfit": "205700000", "totalRevenue": "740100000", "costOfRevenue": "534400000", "costofGoodsAndServicesSold": "534400000", "operatingIncome": "79200000", "sellingGeneralAndAdministrative": "502200000", "researchAndDevelopment": "0", "operatingExpenses": "126500000", "investmentIncomeNet": "None", "netInterestIncome": "None", "interestIncome": "None", "interestExpense": "60100000", "nonInterestIncome": "None", "otherNonOperatingIncome": "17000000", "depreciation": "None", "depreciationAndAmortization": "113800000", "incomeBeforeTax": "48600000", "incomeTaxExpense": "10900000", "interestAndDebtExpense": "None", "netIncomeFromContinuingOperations": "37700000", "comprehensiveIncomeNetOfTax": "None", "ebit": "108700000", "ebitda": "222500000", "netIncome": "36600000"}, {"fiscalDateEnding": "2015-09-30", "reportedCurrency": "USD", "grossProfit": "360800000", "totalRevenue": "898900000", "costOfRevenue": "538100000", "costofGoodsAndServicesSold": "538100000", "operatingIncome": "235900000", "sellingGeneralAndAdministrative": "176700000", "researchAndDevelopment": "0", "operatingExpenses": "132900000", "investmentIncomeNet": "None", "netInterestIncome": "None", "interestIncome": "None", "interestExpense": "46400000", "nonInterestIncome": "None", "otherNonOperatingIncome": "20900000", "depreciation": "None", "depreciationAndAmortization": "99300000", "incomeBeforeTax": "210400000", "incomeTaxExpense": "27800000", "interestAndDebtExpense": "None", "netIncomeFromContinuingOperations": "182600000", "comprehensiveIncomeNetOfTax": "None", "ebit": "256800000", "ebitda": "356100000", "netIncome": "182500000"}, {"fiscalDateEnding": "2015-06-30", "reportedCurrency": "USD", "grossProfit": "235900000", "totalRevenue": "717200000", "costOfRevenue": "481300000", "costofGoodsAndServicesSold": "481300000", "operatingIncome": "109000000", "sellingGeneralAndAdministrative": "26500000", "researchAndDevelopment": "0", "operatingExpenses": "126900000", "investmentIncomeNet": "None", "netInterestIncome": "None", "interestIncome": "None", "interestExpense": "46500000", "nonInterestIncome": "None", "otherNonOperatingIncome": "20100000", "depreciation": "None", "depreciationAndAmortization": "100400000", "incomeBeforeTax": "82600000", "incomeTaxExpense": "11200000", "interestAndDebtExpense": "None", "netIncomeFromContinuingOperations": "71400000", "comprehensiveIncomeNetOfTax": "None", "ebit": "129100000", "ebitda": "229500000", "netIncome": "70100000"}, {"fiscalDateEnding": "2015-03-31", "reportedCurrency": "USD", "grossProfit": "279600000", "totalRevenue": "897400000", "costOfRevenue": "617800000", "costofGoodsAndServicesSold": "617800000", "operatingIncome": "152900000", "sellingGeneralAndAdministrative": "27800000", "researchAndDevelopment": "0", "operatingExpenses": "126700000", "investmentIncomeNet": "None", "netInterestIncome": "None", "interestIncome": "None", "interestExpense": "46600000", "nonInterestIncome": "None", "otherNonOperatingIncome": "13400000", "depreciation": "None", "depreciationAndAmortization": "100200000", "incomeBeforeTax": "119700000", "incomeTaxExpense": "20500000", "interestAndDebtExpense": "None", "netIncomeFromContinuingOperations": "99200000", "comprehensiveIncomeNetOfTax": "None", "ebit": "166300000", "ebitda": "266500000", "netIncome": "99200000"}, {"fiscalDateEnding": "2014-12-31", "reportedCurrency": "USD", "grossProfit": "216300000", "totalRevenue": "804100000", "costOfRevenue": "587800000", "costofGoodsAndServicesSold": "587800000", "operatingIncome": "91300000", "sellingGeneralAndAdministrative": "26600000", "researchAndDevelopment": "0", "operatingExpenses": "125000000", "investmentIncomeNet": "None", "netInterestIncome": "None", "interestIncome": "None", "interestExpense": "57400000", "nonInterestIncome": "None", "otherNonOperatingIncome": "15200000", "depreciation": "None", "depreciationAndAmortization": "112000000", "incomeBeforeTax": "60800000", "incomeTaxExpense": "-1900000", "interestAndDebtExpense": "None", "netIncomeFromContinuingOperations": "62700000", "comprehensiveIncomeNetOfTax": "None", "ebit": "118200000", "ebitda": "230200000", "netIncome": "62500000"}, {"fiscalDateEnding": "2014-09-30", "reportedCurrency": "USD", "grossProfit": "317500000", "totalRevenue": "843100000", "costOfRevenue": "525600000", "costofGoodsAndServicesSold": "525600000", "operatingIncome": "194800000", "sellingGeneralAndAdministrative": "27900000", "researchAndDevelopment": "0", "operatingExpenses": "122700000", "investmentIncomeNet": "None", "netInterestIncome": "None", "interestIncome": "None", "interestExpense": "44600000", "nonInterestIncome": "None", "otherNonOperatingIncome": "20000000", "depreciation": "None", "depreciationAndAmortization": "97100000", "incomeBeforeTax": "170200000", "incomeTaxExpense": "12400000", "interestAndDebtExpense": "None", "netIncomeFromContinuingOperations": "157800000", "comprehensiveIncomeNetOfTax": "None", "ebit": "214800000", "ebitda": "311900000", "netIncome": "155900000"}, {"fiscalDateEnding": "2014-06-30", "reportedCurrency": "USD", "grossProfit": "223200000", "totalRevenue": "750300000", "costOfRevenue": "527100000", "costofGoodsAndServicesSold": "527100000", "operatingIncome": "103300000", "sellingGeneralAndAdministrative": "25900000", "researchAndDevelopment": "0", "operatingExpenses": "119900000", "investmentIncomeNet": "None", "netInterestIncome": "None", "interestIncome": "None", "interestExpense": "45200000", "nonInterestIncome": "None", "otherNonOperatingIncome": "19600000", "depreciation": "None", "depreciationAndAmortization": "95800000", "incomeBeforeTax": "77800000", "incomeTaxExpense": "13200000", "interestAndDebtExpense": "None", "netIncomeFromContinuingOperations": "64600000", "comprehensiveIncomeNetOfTax": "None", "ebit": "122900000", "ebitda": "218700000", "netIncome": "64300000"}, {"fiscalDateEnding": "2014-03-31", "reportedCurrency": "USD", "grossProfit": "275800000", "totalRevenue": "952800000", "costOfRevenue": "677000000", "costofGoodsAndServicesSold": "677000000", "operatingIncome": "154200000", "sellingGeneralAndAdministrative": "27400000", "researchAndDevelopment": "0", "operatingExpenses": "121600000", "investmentIncomeNet": "None", "netInterestIncome": "None", "interestIncome": "None", "interestExpense": "45200000", "nonInterestIncome": "None", "otherNonOperatingIncome": "22200000", "depreciation": "None", "depreciationAndAmortization": "95500000", "incomeBeforeTax": "131200000", "incomeTaxExpense": "20600000", "interestAndDebtExpense": "None", "netIncomeFromContinuingOperations": "110600000", "comprehensiveIncomeNetOfTax": "None", "ebit": "176400000", "ebitda": "271900000", "netIncome": "110600000"}, {"fiscalDateEnding": "2013-12-31", "reportedCurrency": "USD", "grossProfit": "227400000", "totalRevenue": "832600000", "costOfRevenue": "605200000", "costofGoodsAndServicesSold": "605200000", "operatingIncome": "108600000", "sellingGeneralAndAdministrative": "0", "researchAndDevelopment": "0", "operatingExpenses": "118800000", "investmentIncomeNet": "None", "netInterestIncome": "None", "interestIncome": "None", "interestExpense": "55700000", "nonInterestIncome": "None", "otherNonOperatingIncome": "None", "depreciation": "None", "depreciationAndAmortization": "104600000", "incomeBeforeTax": "82800000", "incomeTaxExpense": "13700000", "interestAndDebtExpense": "None", "netIncomeFromContinuingOperations": "0", "comprehensiveIncomeNetOfTax": "None", "ebit": "138500000", "ebitda": "243100000", "netIncome": "68100000"}, {"fiscalDateEnding": "2013-09-30", "reportedCurrency": "USD", "grossProfit": "318400000", "totalRevenue": "866600000", "costOfRevenue": "548200000", "costofGoodsAndServicesSold": "548200000", "operatingIncome": "201400000", "sellingGeneralAndAdministrative": "28000000", "researchAndDevelopment": "0", "operatingExpenses": "117000000", "investmentIncomeNet": "None", "netInterestIncome": "None", "interestIncome": "None", "interestExpense": "42500000", "nonInterestIncome": "None", "otherNonOperatingIncome": "20200000", "depreciation": "None", "depreciationAndAmortization": "101900000", "incomeBeforeTax": "179100000", "incomeTaxExpense": "17600000", "interestAndDebtExpense": "None", "netIncomeFromContinuingOperations": "161500000", "comprehensiveIncomeNetOfTax": "None", "ebit": "221600000", "ebitda": "323500000", "netIncome": "160200000"}, {"fiscalDateEnding": "2013-06-30", "reportedCurrency": "USD", "grossProfit": "219200000", "totalRevenue": "718000000", "costOfRevenue": "498800000", "costofGoodsAndServicesSold": "498800000", "operatingIncome": "103200000", "sellingGeneralAndAdministrative": "26400000", "researchAndDevelopment": "0", "operatingExpenses": "98100000", "investmentIncomeNet": "None", "netInterestIncome": "None", "interestIncome": "None", "interestExpense": "42500000", "nonInterestIncome": "None", "otherNonOperatingIncome": "18200000", "depreciation": "None", "depreciationAndAmortization": "92700000", "incomeBeforeTax": "78900000", "incomeTaxExpense": "10500000", "interestAndDebtExpense": "None", "netIncomeFromContinuingOperations": "68400000", "comprehensiveIncomeNetOfTax": "None", "ebit": "121400000", "ebitda": "214100000", "netIncome": "67800000"}, {"fiscalDateEnding": "2013-03-31", "reportedCurrency": "USD", "grossProfit": "239400000", "totalRevenue": "859600000", "costOfRevenue": "620200000", "costofGoodsAndServicesSold": "620200000", "operatingIncome": "120700000", "sellingGeneralAndAdministrative": "0", "researchAndDevelopment": "0", "operatingExpenses": "102400000", "investmentIncomeNet": "None", "netInterestIncome": "None", "interestIncome": "None", "interestExpense": "42600000", "nonInterestIncome": "None", "otherNonOperatingIncome": "None", "depreciation": "None", "depreciationAndAmortization": "92600000", "incomeBeforeTax": "95200000", "incomeTaxExpense": "12100000", "interestAndDebtExpense": "None", "netIncomeFromContinuingOperations": "0", "comprehensiveIncomeNetOfTax": "None", "ebit": "137800000", "ebitda": "230400000", "netIncome": "80100000"}, {"fiscalDateEnding": "2012-12-31", "reportedCurrency": "USD", "grossProfit": "211300000", "totalRevenue": "750900000", "costOfRevenue": "539600000", "costofGoodsAndServicesSold": "539600000", "operatingIncome": "101600000", "sellingGeneralAndAdministrative": "0", "researchAndDevelopment": "0", "operatingExpenses": "109700000", "investmentIncomeNet": "None", "netInterestIncome": "None", "interestIncome": "None", "interestExpense": "48700000", "nonInterestIncome": "None", "otherNonOperatingIncome": "None", "depreciation": "None", "depreciationAndAmortization": "140000000", "incomeBeforeTax": "80700000", "incomeTaxExpense": "5600000", "interestAndDebtExpense": "None", "netIncomeFromContinuingOperations": "0", "comprehensiveIncomeNetOfTax": "None", "ebit": "129400000", "ebitda": "269400000", "netIncome": "72300000"}, {"fiscalDateEnding": "2012-09-30", "reportedCurrency": "USD", "grossProfit": "321000000", "totalRevenue": "887600000", "costOfRevenue": "566600000", "costofGoodsAndServicesSold": "566600000", "operatingIncome": "213700000", "sellingGeneralAndAdministrative": "0", "researchAndDevelopment": "0", "operatingExpenses": "91100000", "investmentIncomeNet": "None", "netInterestIncome": "None", "interestIncome": "None", "interestExpense": "38300000", "nonInterestIncome": "None", "otherNonOperatingIncome": "None", "depreciation": "None", "depreciationAndAmortization": "83600000", "incomeBeforeTax": "192300000", "incomeTaxExpense": "39300000", "interestAndDebtExpense": "None", "netIncomeFromContinuingOperations": "0", "comprehensiveIncomeNetOfTax": "None", "ebit": "230600000", "ebitda": "314200000", "netIncome": "154700000"}, {"fiscalDateEnding": "2012-06-30", "reportedCurrency": "USD", "grossProfit": "352700000", "totalRevenue": "690300000", "costOfRevenue": "337600000", "costofGoodsAndServicesSold": "337600000", "operatingIncome": "108800000", "sellingGeneralAndAdministrative": "0", "researchAndDevelopment": "0", "operatingExpenses": "243900000", "investmentIncomeNet": "None", "netInterestIncome": "None", "interestIncome": "None", "interestExpense": "38600000", "nonInterestIncome": "None", "otherNonOperatingIncome": "None", "depreciation": "None", "depreciationAndAmortization": "94300000", "incomeBeforeTax": "86200000", "incomeTaxExpense": "16800000", "interestAndDebtExpense": "None", "netIncomeFromContinuingOperations": "0", "comprehensiveIncomeNetOfTax": "None", "ebit": "111700000", "ebitda": "206000000", "netIncome": "69800000"}, {"fiscalDateEnding": "2012-03-31", "reportedCurrency": "USD", "grossProfit": "358100000", "totalRevenue": "765700000", "costOfRevenue": "407600000", "costofGoodsAndServicesSold": "407600000", "operatingIncome": "95600000", "sellingGeneralAndAdministrative": "0", "researchAndDevelopment": "0", "operatingExpenses": "262500000", "investmentIncomeNet": "None", "netInterestIncome": "None", "interestIncome": "None", "interestExpense": "38900000", "nonInterestIncome": "None", "otherNonOperatingIncome": "None", "depreciation": "None", "depreciationAndAmortization": "83600000", "incomeBeforeTax": "71000000", "incomeTaxExpense": "27700000", "interestAndDebtExpense": "None", "netIncomeFromContinuingOperations": "0", "comprehensiveIncomeNetOfTax": "None", "ebit": "109300000", "ebitda": "192900000", "netIncome": "38900000"}, {"fiscalDateEnding": "2011-12-31", "reportedCurrency": "USD", "grossProfit": "487300000", "totalRevenue": "879200000", "costOfRevenue": "391900000", "costofGoodsAndServicesSold": "391900000", "operatingIncome": "93500000", "sellingGeneralAndAdministrative": "0", "researchAndDevelopment": "0", "operatingExpenses": "393800000", "investmentIncomeNet": "None", "netInterestIncome": "None", "interestIncome": "None", "interestExpense": "38600000", "nonInterestIncome": "None", "otherNonOperatingIncome": "None", "depreciation": "None", "depreciationAndAmortization": "81500000", "incomeBeforeTax": "70000000", "incomeTaxExpense": "9000000", "interestAndDebtExpense": "None", "netIncomeFromContinuingOperations": "0", "comprehensiveIncomeNetOfTax": "None", "ebit": "108600000", "ebitda": "190100000", "netIncome": "61000000"}, {"fiscalDateEnding": "2011-09-30", "reportedCurrency": "USD", "grossProfit": "617400000", "totalRevenue": "1021600000", "costOfRevenue": "404200000", "costofGoodsAndServicesSold": "404200000", "operatingIncome": "185100000", "sellingGeneralAndAdministrative": "0", "researchAndDevelopment": "0", "operatingExpenses": "432300000", "investmentIncomeNet": "None", "netInterestIncome": "None", "interestIncome": "None", "interestExpense": "38800000", "nonInterestIncome": "None", "otherNonOperatingIncome": "None", "depreciation": "None", "depreciationAndAmortization": "81300000", "incomeBeforeTax": "184100000", "incomeTaxExpense": "43300000", "interestAndDebtExpense": "None", "netIncomeFromContinuingOperations": "0", "comprehensiveIncomeNetOfTax": "None", "ebit": "222900000", "ebitda": "304200000", "netIncome": "125900000"}, {"fiscalDateEnding": "2011-06-30", "reportedCurrency": "USD", "grossProfit": "456700000", "totalRevenue": "819500000", "costOfRevenue": "362800000", "costofGoodsAndServicesSold": "362800000", "operatingIncome": "72000000", "sellingGeneralAndAdministrative": "0", "researchAndDevelopment": "0", "operatingExpenses": "279100000", "investmentIncomeNet": "None", "netInterestIncome": "None", "interestIncome": "None", "interestExpense": "40400000", "nonInterestIncome": "None", "otherNonOperatingIncome": "None", "depreciation": "None", "depreciationAndAmortization": "82200000", "incomeBeforeTax": "43300000", "incomeTaxExpense": "-11200000", "interestAndDebtExpense": "None", "netIncomeFromContinuingOperations": "0", "comprehensiveIncomeNetOfTax": "None", "ebit": "85100000", "ebitda": "167300000", "netIncome": "55300000"}, {"fiscalDateEnding": "2011-03-31", "reportedCurrency": "USD", "grossProfit": "463200000", "totalRevenue": "945000000", "costOfRevenue": "481800000", "costofGoodsAndServicesSold": "481800000", "operatingIncome": "127800000", "sellingGeneralAndAdministrative": "0", "researchAndDevelopment": "0", "operatingExpenses": "335400000", "investmentIncomeNet": "None", "netInterestIncome": "None", "interestIncome": "None", "interestExpense": "40500000", "nonInterestIncome": "None", "otherNonOperatingIncome": "None", "depreciation": "None", "depreciationAndAmortization": "78800000", "incomeBeforeTax": "100600000", "incomeTaxExpense": "22400000", "interestAndDebtExpense": "None", "netIncomeFromContinuingOperations": "0", "comprehensiveIncomeNetOfTax": "None", "ebit": "141600000", "ebitda": "220400000", "netIncome": "79700000"}, {"fiscalDateEnding": "2010-12-31", "reportedCurrency": "USD", "grossProfit": "429800000", "totalRevenue": "832600000", "costOfRevenue": "402800000", "costofGoodsAndServicesSold": "402800000", "operatingIncome": "99800000", "sellingGeneralAndAdministrative": "0", "researchAndDevelopment": "0", "operatingExpenses": "330000000", "investmentIncomeNet": "None", "netInterestIncome": "None", "interestIncome": "None", "interestExpense": "40800000", "nonInterestIncome": "None", "otherNonOperatingIncome": "None", "depreciation": "None", "depreciationAndAmortization": "76400000", "incomeBeforeTax": "75100000", "incomeTaxExpense": "23400000", "interestAndDebtExpense": "None", "netIncomeFromContinuingOperations": "0", "comprehensiveIncomeNetOfTax": "None", "ebit": "115000000", "ebitda": "191400000", "netIncome": "52000000"}, {"fiscalDateEnding": "2010-09-30", "reportedCurrency": "USD", "grossProfit": "530000000", "totalRevenue": "951700000", "costOfRevenue": "421700000", "costofGoodsAndServicesSold": "421700000", "operatingIncome": "246600000", "sellingGeneralAndAdministrative": "0", "researchAndDevelopment": "0", "operatingExpenses": "283400000", "investmentIncomeNet": "None", "netInterestIncome": "None", "interestIncome": "None", "interestExpense": "41900000", "nonInterestIncome": "None", "otherNonOperatingIncome": "None", "depreciation": "None", "depreciationAndAmortization": "75500000", "incomeBeforeTax": "219600000", "incomeTaxExpense": "64100000", "interestAndDebtExpense": "None", "netIncomeFromContinuingOperations": "0", "comprehensiveIncomeNetOfTax": "None", "ebit": "261500000", "ebitda": "337000000", "netIncome": "153700000"}, {"fiscalDateEnding": "2010-06-30", "reportedCurrency": "USD", "grossProfit": "376100000", "totalRevenue": "741600000", "costOfRevenue": "365500000", "costofGoodsAndServicesSold": "365500000", "operatingIncome": "100700000", "sellingGeneralAndAdministrative": "0", "researchAndDevelopment": "0", "operatingExpenses": "275400000", "investmentIncomeNet": "None", "netInterestIncome": "None", "interestIncome": "None", "interestExpense": "39600000", "nonInterestIncome": "None", "otherNonOperatingIncome": "None", "depreciation": "None", "depreciationAndAmortization": "65500000", "incomeBeforeTax": "75700000", "incomeTaxExpense": "23000000", "interestAndDebtExpense": "None", "netIncomeFromContinuingOperations": "0", "comprehensiveIncomeNetOfTax": "None", "ebit": "115300000", "ebitda": "180800000", "netIncome": "52500000"}, {"fiscalDateEnding": "2010-03-31", "reportedCurrency": "USD", "grossProfit": "398900000", "totalRevenue": "891300000", "costOfRevenue": "492400000", "costofGoodsAndServicesSold": "492400000", "operatingIncome": "109000000", "sellingGeneralAndAdministrative": "0", "researchAndDevelopment": "0", "operatingExpenses": "289700000", "investmentIncomeNet": "None", "netInterestIncome": "None", "interestIncome": "None", "interestExpense": "40700000", "nonInterestIncome": "None", "otherNonOperatingIncome": "None", "depreciation": "None", "depreciationAndAmortization": "74900000", "incomeBeforeTax": "83000000", "incomeTaxExpense": "34900000", "interestAndDebtExpense": "None", "netIncomeFromContinuingOperations": "0", "comprehensiveIncomeNetOfTax": "None", "ebit": "123500000", "ebitda": "198400000", "netIncome": "48100000"}, {"fiscalDateEnding": "2009-12-31", "reportedCurrency": "USD", "grossProfit": "444600000", "totalRevenue": "854900000", "costOfRevenue": "410300000", "costofGoodsAndServicesSold": "410300000", "operatingIncome": "100800000", "sellingGeneralAndAdministrative": "0", "researchAndDevelopment": "0", "operatingExpenses": "343800000", "investmentIncomeNet": "None", "netInterestIncome": "None", "interestIncome": "None", "interestExpense": "41100000", "nonInterestIncome": "None", "otherNonOperatingIncome": "None", "depreciation": "None", "depreciationAndAmortization": "83100000", "incomeBeforeTax": "74300000", "incomeTaxExpense": "17300000", "interestAndDebtExpense": "None", "netIncomeFromContinuingOperations": "0", "comprehensiveIncomeNetOfTax": "None", "ebit": "115400000", "ebitda": "198500000", "netIncome": "58300000"}, {"fiscalDateEnding": "2009-09-30", "reportedCurrency": "USD", "grossProfit": "478700000", "totalRevenue": "884000000", "costOfRevenue": "405300000", "costofGoodsAndServicesSold": "405300000", "operatingIncome": "159400000", "sellingGeneralAndAdministrative": "0", "researchAndDevelopment": "0", "operatingExpenses": "319300000", "investmentIncomeNet": "None", "netInterestIncome": "None", "interestIncome": "None", "interestExpense": "42400000", "nonInterestIncome": "None", "otherNonOperatingIncome": "None", "depreciation": "None", "depreciationAndAmortization": "69900000", "incomeBeforeTax": "-61200000", "incomeTaxExpense": "-22200000", "interestAndDebtExpense": "None", "netIncomeFromContinuingOperations": "0", "comprehensiveIncomeNetOfTax": "None", "ebit": "-19500000", "ebitda": "50400000", "netIncome": "-39700000"}, {"fiscalDateEnding": "2009-06-30", "reportedCurrency": "USD", "grossProfit": "390800000", "totalRevenue": "740800000", "costOfRevenue": "350000000", "costofGoodsAndServicesSold": "350000000", "operatingIncome": "62400000", "sellingGeneralAndAdministrative": "0", "researchAndDevelopment": "0", "operatingExpenses": "328400000", "investmentIncomeNet": "None", "netInterestIncome": "None", "interestIncome": "None", "interestExpense": "35700000", "nonInterestIncome": "None", "otherNonOperatingIncome": "None", "depreciation": "None", "depreciationAndAmortization": "76900000", "incomeBeforeTax": "48100000", "incomeTaxExpense": "14400000", "interestAndDebtExpense": "None", "netIncomeFromContinuingOperations": "0", "comprehensiveIncomeNetOfTax": "None", "ebit": "83800000", "ebitda": "160700000", "netIncome": "33800000"}, {"fiscalDateEnding": "2009-03-31", "reportedCurrency": "USD", "grossProfit": "369700000", "totalRevenue": "949900000", "costOfRevenue": "580200000", "costofGoodsAndServicesSold": "580200000", "operatingIncome": "73700000", "sellingGeneralAndAdministrative": "0", "researchAndDevelopment": "0", "operatingExpenses": "296000000", "investmentIncomeNet": "None", "netInterestIncome": "None", "interestIncome": "None", "interestExpense": "35700000", "nonInterestIncome": "None", "otherNonOperatingIncome": "None", "depreciation": "None", "depreciationAndAmortization": "75800000", "incomeBeforeTax": "58400000", "incomeTaxExpense": "-18900000", "interestAndDebtExpense": "None", "netIncomeFromContinuingOperations": "0", "comprehensiveIncomeNetOfTax": "None", "ebit": "83200000", "ebitda": "159000000", "netIncome": "77300000"}, {"fiscalDateEnding": "2008-12-31", "reportedCurrency": "USD", "grossProfit": "447300000", "totalRevenue": "882000000", "costOfRevenue": "434700000", "costofGoodsAndServicesSold": "434700000", "operatingIncome": "91000000", "sellingGeneralAndAdministrative": "0", "researchAndDevelopment": "0", "operatingExpenses": "356300000", "investmentIncomeNet": "None", "netInterestIncome": "None", "interestIncome": "None", "interestExpense": "35800000", "nonInterestIncome": "None", "otherNonOperatingIncome": "None", "depreciation": "None", "depreciationAndAmortization": "105200000", "incomeBeforeTax": "91100000", "incomeTaxExpense": "21400000", "interestAndDebtExpense": "None", "netIncomeFromContinuingOperations": "0", "comprehensiveIncomeNetOfTax": "None", "ebit": "91000000", "ebitda": "196200000", "netIncome": "50600000"}, {"fiscalDateEnding": "2008-09-30", "reportedCurrency": "USD", "grossProfit": "663100000", "totalRevenue": "980300000", "costOfRevenue": "317200000", "costofGoodsAndServicesSold": "317200000", "operatingIncome": "190500000", "sellingGeneralAndAdministrative": "0", "researchAndDevelopment": "0", "operatingExpenses": "376500000", "investmentIncomeNet": "None", "netInterestIncome": "None", "interestIncome": "None", "interestExpense": "30000000", "nonInterestIncome": "None", "otherNonOperatingIncome": "None", "depreciation": "None", "depreciationAndAmortization": "69500000", "incomeBeforeTax": "176700000", "incomeTaxExpense": "67600000", "interestAndDebtExpense": "None", "netIncomeFromContinuingOperations": "0", "comprehensiveIncomeNetOfTax": "None", "ebit": "211300000", "ebitda": "280800000", "netIncome": "113100000"}, {"fiscalDateEnding": "2008-06-30", "reportedCurrency": "USD", "grossProfit": "522200000", "totalRevenue": "827400000", "costOfRevenue": "305200000", "costofGoodsAndServicesSold": "305200000", "operatingIncome": "82000000", "sellingGeneralAndAdministrative": "0", "researchAndDevelopment": "0", "operatingExpenses": "333000000", "investmentIncomeNet": "None", "netInterestIncome": "None", "interestIncome": "None", "interestExpense": "30300000", "nonInterestIncome": "None", "otherNonOperatingIncome": "None", "depreciation": "None", "depreciationAndAmortization": "84900000", "incomeBeforeTax": "67300000", "incomeTaxExpense": "10800000", "interestAndDebtExpense": "None", "netIncomeFromContinuingOperations": "0", "comprehensiveIncomeNetOfTax": "None", "ebit": "63000000", "ebitda": "147900000", "netIncome": "65500000"}, {"fiscalDateEnding": "2008-03-31", "reportedCurrency": "USD", "grossProfit": "690500000", "totalRevenue": "992000000", "costOfRevenue": "301500000", "costofGoodsAndServicesSold": "301500000", "operatingIncome": "125100000", "sellingGeneralAndAdministrative": "0", "researchAndDevelopment": "0", "operatingExpenses": "565400000", "investmentIncomeNet": "None", "netInterestIncome": "None", "interestIncome": "None", "interestExpense": "29700000", "nonInterestIncome": "None", "otherNonOperatingIncome": "None", "depreciation": "None", "depreciationAndAmortization": "61600000", "incomeBeforeTax": "113200000", "incomeTaxExpense": "40400000", "interestAndDebtExpense": "None", "netIncomeFromContinuingOperations": "0", "comprehensiveIncomeNetOfTax": "None", "ebit": "142900000", "ebitda": "204500000", "netIncome": "72800000"}, {"fiscalDateEnding": "2007-12-31", "reportedCurrency": "USD", "grossProfit": "890200000", "totalRevenue": "871400000", "costOfRevenue": "-18800000", "costofGoodsAndServicesSold": "-18800000", "operatingIncome": "341700000", "sellingGeneralAndAdministrative": "0", "researchAndDevelopment": "0", "operatingExpenses": "548500000", "investmentIncomeNet": "None", "netInterestIncome": "None", "interestIncome": "None", "interestExpense": "700000", "nonInterestIncome": "None", "otherNonOperatingIncome": "None", "depreciation": "None", "depreciationAndAmortization": "77500000", "incomeBeforeTax": "319200000", "incomeTaxExpense": "120900000", "interestAndDebtExpense": "None", "netIncomeFromContinuingOperations": "0", "comprehensiveIncomeNetOfTax": "None", "ebit": "341700000", "ebitda": "419200000", "netIncome": "193200000"}, {"fiscalDateEnding": "2007-09-30", "reportedCurrency": "USD", "grossProfit": "583700000", "totalRevenue": "907300000", "costOfRevenue": "323600000", "costofGoodsAndServicesSold": "323600000", "operatingIncome": "203600000", "sellingGeneralAndAdministrative": "0", "researchAndDevelopment": "0", "operatingExpenses": "328200000", "investmentIncomeNet": "None", "netInterestIncome": "None", "interestIncome": "None", "interestExpense": "29000000", "nonInterestIncome": "None", "otherNonOperatingIncome": "None", "depreciation": "None", "depreciationAndAmortization": "77100000", "incomeBeforeTax": "181400000", "incomeTaxExpense": "65200000", "interestAndDebtExpense": "None", "netIncomeFromContinuingOperations": "0", "comprehensiveIncomeNetOfTax": "None", "ebit": "191800000", "ebitda": "268900000", "netIncome": "119600000"}, {"fiscalDateEnding": "2007-06-30", "reportedCurrency": "USD", "grossProfit": "453300000", "totalRevenue": "746200000", "costOfRevenue": "292900000", "costofGoodsAndServicesSold": "292900000", "operatingIncome": "97000000", "sellingGeneralAndAdministrative": "0", "researchAndDevelopment": "0", "operatingExpenses": "356300000", "investmentIncomeNet": "None", "netInterestIncome": "None", "interestIncome": "None", "interestExpense": "27000000", "nonInterestIncome": "None", "otherNonOperatingIncome": "None", "depreciation": "None", "depreciationAndAmortization": "77400000", "incomeBeforeTax": "75900000", "incomeTaxExpense": "30900000", "interestAndDebtExpense": "None", "netIncomeFromContinuingOperations": "0", "comprehensiveIncomeNetOfTax": "None", "ebit": "97000000", "ebitda": "174400000", "netIncome": "48600000"}, {"fiscalDateEnding": "2007-03-31", "reportedCurrency": "USD", "grossProfit": "632400000", "totalRevenue": "912700000", "costOfRevenue": "280300000", "costofGoodsAndServicesSold": "280300000", "operatingIncome": "120800000", "sellingGeneralAndAdministrative": "0", "researchAndDevelopment": "0", "operatingExpenses": "511600000", "investmentIncomeNet": "None", "netInterestIncome": "None", "interestIncome": "None", "interestExpense": "29600000", "nonInterestIncome": "None", "otherNonOperatingIncome": "None", "depreciation": "None", "depreciationAndAmortization": "78000000", "incomeBeforeTax": "104000000", "incomeTaxExpense": "38800000", "interestAndDebtExpense": "None", "netIncomeFromContinuingOperations": "0", "comprehensiveIncomeNetOfTax": "None", "ebit": "120800000", "ebitda": "198800000", "netIncome": "63900000"}, {"fiscalDateEnding": "2006-12-31", "reportedCurrency": "USD", "grossProfit": "446100000", "totalRevenue": "841300000", "costOfRevenue": "395200000", "costofGoodsAndServicesSold": "395200000", "operatingIncome": "105300000", "sellingGeneralAndAdministrative": "0", "researchAndDevelopment": "0", "operatingExpenses": "340800000", "investmentIncomeNet": "None", "netInterestIncome": "None", "interestIncome": "None", "interestExpense": "38100000", "nonInterestIncome": "None", "otherNonOperatingIncome": "None", "depreciation": "None", "depreciationAndAmortization": "76300000", "incomeBeforeTax": "296900000", "incomeTaxExpense": "119600000", "interestAndDebtExpense": "None", "netIncomeFromContinuingOperations": "0", "comprehensiveIncomeNetOfTax": "None", "ebit": "105300000", "ebitda": "181600000", "netIncome": "179100000"}, {"fiscalDateEnding": "2006-09-30", "reportedCurrency": "USD", "grossProfit": "453700000", "totalRevenue": "890400000", "costOfRevenue": "436700000", "costofGoodsAndServicesSold": "436700000", "operatingIncome": "170500000", "sellingGeneralAndAdministrative": "0", "researchAndDevelopment": "0", "operatingExpenses": "283200000", "investmentIncomeNet": "None", "netInterestIncome": "None", "interestIncome": "None", "interestExpense": "2000000", "nonInterestIncome": "None", "otherNonOperatingIncome": "None", "depreciation": "None", "depreciationAndAmortization": "75300000", "incomeBeforeTax": "142300000", "incomeTaxExpense": "49900000", "interestAndDebtExpense": "None", "netIncomeFromContinuingOperations": "0", "comprehensiveIncomeNetOfTax": "None", "ebit": "170500000", "ebitda": "245800000", "netIncome": "91500000"}, {"fiscalDateEnding": "2006-06-30", "reportedCurrency": "USD", "grossProfit": "368100000", "totalRevenue": "696800000", "costOfRevenue": "328700000", "costofGoodsAndServicesSold": "328700000", "operatingIncome": "97900000", "sellingGeneralAndAdministrative": "0", "researchAndDevelopment": "0", "operatingExpenses": "270200000", "investmentIncomeNet": "None", "netInterestIncome": "None", "interestIncome": "None", "interestExpense": "2000000", "nonInterestIncome": "None", "otherNonOperatingIncome": "None", "depreciation": "None", "depreciationAndAmortization": "74700000", "incomeBeforeTax": "83500000", "incomeTaxExpense": "32700000", "interestAndDebtExpense": "None", "netIncomeFromContinuingOperations": "0", "comprehensiveIncomeNetOfTax": "None", "ebit": "97900000", "ebitda": "172600000", "netIncome": "50100000"}, {"fiscalDateEnding": "2006-03-31", "reportedCurrency": "USD", "grossProfit": "402400000", "totalRevenue": "930900000", "costOfRevenue": "528500000", "costofGoodsAndServicesSold": "528500000", "operatingIncome": "119800000", "sellingGeneralAndAdministrative": "0", "researchAndDevelopment": "0", "operatingExpenses": "282600000", "investmentIncomeNet": "None", "netInterestIncome": "None", "interestIncome": "None", "interestExpense": "700000", "nonInterestIncome": "None", "otherNonOperatingIncome": "None", "depreciation": "None", "depreciationAndAmortization": "79100000", "incomeBeforeTax": "18600000", "incomeTaxExpense": "800000", "interestAndDebtExpense": "None", "netIncomeFromContinuingOperations": "0", "comprehensiveIncomeNetOfTax": "None", "ebit": "119800000", "ebitda": "198900000", "netIncome": "3100000"}, {"fiscalDateEnding": "2005-12-31", "reportedCurrency": "USD", "grossProfit": "152800000", "totalRevenue": "906800000", "costOfRevenue": "754000000", "costofGoodsAndServicesSold": "754000000", "operatingIncome": "-47100000", "sellingGeneralAndAdministrative": "0", "researchAndDevelopment": "0", "operatingExpenses": "199900000", "investmentIncomeNet": "None", "netInterestIncome": "None", "interestIncome": "None", "interestExpense": "43400000", "nonInterestIncome": "None", "otherNonOperatingIncome": "None", "depreciation": "None", "depreciationAndAmortization": "94700000", "incomeBeforeTax": "-108300000", "incomeTaxExpense": "-47100000", "interestAndDebtExpense": "None", "netIncomeFromContinuingOperations": "0", "comprehensiveIncomeNetOfTax": "None", "ebit": "-47100000", "ebitda": "47600000", "netIncome": "-63900000"}, {"fiscalDateEnding": "2005-09-30", "reportedCurrency": "USD", "grossProfit": "566400000", "totalRevenue": "874200000", "costOfRevenue": "307800000", "costofGoodsAndServicesSold": "307800000", "operatingIncome": "130300000", "sellingGeneralAndAdministrative": "0", "researchAndDevelopment": "0", "operatingExpenses": "436100000", "investmentIncomeNet": "None", "netInterestIncome": "None", "interestIncome": "None", "interestExpense": "5400000", "nonInterestIncome": "None", "otherNonOperatingIncome": "None", "depreciation": "None", "depreciationAndAmortization": "95700000", "incomeBeforeTax": "109500000", "incomeTaxExpense": "9900000", "interestAndDebtExpense": "None", "netIncomeFromContinuingOperations": "0", "comprehensiveIncomeNetOfTax": "None", "ebit": "130300000", "ebitda": "226000000", "netIncome": "112500000"}]}