{"symbol": "AMSC", "annualReports": [{"fiscalDateEnding": "2025-03-31", "reportedCurrency": "USD", "grossProfit": "61854000", "totalRevenue": "222818000", "costOfRevenue": "160964000", "costofGoodsAndServicesSold": "160964000", "operatingIncome": "-1077000", "sellingGeneralAndAdministrative": "43091000", "researchAndDevelopment": "11425000", "operatingExpenses": "62931000", "investmentIncomeNet": "None", "netInterestIncome": "3708000", "interestIncome": "3708000", "interestExpense": "None", "nonInterestIncome": "None", "otherNonOperatingIncome": "None", "depreciation": "None", "depreciationAndAmortization": "6536000", "incomeBeforeTax": "2366000", "incomeTaxExpense": "-3667000", "interestAndDebtExpense": "None", "netIncomeFromContinuingOperations": "6033000", "comprehensiveIncomeNetOfTax": "None", "ebit": "5605000", "ebitda": "12141000", "netIncome": "6033000"}, {"fiscalDateEnding": "2024-03-31", "reportedCurrency": "USD", "grossProfit": "35283000", "totalRevenue": "145639000", "costOfRevenue": "110356000", "costofGoodsAndServicesSold": "110356000", "operatingIncome": "-11368000", "sellingGeneralAndAdministrative": "31600000", "researchAndDevelopment": "7991000", "operatingExpenses": "46651000", "investmentIncomeNet": "None", "netInterestIncome": "1302000", "interestIncome": "1302000", "interestExpense": "None", "nonInterestIncome": "None", "otherNonOperatingIncome": "None", "depreciation": "None", "depreciationAndAmortization": "4494000", "incomeBeforeTax": "-10802000", "incomeTaxExpense": "309000", "interestAndDebtExpense": "None", "netIncomeFromContinuingOperations": "-11111000", "comprehensiveIncomeNetOfTax": "None", "ebit": "-6460000", "ebitda": "-1966000", "netIncome": "-11111000"}, {"fiscalDateEnding": "2023-03-31", "reportedCurrency": "USD", "grossProfit": "8521000", "totalRevenue": "105984000", "costOfRevenue": "97463000", "costofGoodsAndServicesSold": "97463000", "operatingIncome": "-33009000", "sellingGeneralAndAdministrative": "28700000", "researchAndDevelopment": "8966000", "operatingExpenses": "41530000", "investmentIncomeNet": "None", "netInterestIncome": "252000", "interestIncome": "252000", "interestExpense": "1817000", "nonInterestIncome": "None", "otherNonOperatingIncome": "None", "depreciation": "None", "depreciationAndAmortization": "5361000", "incomeBeforeTax": "-34826000", "incomeTaxExpense": "215000", "interestAndDebtExpense": "None", "netIncomeFromContinuingOperations": "-35041000", "comprehensiveIncomeNetOfTax": "None", "ebit": "-31891000", "ebitda": "-26530000", "netIncome": "-35041000"}, {"fiscalDateEnding": "2022-03-31", "reportedCurrency": "USD", "grossProfit": "13492000", "totalRevenue": "108435000", "costOfRevenue": "94943000", "costofGoodsAndServicesSold": "94943000", "operatingIncome": "-21089000", "sellingGeneralAndAdministrative": "5850000", "researchAndDevelopment": "10470000", "operatingExpenses": "34581000", "investmentIncomeNet": "None", "netInterestIncome": "75000", "interestIncome": "75000", "interestExpense": "75000", "nonInterestIncome": "None", "otherNonOperatingIncome": "None", "depreciation": "None", "depreciationAndAmortization": "5341000", "incomeBeforeTax": "-21042000", "incomeTaxExpense": "-1849000", "interestAndDebtExpense": "None", "netIncomeFromContinuingOperations": "-19193000", "comprehensiveIncomeNetOfTax": "None", "ebit": "-26939000", "ebitda": "-21598000", "netIncome": "-19193000"}, {"fiscalDateEnding": "2021-03-31", "reportedCurrency": "USD", "grossProfit": "17454000", "totalRevenue": "87125000", "costOfRevenue": "69671000", "costofGoodsAndServicesSold": "69671000", "operatingIncome": "-23165000", "sellingGeneralAndAdministrative": "25322000", "researchAndDevelopment": "11015000", "operatingExpenses": "40619000", "investmentIncomeNet": "None", "netInterestIncome": "426000", "interestIncome": "426000", "interestExpense": "6465000", "nonInterestIncome": "None", "otherNonOperatingIncome": "None", "depreciation": "None", "depreciationAndAmortization": "5352000", "incomeBeforeTax": "-23510000", "incomeTaxExpense": "-832000", "interestAndDebtExpense": "None", "netIncomeFromContinuingOperations": "-22678000", "comprehensiveIncomeNetOfTax": "None", "ebit": "-20105000", "ebitda": "-14753000", "netIncome": "-22678000"}, {"fiscalDateEnding": "2020-03-31", "reportedCurrency": "USD", "grossProfit": "9445000", "totalRevenue": "63838000", "costOfRevenue": "54393000", "costofGoodsAndServicesSold": "54393000", "operatingIncome": "-23129000", "sellingGeneralAndAdministrative": "22669000", "researchAndDevelopment": "9565000", "operatingExpenses": "32574000", "investmentIncomeNet": "None", "netInterestIncome": "1327000", "interestIncome": "1327000", "interestExpense": "1327000", "nonInterestIncome": "None", "otherNonOperatingIncome": "4901000", "depreciation": "None", "depreciationAndAmortization": "4308000", "incomeBeforeTax": "-16901000", "incomeTaxExpense": "195000", "interestAndDebtExpense": "None", "netIncomeFromContinuingOperations": "-17096000", "comprehensiveIncomeNetOfTax": "None", "ebit": "-23129000", "ebitda": "-18821000", "netIncome": "-17096000"}, {"fiscalDateEnding": "2019-03-31", "reportedCurrency": "USD", "grossProfit": "14017000", "totalRevenue": "56207000", "costOfRevenue": "42190000", "costofGoodsAndServicesSold": "42190000", "operatingIncome": "34023000", "sellingGeneralAndAdministrative": "22028000", "researchAndDevelopment": "9874000", "operatingExpenses": "-20006000", "investmentIncomeNet": "None", "netInterestIncome": "1117000", "interestIncome": "2481000", "interestExpense": "1117000", "nonInterestIncome": "None", "otherNonOperatingIncome": "-1999000", "depreciation": "None", "depreciationAndAmortization": "4609000", "incomeBeforeTax": "33141000", "incomeTaxExpense": "6380000", "interestAndDebtExpense": "None", "netIncomeFromContinuingOperations": "26761000", "comprehensiveIncomeNetOfTax": "None", "ebit": "-18225000", "ebitda": "-13616000", "netIncome": "26761000"}, {"fiscalDateEnding": "2018-03-31", "reportedCurrency": "USD", "grossProfit": "3795000", "totalRevenue": "48403000", "costOfRevenue": "44608000", "costofGoodsAndServicesSold": "44608000", "operatingIncome": "-32157000", "sellingGeneralAndAdministrative": "22577000", "researchAndDevelopment": "11594000", "operatingExpenses": "35952000", "investmentIncomeNet": "None", "netInterestIncome": "147000", "interestIncome": "2020000", "interestExpense": "147000", "nonInterestIncome": "None", "otherNonOperatingIncome": "-927000", "depreciation": "None", "depreciationAndAmortization": "11459000", "incomeBeforeTax": "-32937000", "incomeTaxExpense": "-161000", "interestAndDebtExpense": "None", "netIncomeFromContinuingOperations": "-32776000", "comprehensiveIncomeNetOfTax": "None", "ebit": "-30559000", "ebitda": "-19100000", "netIncome": "-32776000"}, {"fiscalDateEnding": "2017-03-31", "reportedCurrency": "USD", "grossProfit": "10843000", "totalRevenue": "75195000", "costOfRevenue": "64352000", "costofGoodsAndServicesSold": "64352000", "operatingIncome": "-27542000", "sellingGeneralAndAdministrative": "25688000", "researchAndDevelopment": "12540000", "operatingExpenses": "38385000", "investmentIncomeNet": "None", "netInterestIncome": "-383000", "interestIncome": "1246000", "interestExpense": "383000", "nonInterestIncome": "None", "otherNonOperatingIncome": "1694000", "depreciation": "None", "depreciationAndAmortization": "7519000", "incomeBeforeTax": "-26231000", "incomeTaxExpense": "1142000", "interestAndDebtExpense": "None", "netIncomeFromContinuingOperations": "-27373000", "comprehensiveIncomeNetOfTax": "None", "ebit": "-27542000", "ebitda": "-20023000", "netIncome": "-27373000"}, {"fiscalDateEnding": "2016-03-31", "reportedCurrency": "USD", "grossProfit": "21982000", "totalRevenue": "96023000", "costOfRevenue": "74041000", "costofGoodsAndServicesSold": "74041000", "operatingIncome": "-20118000", "sellingGeneralAndAdministrative": "28861000", "researchAndDevelopment": "12303000", "operatingExpenses": "42100000", "investmentIncomeNet": "None", "netInterestIncome": "None", "interestIncome": "1827000", "interestExpense": "1037000", "nonInterestIncome": "None", "otherNonOperatingIncome": "407000", "depreciation": "None", "depreciationAndAmortization": "7972000", "incomeBeforeTax": "-20748000", "incomeTaxExpense": "2391000", "interestAndDebtExpense": "None", "netIncomeFromContinuingOperations": "-23139000", "comprehensiveIncomeNetOfTax": "None", "ebit": "-19339000", "ebitda": "-11367000", "netIncome": "-23139000"}, {"fiscalDateEnding": "2015-03-31", "reportedCurrency": "USD", "grossProfit": "3088000", "totalRevenue": "70530000", "costOfRevenue": "67442000", "costofGoodsAndServicesSold": "67442000", "operatingIncome": "-52517000", "sellingGeneralAndAdministrative": "29217000", "researchAndDevelopment": "11878000", "operatingExpenses": "55605000", "investmentIncomeNet": "None", "netInterestIncome": "None", "interestIncome": "None", "interestExpense": "1882000", "nonInterestIncome": "None", "otherNonOperatingIncome": "5559000", "depreciation": "None", "depreciationAndAmortization": "9554000", "incomeBeforeTax": "-48840000", "incomeTaxExpense": "-184000", "interestAndDebtExpense": "None", "netIncomeFromContinuingOperations": "-48656000", "comprehensiveIncomeNetOfTax": "None", "ebit": "-47151000", "ebitda": "-37597000", "netIncome": "-48656000"}, {"fiscalDateEnding": "2014-03-31", "reportedCurrency": "USD", "grossProfit": "11259000", "totalRevenue": "84117000", "costOfRevenue": "72858000", "costofGoodsAndServicesSold": "72858000", "operatingIncome": "-41429000", "sellingGeneralAndAdministrative": "37230000", "researchAndDevelopment": "12173000", "operatingExpenses": "52688000", "investmentIncomeNet": "None", "netInterestIncome": "None", "interestIncome": "None", "interestExpense": "9661000", "nonInterestIncome": "None", "otherNonOperatingIncome": "-4316000", "depreciation": "None", "depreciationAndAmortization": "10615000", "incomeBeforeTax": "-55406000", "incomeTaxExpense": "852000", "interestAndDebtExpense": "None", "netIncomeFromContinuingOperations": "-56258000", "comprehensiveIncomeNetOfTax": "None", "ebit": "-38431000", "ebitda": "-27816000", "netIncome": "-56258000"}, {"fiscalDateEnding": "2013-03-31", "reportedCurrency": "USD", "grossProfit": "15482000", "totalRevenue": "87419000", "costOfRevenue": "71937000", "costofGoodsAndServicesSold": "71937000", "operatingIncome": "-57741000", "sellingGeneralAndAdministrative": "49652000", "researchAndDevelopment": "15325000", "operatingExpenses": "73223000", "investmentIncomeNet": "None", "netInterestIncome": "None", "interestIncome": "None", "interestExpense": "14948000", "nonInterestIncome": "None", "otherNonOperatingIncome": "6294000", "depreciation": "None", "depreciationAndAmortization": "13054000", "incomeBeforeTax": "-66395000", "incomeTaxExpense": "-264000", "interestAndDebtExpense": "None", "netIncomeFromContinuingOperations": "-66131000", "comprehensiveIncomeNetOfTax": "None", "ebit": "-49819000", "ebitda": "-36765000", "netIncome": "-66131000"}, {"fiscalDateEnding": "2012-03-31", "reportedCurrency": "USD", "grossProfit": "-6339000", "totalRevenue": "76543000", "costOfRevenue": "82882000", "costofGoodsAndServicesSold": "82882000", "operatingIncome": "-136439000", "sellingGeneralAndAdministrative": "72118000", "researchAndDevelopment": "27271000", "operatingExpenses": "130100000", "investmentIncomeNet": "None", "netInterestIncome": "None", "interestIncome": "None", "interestExpense": "0", "nonInterestIncome": "None", "otherNonOperatingIncome": "738000", "depreciation": "None", "depreciationAndAmortization": "15455000", "incomeBeforeTax": "-135458000", "incomeTaxExpense": "1369000", "interestAndDebtExpense": "None", "netIncomeFromContinuingOperations": "-136827000", "comprehensiveIncomeNetOfTax": "None", "ebit": "-106700000", "ebitda": "-91245000", "netIncome": "-136827000"}, {"fiscalDateEnding": "2011-03-31", "reportedCurrency": "USD", "grossProfit": "-21580000", "totalRevenue": "286603000", "costOfRevenue": "308183000", "costofGoodsAndServicesSold": "308183000", "operatingIncome": "-177983000", "sellingGeneralAndAdministrative": "72382000", "researchAndDevelopment": "32517000", "operatingExpenses": "156403000", "investmentIncomeNet": "None", "netInterestIncome": "None", "interestIncome": "None", "interestExpense": "0", "nonInterestIncome": "None", "otherNonOperatingIncome": "7652000", "depreciation": "None", "depreciationAndAmortization": "11300000", "incomeBeforeTax": "-170331000", "incomeTaxExpense": "15953000", "interestAndDebtExpense": "None", "netIncomeFromContinuingOperations": "-186284000", "comprehensiveIncomeNetOfTax": "None", "ebit": "-128028000", "ebitda": "-116728000", "netIncome": "-186284000"}, {"fiscalDateEnding": "2010-03-31", "reportedCurrency": "USD", "grossProfit": "114978000", "totalRevenue": "315955000", "costOfRevenue": "200977000", "costofGoodsAndServicesSold": "200977000", "operatingIncome": "38661000", "sellingGeneralAndAdministrative": "50446000", "researchAndDevelopment": "23593000", "operatingExpenses": "76317000", "investmentIncomeNet": "None", "netInterestIncome": "None", "interestIncome": "None", "interestExpense": "0", "nonInterestIncome": "None", "otherNonOperatingIncome": "None", "depreciation": "None", "depreciationAndAmortization": "9789000", "incomeBeforeTax": "36756000", "incomeTaxExpense": "20508000", "interestAndDebtExpense": "None", "netIncomeFromContinuingOperations": "None", "comprehensiveIncomeNetOfTax": "None", "ebit": "39112000", "ebitda": "48901000", "netIncome": "16248000"}, {"fiscalDateEnding": "2009-03-31", "reportedCurrency": "USD", "grossProfit": "51873000", "totalRevenue": "182755000", "costOfRevenue": "130882000", "costofGoodsAndServicesSold": "130882000", "operatingIncome": "-8196000", "sellingGeneralAndAdministrative": "37516000", "researchAndDevelopment": "19675000", "operatingExpenses": "60069000", "investmentIncomeNet": "None", "netInterestIncome": "None", "interestIncome": "None", "interestExpense": "0", "nonInterestIncome": "None", "otherNonOperatingIncome": "None", "depreciation": "None", "depreciationAndAmortization": "8403000", "incomeBeforeTax": "-7900000", "incomeTaxExpense": "8735000", "interestAndDebtExpense": "None", "netIncomeFromContinuingOperations": "None", "comprehensiveIncomeNetOfTax": "None", "ebit": "-7166000", "ebitda": "1237000", "netIncome": "-16635000"}, {"fiscalDateEnding": "2008-03-31", "reportedCurrency": "USD", "grossProfit": "32033000", "totalRevenue": "112396000", "costOfRevenue": "80363000", "costofGoodsAndServicesSold": "80363000", "operatingIncome": "-24890000", "sellingGeneralAndAdministrative": "28752000", "researchAndDevelopment": "15651000", "operatingExpenses": "56923000", "investmentIncomeNet": "None", "netInterestIncome": "None", "interestIncome": "None", "interestExpense": "0", "nonInterestIncome": "None", "otherNonOperatingIncome": "None", "depreciation": "None", "depreciationAndAmortization": "10095000", "incomeBeforeTax": "-22567000", "incomeTaxExpense": "2880000", "interestAndDebtExpense": "None", "netIncomeFromContinuingOperations": "None", "comprehensiveIncomeNetOfTax": "None", "ebit": "-17428000", "ebitda": "-7333000", "netIncome": "-25447000"}, {"fiscalDateEnding": "2007-03-31", "reportedCurrency": "USD", "grossProfit": "-517000", "totalRevenue": "52183000", "costOfRevenue": "52700000", "costofGoodsAndServicesSold": "52700000", "operatingIncome": "-36532000", "sellingGeneralAndAdministrative": "17894000", "researchAndDevelopment": "17453000", "operatingExpenses": "36015000", "investmentIncomeNet": "None", "netInterestIncome": "None", "interestIncome": "None", "interestExpense": "0", "nonInterestIncome": "None", "otherNonOperatingIncome": "None", "depreciation": "None", "depreciationAndAmortization": "4756000", "incomeBeforeTax": "-34777000", "incomeTaxExpense": "-101000", "interestAndDebtExpense": "None", "netIncomeFromContinuingOperations": "None", "comprehensiveIncomeNetOfTax": "None", "ebit": "-36008000", "ebitda": "-31252000", "netIncome": "-34675000"}, {"fiscalDateEnding": "2006-03-31", "reportedCurrency": "USD", "grossProfit": "-2576719", "totalRevenue": "50872448", "costOfRevenue": "53449167", "costofGoodsAndServicesSold": "53449167", "operatingIncome": "-33486556", "sellingGeneralAndAdministrative": "10988926", "researchAndDevelopment": "14961060", "operatingExpenses": "30909837", "investmentIncomeNet": "None", "netInterestIncome": "None", "interestIncome": "None", "interestExpense": "0", "nonInterestIncome": "None", "otherNonOperatingIncome": "None", "depreciation": "None", "depreciationAndAmortization": "7905809", "incomeBeforeTax": "-30876310000", "incomeTaxExpense": "-2610246", "interestAndDebtExpense": "None", "netIncomeFromContinuingOperations": "None", "comprehensiveIncomeNetOfTax": "None", "ebit": "-33486556", "ebitda": "-25580747", "netIncome": "-30876310"}], "quarterlyReports": [{"fiscalDateEnding": "2025-12-31", "reportedCurrency": "USD", "grossProfit": "22852000", "totalRevenue": "74529000", "costOfRevenue": "51677000", "costofGoodsAndServicesSold": "51677000", "operatingIncome": "3359000", "sellingGeneralAndAdministrative": "15440000", "researchAndDevelopment": "3543000", "operatingExpenses": "19493000", "investmentIncomeNet": "None", "netInterestIncome": "1997000", "interestIncome": "1997000", "interestExpense": "None", "nonInterestIncome": "None", "otherNonOperatingIncome": "None", "depreciation": "None", "depreciationAndAmortization": "1883000", "incomeBeforeTax": "5433000", "incomeTaxExpense": "-112373000", "interestAndDebtExpense": "None", "netIncomeFromContinuingOperations": "117806000", "comprehensiveIncomeNetOfTax": "None", "ebit": "4645000", "ebitda": "6528000", "netIncome": "117806000"}, {"fiscalDateEnding": "2025-09-30", "reportedCurrency": "USD", "grossProfit": "20439000", "totalRevenue": "65861999", "costOfRevenue": "45423000", "costofGoodsAndServicesSold": "45423000", "operatingIncome": "2965000", "sellingGeneralAndAdministrative": "13408000", "researchAndDevelopment": "3729000", "operatingExpenses": "17473999", "investmentIncomeNet": "None", "netInterestIncome": "2269000", "interestIncome": "2269000", "interestExpense": "None", "nonInterestIncome": "None", "otherNonOperatingIncome": "None", "depreciation": "None", "depreciationAndAmortization": "1296000", "incomeBeforeTax": "4867000", "incomeTaxExpense": "117000", "interestAndDebtExpense": "None", "netIncomeFromContinuingOperations": "4750000", "comprehensiveIncomeNetOfTax": "None", "ebit": "4867000", "ebitda": "6163000", "netIncome": "4750000"}, {"fiscalDateEnding": "2025-06-30", "reportedCurrency": "USD", "grossProfit": "24489000", "totalRevenue": "72358000", "costOfRevenue": "47869000", "costofGoodsAndServicesSold": "47869000", "operatingIncome": "5644000", "sellingGeneralAndAdministrative": "14204000", "researchAndDevelopment": "4304000", "operatingExpenses": "18845000", "investmentIncomeNet": "None", "netInterestIncome": "932000", "interestIncome": "932000", "interestExpense": "None", "nonInterestIncome": "None", "otherNonOperatingIncome": "None", "depreciation": "None", "depreciationAndAmortization": "1472000", "incomeBeforeTax": "6923000", "incomeTaxExpense": "199000", "interestAndDebtExpense": "None", "netIncomeFromContinuingOperations": "6724000", "comprehensiveIncomeNetOfTax": "None", "ebit": "5644000", "ebitda": "7116000", "netIncome": "6724000"}, {"fiscalDateEnding": "2025-03-31", "reportedCurrency": "USD", "grossProfit": "17691000", "totalRevenue": "66655000", "costOfRevenue": "48964000", "costofGoodsAndServicesSold": "48964000", "operatingIncome": "1653000", "sellingGeneralAndAdministrative": "10525000", "researchAndDevelopment": "3493000", "operatingExpenses": "16038000", "investmentIncomeNet": "None", "netInterestIncome": "807000", "interestIncome": "807000", "interestExpense": "None", "nonInterestIncome": "None", "otherNonOperatingIncome": "None", "depreciation": "None", "depreciationAndAmortization": "1799000", "incomeBeforeTax": "2409000", "incomeTaxExpense": "1204000", "interestAndDebtExpense": "None", "netIncomeFromContinuingOperations": "1205000", "comprehensiveIncomeNetOfTax": "None", "ebit": "1653000", "ebitda": "3452000", "netIncome": "1205000"}, {"fiscalDateEnding": "2024-12-31", "reportedCurrency": "USD", "grossProfit": "16326000", "totalRevenue": "61403000", "costOfRevenue": "45077000", "costofGoodsAndServicesSold": "45077000", "operatingIncome": "1315000", "sellingGeneralAndAdministrative": "11567000", "researchAndDevelopment": "3000000", "operatingExpenses": "15011000", "investmentIncomeNet": "None", "netInterestIncome": "802000", "interestIncome": "802000", "interestExpense": "None", "nonInterestIncome": "None", "otherNonOperatingIncome": "None", "depreciation": "None", "depreciationAndAmortization": "1796000", "incomeBeforeTax": "2389000", "incomeTaxExpense": "-76000", "interestAndDebtExpense": "None", "netIncomeFromContinuingOperations": "2465000", "comprehensiveIncomeNetOfTax": "None", "ebit": "1315000", "ebitda": "3111000", "netIncome": "2465000"}, {"fiscalDateEnding": "2024-09-30", "reportedCurrency": "USD", "grossProfit": "15613000", "totalRevenue": "54471000", "costOfRevenue": "38858000", "costofGoodsAndServicesSold": "38858000", "operatingIncome": "-753000", "sellingGeneralAndAdministrative": "10525000", "researchAndDevelopment": "2646000", "operatingExpenses": "16366000", "investmentIncomeNet": "None", "netInterestIncome": "979000", "interestIncome": "979000", "interestExpense": "None", "nonInterestIncome": "None", "otherNonOperatingIncome": "None", "depreciation": "None", "depreciationAndAmortization": "1933000", "incomeBeforeTax": "-103000", "incomeTaxExpense": "-4990000", "interestAndDebtExpense": "None", "netIncomeFromContinuingOperations": "4887000", "comprehensiveIncomeNetOfTax": "None", "ebit": "2009000", "ebitda": "3942000", "netIncome": "4887000"}, {"fiscalDateEnding": "2024-06-30", "reportedCurrency": "USD", "grossProfit": "12225000", "totalRevenue": "40290000", "costOfRevenue": "28065000", "costofGoodsAndServicesSold": "28065000", "operatingIncome": "-3291000", "sellingGeneralAndAdministrative": "8898000", "researchAndDevelopment": "2286000", "operatingExpenses": "15516000", "investmentIncomeNet": "None", "netInterestIncome": "1120000", "interestIncome": "1120000", "interestExpense": "None", "nonInterestIncome": "None", "otherNonOperatingIncome": "None", "depreciation": "None", "depreciationAndAmortization": "1008000", "incomeBeforeTax": "-2331000", "incomeTaxExpense": "193000", "interestAndDebtExpense": "None", "netIncomeFromContinuingOperations": "-2524000", "comprehensiveIncomeNetOfTax": "None", "ebit": "629000", "ebitda": "1637000", "netIncome": "-2524000"}, {"fiscalDateEnding": "2024-03-31", "reportedCurrency": "USD", "grossProfit": "10431000", "totalRevenue": "42028000", "costOfRevenue": "31597000", "costofGoodsAndServicesSold": "31597000", "operatingIncome": "-2227000", "sellingGeneralAndAdministrative": "15814000", "researchAndDevelopment": "2298000", "operatingExpenses": "12658000", "investmentIncomeNet": "None", "netInterestIncome": "784000", "interestIncome": "784000", "interestExpense": "None", "nonInterestIncome": "None", "otherNonOperatingIncome": "None", "depreciation": "None", "depreciationAndAmortization": "1134000", "incomeBeforeTax": "-1561000", "incomeTaxExpense": "18000", "interestAndDebtExpense": "None", "netIncomeFromContinuingOperations": "-1579000", "comprehensiveIncomeNetOfTax": "None", "ebit": "-357000", "ebitda": "777000", "netIncome": "-1579000"}, {"fiscalDateEnding": "2023-12-31", "reportedCurrency": "USD", "grossProfit": "9984000", "totalRevenue": "39353000", "costOfRevenue": "29369000", "costofGoodsAndServicesSold": "29369000", "operatingIncome": "-1438000", "sellingGeneralAndAdministrative": "7833000", "researchAndDevelopment": "2199000", "operatingExpenses": "11422000", "investmentIncomeNet": "None", "netInterestIncome": "150000", "interestIncome": "150000", "interestExpense": "None", "nonInterestIncome": "None", "otherNonOperatingIncome": "None", "depreciation": "None", "depreciationAndAmortization": "1004000", "incomeBeforeTax": "-1586000", "incomeTaxExpense": "63000", "interestAndDebtExpense": "None", "netIncomeFromContinuingOperations": "-1649000", "comprehensiveIncomeNetOfTax": "None", "ebit": "-586000", "ebitda": "418000", "netIncome": "-1649000"}, {"fiscalDateEnding": "2023-09-30", "reportedCurrency": "USD", "grossProfit": "8586000", "totalRevenue": "34004000", "costOfRevenue": "25418000", "costofGoodsAndServicesSold": "25418000", "operatingIncome": "-2369000", "sellingGeneralAndAdministrative": "7946000", "researchAndDevelopment": "1641000", "operatingExpenses": "10955000", "investmentIncomeNet": "None", "netInterestIncome": "194000", "interestIncome": "194000", "interestExpense": "None", "nonInterestIncome": "None", "otherNonOperatingIncome": "None", "depreciation": "None", "depreciationAndAmortization": "1237000", "incomeBeforeTax": "-2379000", "incomeTaxExpense": "106000", "interestAndDebtExpense": "None", "netIncomeFromContinuingOperations": "-2485000", "comprehensiveIncomeNetOfTax": "None", "ebit": "-1539000", "ebitda": "-302000", "netIncome": "-2485000"}, {"fiscalDateEnding": "2023-06-30", "reportedCurrency": "USD", "grossProfit": "6282000", "totalRevenue": "30254000", "costOfRevenue": "23972000", "costofGoodsAndServicesSold": "23972000", "operatingIncome": "-5333000", "sellingGeneralAndAdministrative": "7868000", "researchAndDevelopment": "1853000", "operatingExpenses": "11615000", "investmentIncomeNet": "None", "netInterestIncome": "174000", "interestIncome": "174000", "interestExpense": "174000", "nonInterestIncome": "None", "otherNonOperatingIncome": "-118000", "depreciation": "None", "depreciationAndAmortization": "1119000", "incomeBeforeTax": "-5277000", "incomeTaxExpense": "121000", "interestAndDebtExpense": "None", "netIncomeFromContinuingOperations": "-5398000", "comprehensiveIncomeNetOfTax": "None", "ebit": "-3977000", "ebitda": "-2858000", "netIncome": "-5398000"}, {"fiscalDateEnding": "2023-03-31", "reportedCurrency": "USD", "grossProfit": "3813000", "totalRevenue": "31743000", "costOfRevenue": "27930000", "costofGoodsAndServicesSold": "27930000", "operatingIncome": "-6839000", "sellingGeneralAndAdministrative": "6616000", "researchAndDevelopment": "1890000", "operatingExpenses": "10652000", "investmentIncomeNet": "None", "netInterestIncome": "140000", "interestIncome": "140000", "interestExpense": "111000", "nonInterestIncome": "None", "otherNonOperatingIncome": "None", "depreciation": "None", "depreciationAndAmortization": "1257000", "incomeBeforeTax": "-6799000", "incomeTaxExpense": "71000", "interestAndDebtExpense": "None", "netIncomeFromContinuingOperations": "-6870000", "comprehensiveIncomeNetOfTax": "None", "ebit": "-5381000", "ebitda": "-4124000", "netIncome": "-6870000"}, {"fiscalDateEnding": "2022-12-31", "reportedCurrency": "USD", "grossProfit": "517000", "totalRevenue": "23881000", "costOfRevenue": "23364000", "costofGoodsAndServicesSold": "23364000", "operatingIncome": "-9209000", "sellingGeneralAndAdministrative": "6953000", "researchAndDevelopment": "2083000", "operatingExpenses": "9726000", "investmentIncomeNet": "None", "netInterestIncome": "42000", "interestIncome": "42000", "interestExpense": "42000", "nonInterestIncome": "None", "otherNonOperatingIncome": "-287000", "depreciation": "None", "depreciationAndAmortization": "1305000", "incomeBeforeTax": "-9454000", "incomeTaxExpense": "127000", "interestAndDebtExpense": "None", "netIncomeFromContinuingOperations": "-9581000", "comprehensiveIncomeNetOfTax": "None", "ebit": "-9429000", "ebitda": "-8124000", "netIncome": "-9581000"}, {"fiscalDateEnding": "2022-09-30", "reportedCurrency": "USD", "grossProfit": "1970000", "totalRevenue": "27680000", "costOfRevenue": "25710000", "costofGoodsAndServicesSold": "25710000", "operatingIncome": "-8092000", "sellingGeneralAndAdministrative": "7350000", "researchAndDevelopment": "2314000", "operatingExpenses": "10062000", "investmentIncomeNet": "None", "netInterestIncome": "45000", "interestIncome": "45000", "interestExpense": "45000", "nonInterestIncome": "None", "otherNonOperatingIncome": "-1848000", "depreciation": "None", "depreciationAndAmortization": "1398000", "incomeBeforeTax": "-9895000", "incomeTaxExpense": "-14000", "interestAndDebtExpense": "None", "netIncomeFromContinuingOperations": "-9881000", "comprehensiveIncomeNetOfTax": "None", "ebit": "-8382000", "ebitda": "-6984000", "netIncome": "-9881000"}, {"fiscalDateEnding": "2022-06-30", "reportedCurrency": "USD", "grossProfit": "2221000", "totalRevenue": "22679000", "costOfRevenue": "20458000", "costofGoodsAndServicesSold": "20458000", "operatingIncome": "-8869000", "sellingGeneralAndAdministrative": "7562000", "researchAndDevelopment": "2678000", "operatingExpenses": "11090000", "investmentIncomeNet": "None", "netInterestIncome": "24000", "interestIncome": "24000", "interestExpense": "24000", "nonInterestIncome": "None", "otherNonOperatingIncome": "167000", "depreciation": "None", "depreciationAndAmortization": "1401000", "incomeBeforeTax": "-8678000", "incomeTaxExpense": "32000", "interestAndDebtExpense": "None", "netIncomeFromContinuingOperations": "-8710000", "comprehensiveIncomeNetOfTax": "None", "ebit": "-8699000", "ebitda": "-7298000", "netIncome": "-8710000"}, {"fiscalDateEnding": "2022-03-31", "reportedCurrency": "USD", "grossProfit": "3291000", "totalRevenue": "28309000", "costOfRevenue": "25018000", "costofGoodsAndServicesSold": "25018000", "operatingIncome": "-4907000", "sellingGeneralAndAdministrative": "22026000", "researchAndDevelopment": "2102000", "operatingExpenses": "8198000", "investmentIncomeNet": "None", "netInterestIncome": "7000", "interestIncome": "7000", "interestExpense": "7000", "nonInterestIncome": "None", "otherNonOperatingIncome": "None", "depreciation": "None", "depreciationAndAmortization": "1332000", "incomeBeforeTax": "-4935000", "incomeTaxExpense": "97000", "interestAndDebtExpense": "None", "netIncomeFromContinuingOperations": "-5032000", "comprehensiveIncomeNetOfTax": "None", "ebit": "-6317000", "ebitda": "-4985000", "netIncome": "-5032000"}, {"fiscalDateEnding": "2021-12-31", "reportedCurrency": "USD", "grossProfit": "3572000", "totalRevenue": "26799000", "costOfRevenue": "23227000", "costofGoodsAndServicesSold": "23227000", "operatingIncome": "-4380000", "sellingGeneralAndAdministrative": "4667000", "researchAndDevelopment": "2657000", "operatingExpenses": "7952000", "investmentIncomeNet": "None", "netInterestIncome": "12000", "interestIncome": "12000", "interestExpense": "12000", "nonInterestIncome": "None", "otherNonOperatingIncome": "45000", "depreciation": "None", "depreciationAndAmortization": "1378000", "incomeBeforeTax": "-4323000", "incomeTaxExpense": "1000", "interestAndDebtExpense": "None", "netIncomeFromContinuingOperations": "-4324000", "comprehensiveIncomeNetOfTax": "None", "ebit": "-6490000", "ebitda": "-5112000", "netIncome": "-4324000"}, {"fiscalDateEnding": "2021-09-30", "reportedCurrency": "USD", "grossProfit": "3261000", "totalRevenue": "27908000", "costOfRevenue": "24647000", "costofGoodsAndServicesSold": "24647000", "operatingIncome": "-4302000", "sellingGeneralAndAdministrative": "4267000", "researchAndDevelopment": "2669000", "operatingExpenses": "7563000", "investmentIncomeNet": "None", "netInterestIncome": "25000", "interestIncome": "25000", "interestExpense": "25000", "nonInterestIncome": "None", "otherNonOperatingIncome": "24000", "depreciation": "None", "depreciationAndAmortization": "1363000", "incomeBeforeTax": "-4253000", "incomeTaxExpense": "181000", "interestAndDebtExpense": "None", "netIncomeFromContinuingOperations": "-4434000", "comprehensiveIncomeNetOfTax": "None", "ebit": "-6732000", "ebitda": "-5369000", "netIncome": "-4434000"}, {"fiscalDateEnding": "2021-06-30", "reportedCurrency": "USD", "grossProfit": "3369000", "totalRevenue": "25420000", "costOfRevenue": "22051000", "costofGoodsAndServicesSold": "22051000", "operatingIncome": "-7499000", "sellingGeneralAndAdministrative": "7142000", "researchAndDevelopment": "3041000", "operatingExpenses": "10868000", "investmentIncomeNet": "None", "netInterestIncome": "32000", "interestIncome": "32000", "interestExpense": "32000", "nonInterestIncome": "None", "otherNonOperatingIncome": "-64000", "depreciation": "None", "depreciationAndAmortization": "1268000", "incomeBeforeTax": "-7531000", "incomeTaxExpense": "-2128000", "interestAndDebtExpense": "None", "netIncomeFromContinuingOperations": "-7616000", "comprehensiveIncomeNetOfTax": "None", "ebit": "-7399000", "ebitda": "-6131000", "netIncome": "-5403000"}, {"fiscalDateEnding": "2021-03-31", "reportedCurrency": "USD", "grossProfit": "2937000", "totalRevenue": "21164000", "costOfRevenue": "18227000", "costofGoodsAndServicesSold": "18227000", "operatingIncome": "-7484000", "sellingGeneralAndAdministrative": "6713000", "researchAndDevelopment": "2767000", "operatingExpenses": "10421000", "investmentIncomeNet": "None", "netInterestIncome": "53000", "interestIncome": "53000", "interestExpense": "None", "nonInterestIncome": "None", "otherNonOperatingIncome": "None", "depreciation": "None", "depreciationAndAmortization": "1541000", "incomeBeforeTax": "-7282000", "incomeTaxExpense": "334000", "interestAndDebtExpense": "None", "netIncomeFromContinuingOperations": "-7616000", "comprehensiveIncomeNetOfTax": "None", "ebit": "-7164000", "ebitda": "-5623000", "netIncome": "-7616000"}, {"fiscalDateEnding": "2020-12-31", "reportedCurrency": "USD", "grossProfit": "3956000", "totalRevenue": "23632000", "costOfRevenue": "19676000", "costofGoodsAndServicesSold": "19676000", "operatingIncome": "-9258000", "sellingGeneralAndAdministrative": "7085000", "researchAndDevelopment": "3029000", "operatingExpenses": "13214000", "investmentIncomeNet": "None", "netInterestIncome": "53000", "interestIncome": "53000", "interestExpense": "53000", "nonInterestIncome": "None", "otherNonOperatingIncome": "-274000", "depreciation": "None", "depreciationAndAmortization": "1802000", "incomeBeforeTax": "-9479000", "incomeTaxExpense": "-1546000", "interestAndDebtExpense": "None", "netIncomeFromContinuingOperations": "-7933000", "comprehensiveIncomeNetOfTax": "None", "ebit": "-6518000", "ebitda": "-4716000", "netIncome": "-7933000"}, {"fiscalDateEnding": "2020-09-30", "reportedCurrency": "USD", "grossProfit": "5521000", "totalRevenue": "21117000", "costOfRevenue": "15596000", "costofGoodsAndServicesSold": "15596000", "operatingIncome": "-3206000", "sellingGeneralAndAdministrative": "5887000", "researchAndDevelopment": "2719000", "operatingExpenses": "8727000", "investmentIncomeNet": "None", "netInterestIncome": "161000", "interestIncome": "161000", "interestExpense": "161000", "nonInterestIncome": "None", "otherNonOperatingIncome": "-476000", "depreciation": "None", "depreciationAndAmortization": "1009000", "incomeBeforeTax": "-3521000", "incomeTaxExpense": "191000", "interestAndDebtExpense": "None", "netIncomeFromContinuingOperations": "-3712000", "comprehensiveIncomeNetOfTax": "None", "ebit": "-3206000", "ebitda": "-2197000", "netIncome": "-3712000"}, {"fiscalDateEnding": "2020-06-30", "reportedCurrency": "USD", "grossProfit": "5040000", "totalRevenue": "21213000", "costOfRevenue": "16173000", "costofGoodsAndServicesSold": "16173000", "operatingIncome": "-3217000", "sellingGeneralAndAdministrative": "5637000", "researchAndDevelopment": "2499000", "operatingExpenses": "8257000", "investmentIncomeNet": "None", "netInterestIncome": "158000", "interestIncome": "158000", "interestExpense": "158000", "nonInterestIncome": "None", "otherNonOperatingIncome": "-170000", "depreciation": "None", "depreciationAndAmortization": "1000000", "incomeBeforeTax": "-3229000", "incomeTaxExpense": "188000", "interestAndDebtExpense": "None", "netIncomeFromContinuingOperations": "-3417000", "comprehensiveIncomeNetOfTax": "None", "ebit": "-3217000", "ebitda": "-2217000", "netIncome": "-3417000"}, {"fiscalDateEnding": "2020-03-31", "reportedCurrency": "USD", "grossProfit": "2518000", "totalRevenue": "18141000", "costOfRevenue": "15623000", "costofGoodsAndServicesSold": "15623000", "operatingIncome": "-6155000", "sellingGeneralAndAdministrative": "5943000", "researchAndDevelopment": "2645000", "operatingExpenses": "8673000", "investmentIncomeNet": "None", "netInterestIncome": "226000", "interestIncome": "226000", "interestExpense": "225000", "nonInterestIncome": "None", "otherNonOperatingIncome": "209000", "depreciation": "None", "depreciationAndAmortization": "996000", "incomeBeforeTax": "-5721000", "incomeTaxExpense": "166000", "interestAndDebtExpense": "None", "netIncomeFromContinuingOperations": "-5887000", "comprehensiveIncomeNetOfTax": "None", "ebit": "-6155000", "ebitda": "-5159000", "netIncome": "-5887000"}, {"fiscalDateEnding": "2019-12-31", "reportedCurrency": "USD", "grossProfit": "1586000", "totalRevenue": "17915000", "costOfRevenue": "16329000", "costofGoodsAndServicesSold": "16329000", "operatingIncome": "-6619000", "sellingGeneralAndAdministrative": "6071000", "researchAndDevelopment": "2049000", "operatingExpenses": "8205000", "investmentIncomeNet": "None", "netInterestIncome": "262000", "interestIncome": "818000", "interestExpense": "262000", "nonInterestIncome": "None", "otherNonOperatingIncome": "-376000", "depreciation": "None", "depreciationAndAmortization": "1050000", "incomeBeforeTax": "-6733000", "incomeTaxExpense": "112000", "interestAndDebtExpense": "None", "netIncomeFromContinuingOperations": "-6845000", "comprehensiveIncomeNetOfTax": "None", "ebit": "-6619000", "ebitda": "-5569000", "netIncome": "-6845000"}, {"fiscalDateEnding": "2019-09-30", "reportedCurrency": "USD", "grossProfit": "3764000", "totalRevenue": "14012000", "costOfRevenue": "10248000", "costofGoodsAndServicesSold": "10248000", "operatingIncome": "-4119000", "sellingGeneralAndAdministrative": "5400000", "researchAndDevelopment": "2398000", "operatingExpenses": "7883000", "investmentIncomeNet": "None", "netInterestIncome": "335000", "interestIncome": "1480000", "interestExpense": "335000", "nonInterestIncome": "None", "otherNonOperatingIncome": "2665000", "depreciation": "None", "depreciationAndAmortization": "1113000", "incomeBeforeTax": "-1119000", "incomeTaxExpense": "-294000", "interestAndDebtExpense": "None", "netIncomeFromContinuingOperations": "-825000", "comprehensiveIncomeNetOfTax": "None", "ebit": "-4119000", "ebitda": "-3006000", "netIncome": "-825000"}, {"fiscalDateEnding": "2019-06-30", "reportedCurrency": "USD", "grossProfit": "1577000", "totalRevenue": "13770000", "costOfRevenue": "12193000", "costofGoodsAndServicesSold": "12193000", "operatingIncome": "-6236000", "sellingGeneralAndAdministrative": "5255000", "researchAndDevelopment": "2473000", "operatingExpenses": "7813000", "investmentIncomeNet": "None", "netInterestIncome": "505000", "interestIncome": "3451000", "interestExpense": "505000", "nonInterestIncome": "None", "otherNonOperatingIncome": "2403000", "depreciation": "None", "depreciationAndAmortization": "1149000", "incomeBeforeTax": "-3328000", "incomeTaxExpense": "211000", "interestAndDebtExpense": "None", "netIncomeFromContinuingOperations": "-3539000", "comprehensiveIncomeNetOfTax": "None", "ebit": "-6236000", "ebitda": "-5087000", "netIncome": "-3539000"}, {"fiscalDateEnding": "2019-03-31", "reportedCurrency": "USD", "grossProfit": "2763000", "totalRevenue": "14589000", "costOfRevenue": "11826000", "costofGoodsAndServicesSold": "11826000", "operatingIncome": "-6343000", "sellingGeneralAndAdministrative": "5720000", "researchAndDevelopment": "2301000", "operatingExpenses": "9106000", "investmentIncomeNet": "None", "netInterestIncome": "348000", "interestIncome": "719000", "interestExpense": "348000", "nonInterestIncome": "None", "otherNonOperatingIncome": "-527000", "depreciation": "None", "depreciationAndAmortization": "1154000", "incomeBeforeTax": "-6521000", "incomeTaxExpense": "1832000", "interestAndDebtExpense": "None", "netIncomeFromContinuingOperations": "-8353000", "comprehensiveIncomeNetOfTax": "None", "ebit": "-5343000", "ebitda": "-4189000", "netIncome": "-8353000"}, {"fiscalDateEnding": "2018-12-31", "reportedCurrency": "USD", "grossProfit": "3736000", "totalRevenue": "14134000", "costOfRevenue": "10398000", "costofGoodsAndServicesSold": "10398000", "operatingIncome": "20765000", "sellingGeneralAndAdministrative": "5347000", "researchAndDevelopment": "2470000", "operatingExpenses": "-17029000", "investmentIncomeNet": "None", "netInterestIncome": "None", "interestIncome": "None", "interestExpense": "336000", "nonInterestIncome": "None", "otherNonOperatingIncome": "-2224000", "depreciation": "None", "depreciationAndAmortization": "1148000", "incomeBeforeTax": "18877000", "incomeTaxExpense": "1584000", "interestAndDebtExpense": "None", "netIncomeFromContinuingOperations": "17293000", "comprehensiveIncomeNetOfTax": "None", "ebit": "-4166000", "ebitda": "-3018000", "netIncome": "17293000"}, {"fiscalDateEnding": "2018-09-30", "reportedCurrency": "USD", "grossProfit": "3624000", "totalRevenue": "14876000", "costOfRevenue": "11252000", "costofGoodsAndServicesSold": "11252000", "operatingIncome": "24727000", "sellingGeneralAndAdministrative": "5175000", "researchAndDevelopment": "2264000", "operatingExpenses": "-21103000", "investmentIncomeNet": "None", "netInterestIncome": "None", "interestIncome": "None", "interestExpense": "232000", "nonInterestIncome": "None", "otherNonOperatingIncome": "607000", "depreciation": "None", "depreciationAndAmortization": "1157000", "incomeBeforeTax": "25566000", "incomeTaxExpense": "3008000", "interestAndDebtExpense": "None", "netIncomeFromContinuingOperations": "22558000", "comprehensiveIncomeNetOfTax": "None", "ebit": "-3900000", "ebitda": "-2743000", "netIncome": "22558000"}, {"fiscalDateEnding": "2018-06-30", "reportedCurrency": "USD", "grossProfit": "3893000", "totalRevenue": "12607000", "costOfRevenue": "8714000", "costofGoodsAndServicesSold": "8714000", "operatingIncome": "-5128000", "sellingGeneralAndAdministrative": "5786000", "researchAndDevelopment": "2840000", "operatingExpenses": "9021000", "investmentIncomeNet": "None", "netInterestIncome": "None", "interestIncome": "None", "interestExpense": "201000", "nonInterestIncome": "None", "otherNonOperatingIncome": "145000", "depreciation": "None", "depreciationAndAmortization": "1150000", "incomeBeforeTax": "-4782000", "incomeTaxExpense": "-45000", "interestAndDebtExpense": "None", "netIncomeFromContinuingOperations": "-4737000", "comprehensiveIncomeNetOfTax": "None", "ebit": "-4818000", "ebitda": "-3668000", "netIncome": "-4737000"}, {"fiscalDateEnding": "2018-03-31", "reportedCurrency": "USD", "grossProfit": "2994000", "totalRevenue": "13499000", "costOfRevenue": "10505000", "costofGoodsAndServicesSold": "10505000", "operatingIncome": "-5807000", "sellingGeneralAndAdministrative": "5613000", "researchAndDevelopment": "2904000", "operatingExpenses": "8801000", "investmentIncomeNet": "None", "netInterestIncome": "None", "interestIncome": "None", "interestExpense": "54000", "nonInterestIncome": "None", "otherNonOperatingIncome": "-897000", "depreciation": "None", "depreciationAndAmortization": "2220000", "incomeBeforeTax": "-6651000", "incomeTaxExpense": "-657000", "interestAndDebtExpense": "None", "netIncomeFromContinuingOperations": "-5995000", "comprehensiveIncomeNetOfTax": "None", "ebit": "-5608000", "ebitda": "-3388000", "netIncome": "-5994000"}, {"fiscalDateEnding": "2017-12-31", "reportedCurrency": "USD", "grossProfit": "5016000", "totalRevenue": "14933000", "costOfRevenue": "9917000", "costofGoodsAndServicesSold": "9917000", "operatingIncome": "-3851000", "sellingGeneralAndAdministrative": "5486000", "researchAndDevelopment": "3023000", "operatingExpenses": "8867000", "investmentIncomeNet": "None", "netInterestIncome": "None", "interestIncome": "None", "interestExpense": "49000", "nonInterestIncome": "None", "otherNonOperatingIncome": "120000", "depreciation": "None", "depreciationAndAmortization": "1557000", "incomeBeforeTax": "-3682000", "incomeTaxExpense": "566000", "interestAndDebtExpense": "None", "netIncomeFromContinuingOperations": "-4248000", "comprehensiveIncomeNetOfTax": "None", "ebit": "-3578000", "ebitda": "-2021000", "netIncome": "-4248000"}, {"fiscalDateEnding": "2017-09-30", "reportedCurrency": "USD", "grossProfit": "272000", "totalRevenue": "11049000", "costOfRevenue": "10777000", "costofGoodsAndServicesSold": "10777000", "operatingIncome": "-7805000", "sellingGeneralAndAdministrative": "5339000", "researchAndDevelopment": "2951000", "operatingExpenses": "8077000", "investmentIncomeNet": "None", "netInterestIncome": "None", "interestIncome": "None", "interestExpense": "54000", "nonInterestIncome": "None", "otherNonOperatingIncome": "299000", "depreciation": "None", "depreciationAndAmortization": "3337000", "incomeBeforeTax": "-7452000", "incomeTaxExpense": "-171000", "interestAndDebtExpense": "None", "netIncomeFromContinuingOperations": "-7281000", "comprehensiveIncomeNetOfTax": "None", "ebit": "-7817000", "ebitda": "-4480000", "netIncome": "-7281000"}, {"fiscalDateEnding": "2017-06-30", "reportedCurrency": "USD", "grossProfit": "-4486000", "totalRevenue": "8923000", "costOfRevenue": "13409000", "costofGoodsAndServicesSold": "13409000", "operatingIncome": "-14693000", "sellingGeneralAndAdministrative": "6138000", "researchAndDevelopment": "2717000", "operatingExpenses": "10207000", "investmentIncomeNet": "None", "netInterestIncome": "None", "interestIncome": "None", "interestExpense": "10000", "nonInterestIncome": "None", "otherNonOperatingIncome": "-449000", "depreciation": "None", "depreciationAndAmortization": "4345000", "incomeBeforeTax": "-15152000", "incomeTaxExpense": "100000", "interestAndDebtExpense": "None", "netIncomeFromContinuingOperations": "-15252000", "comprehensiveIncomeNetOfTax": "None", "ebit": "-13354000", "ebitda": "-9009000", "netIncome": "-15252000"}, {"fiscalDateEnding": "2017-03-31", "reportedCurrency": "USD", "grossProfit": "2835000", "totalRevenue": "16195000", "costOfRevenue": "13360000", "costofGoodsAndServicesSold": "13360000", "operatingIncome": "-6988000", "sellingGeneralAndAdministrative": "6048000", "researchAndDevelopment": "3736000", "operatingExpenses": "9823000", "investmentIncomeNet": "None", "netInterestIncome": "None", "interestIncome": "None", "interestExpense": "52000", "nonInterestIncome": "None", "otherNonOperatingIncome": "221000", "depreciation": "None", "depreciationAndAmortization": "1913000", "incomeBeforeTax": "-6819000", "incomeTaxExpense": "106000", "interestAndDebtExpense": "None", "netIncomeFromContinuingOperations": "-6925000", "comprehensiveIncomeNetOfTax": "None", "ebit": "-6988000", "ebitda": "-5075000", "netIncome": "-6925000"}, {"fiscalDateEnding": "2016-12-31", "reportedCurrency": "USD", "grossProfit": "5041000", "totalRevenue": "27148000", "costOfRevenue": "22107000", "costofGoodsAndServicesSold": "22107000", "operatingIncome": "-4060000", "sellingGeneralAndAdministrative": "6077000", "researchAndDevelopment": "2985000", "operatingExpenses": "9101000", "investmentIncomeNet": "None", "netInterestIncome": "None", "interestIncome": "None", "interestExpense": "89000", "nonInterestIncome": "None", "otherNonOperatingIncome": "1299000", "depreciation": "None", "depreciationAndAmortization": "1871000", "incomeBeforeTax": "-2850000", "incomeTaxExpense": "-82000", "interestAndDebtExpense": "None", "netIncomeFromContinuingOperations": "-2768000", "comprehensiveIncomeNetOfTax": "None", "ebit": "-4060000", "ebitda": "-2189000", "netIncome": "-2768000"}, {"fiscalDateEnding": "2016-09-30", "reportedCurrency": "USD", "grossProfit": "2103000", "totalRevenue": "18507000", "costOfRevenue": "16404000", "costofGoodsAndServicesSold": "16404000", "operatingIncome": "-7150000", "sellingGeneralAndAdministrative": "6347000", "researchAndDevelopment": "2867000", "operatingExpenses": "9253000", "investmentIncomeNet": "None", "netInterestIncome": "None", "interestIncome": "None", "interestExpense": "107000", "nonInterestIncome": "None", "otherNonOperatingIncome": "726000", "depreciation": "None", "depreciationAndAmortization": "1864000", "incomeBeforeTax": "-6531000", "incomeTaxExpense": "794000", "interestAndDebtExpense": "None", "netIncomeFromContinuingOperations": "-7325000", "comprehensiveIncomeNetOfTax": "None", "ebit": "-7150000", "ebitda": "-5286000", "netIncome": "-7325000"}, {"fiscalDateEnding": "2016-06-30", "reportedCurrency": "USD", "grossProfit": "863000", "totalRevenue": "13345000", "costOfRevenue": "12482000", "costofGoodsAndServicesSold": "12482000", "operatingIncome": "-9344000", "sellingGeneralAndAdministrative": "7216000", "researchAndDevelopment": "2952000", "operatingExpenses": "10207000", "investmentIncomeNet": "None", "netInterestIncome": "None", "interestIncome": "None", "interestExpense": "135000", "nonInterestIncome": "None", "otherNonOperatingIncome": "-552000", "depreciation": "None", "depreciationAndAmortization": "1871000", "incomeBeforeTax": "-10031000", "incomeTaxExpense": "324000", "interestAndDebtExpense": "None", "netIncomeFromContinuingOperations": "-10355000", "comprehensiveIncomeNetOfTax": "None", "ebit": "-9344000", "ebitda": "-7473000", "netIncome": "-10355000"}, {"fiscalDateEnding": "2016-03-31", "reportedCurrency": "USD", "grossProfit": "9241000", "totalRevenue": "27524000", "costOfRevenue": "18283000", "costofGoodsAndServicesSold": "18283000", "operatingIncome": "-1707000", "sellingGeneralAndAdministrative": "7530000", "researchAndDevelopment": "3379000", "operatingExpenses": "10948000", "investmentIncomeNet": "None", "netInterestIncome": "None", "interestIncome": "None", "interestExpense": "196000", "nonInterestIncome": "None", "otherNonOperatingIncome": "-1324000", "depreciation": "None", "depreciationAndAmortization": "1922000", "incomeBeforeTax": "-3227000", "incomeTaxExpense": "135000", "interestAndDebtExpense": "None", "netIncomeFromContinuingOperations": "-3363000", "comprehensiveIncomeNetOfTax": "None", "ebit": "-1707000", "ebitda": "215000", "netIncome": "-3362000"}, {"fiscalDateEnding": "2015-12-31", "reportedCurrency": "USD", "grossProfit": "6509000", "totalRevenue": "25772000", "costOfRevenue": "19263000", "costofGoodsAndServicesSold": "19263000", "operatingIncome": "-3312000", "sellingGeneralAndAdministrative": "7023000", "researchAndDevelopment": "2759000", "operatingExpenses": "9821000", "investmentIncomeNet": "None", "netInterestIncome": "None", "interestIncome": "None", "interestExpense": "238000", "nonInterestIncome": "None", "otherNonOperatingIncome": "1399000", "depreciation": "None", "depreciationAndAmortization": "2041000", "incomeBeforeTax": "-2151000", "incomeTaxExpense": "806000", "interestAndDebtExpense": "None", "netIncomeFromContinuingOperations": "-2957000", "comprehensiveIncomeNetOfTax": "None", "ebit": "-3312000", "ebitda": "-1271000", "netIncome": "-2957000"}, {"fiscalDateEnding": "2015-09-30", "reportedCurrency": "USD", "grossProfit": "3012000", "totalRevenue": "19004000", "costOfRevenue": "15992000", "costofGoodsAndServicesSold": "15992000", "operatingIncome": "-6841000", "sellingGeneralAndAdministrative": "6773000", "researchAndDevelopment": "3003000", "operatingExpenses": "9853000", "investmentIncomeNet": "None", "netInterestIncome": "None", "interestIncome": "None", "interestExpense": "286000", "nonInterestIncome": "None", "otherNonOperatingIncome": "304000", "depreciation": "None", "depreciationAndAmortization": "1981000", "incomeBeforeTax": "-6823000", "incomeTaxExpense": "875000", "interestAndDebtExpense": "None", "netIncomeFromContinuingOperations": "-7698000", "comprehensiveIncomeNetOfTax": "None", "ebit": "-6803000", "ebitda": "-4822000", "netIncome": "-7698000"}, {"fiscalDateEnding": "2015-06-30", "reportedCurrency": "USD", "grossProfit": "3220000", "totalRevenue": "23723000", "costOfRevenue": "20503000", "costofGoodsAndServicesSold": "20503000", "operatingIncome": "-8257000", "sellingGeneralAndAdministrative": "7535000", "researchAndDevelopment": "3162000", "operatingExpenses": "11477000", "investmentIncomeNet": "None", "netInterestIncome": "None", "interestIncome": "None", "interestExpense": "318000", "nonInterestIncome": "None", "otherNonOperatingIncome": "28000", "depreciation": "None", "depreciationAndAmortization": "2028000", "incomeBeforeTax": "-8547000", "incomeTaxExpense": "574000", "interestAndDebtExpense": "None", "netIncomeFromContinuingOperations": "-9121000", "comprehensiveIncomeNetOfTax": "None", "ebit": "-7516000", "ebitda": "-5488000", "netIncome": "-9121000"}, {"fiscalDateEnding": "2015-03-31", "reportedCurrency": "USD", "grossProfit": "1640000", "totalRevenue": "25129000", "costOfRevenue": "23489000", "costofGoodsAndServicesSold": "23489000", "operatingIncome": "-5716000", "sellingGeneralAndAdministrative": "5683000", "researchAndDevelopment": "2885000", "operatingExpenses": "7356000", "investmentIncomeNet": "None", "netInterestIncome": "None", "interestIncome": "None", "interestExpense": "327000", "nonInterestIncome": "None", "otherNonOperatingIncome": "2132000", "depreciation": "None", "depreciationAndAmortization": "2256000", "incomeBeforeTax": "-3911000", "incomeTaxExpense": "-547000", "interestAndDebtExpense": "None", "netIncomeFromContinuingOperations": "-3363000", "comprehensiveIncomeNetOfTax": "None", "ebit": "-5766000", "ebitda": "-3510000", "netIncome": "-3364000"}, {"fiscalDateEnding": "2014-12-31", "reportedCurrency": "USD", "grossProfit": "3156000", "totalRevenue": "21250000", "costOfRevenue": "18094000", "costofGoodsAndServicesSold": "18094000", "operatingIncome": "-7735000", "sellingGeneralAndAdministrative": "7550000", "researchAndDevelopment": "2795000", "operatingExpenses": "10891000", "investmentIncomeNet": "None", "netInterestIncome": "None", "interestIncome": "None", "interestExpense": "525000", "nonInterestIncome": "None", "otherNonOperatingIncome": "2079000", "depreciation": "None", "depreciationAndAmortization": "2397000", "incomeBeforeTax": "-6181000", "incomeTaxExpense": "172000", "interestAndDebtExpense": "None", "netIncomeFromContinuingOperations": "-6353000", "comprehensiveIncomeNetOfTax": "None", "ebit": "-7228000", "ebitda": "-4831000", "netIncome": "-6353000"}, {"fiscalDateEnding": "2014-09-30", "reportedCurrency": "USD", "grossProfit": "-1318000", "totalRevenue": "12455000", "costOfRevenue": "13773000", "costofGoodsAndServicesSold": "13773000", "operatingIncome": "-26400000", "sellingGeneralAndAdministrative": "8046000", "researchAndDevelopment": "3078000", "operatingExpenses": "25082000", "investmentIncomeNet": "None", "netInterestIncome": "None", "interestIncome": "None", "interestExpense": "496000", "nonInterestIncome": "None", "otherNonOperatingIncome": "1535000", "depreciation": "None", "depreciationAndAmortization": "2426000", "incomeBeforeTax": "-25361000", "incomeTaxExpense": "62000", "interestAndDebtExpense": "None", "netIncomeFromContinuingOperations": "-25423000", "comprehensiveIncomeNetOfTax": "None", "ebit": "-22669000", "ebitda": "-20243000", "netIncome": "-25423000"}, {"fiscalDateEnding": "2014-06-30", "reportedCurrency": "USD", "grossProfit": "-391000", "totalRevenue": "11696000", "costOfRevenue": "12087000", "costofGoodsAndServicesSold": "12087000", "operatingIncome": "-12667000", "sellingGeneralAndAdministrative": "7938000", "researchAndDevelopment": "3120000", "operatingExpenses": "12276000", "investmentIncomeNet": "None", "netInterestIncome": "None", "interestIncome": "None", "interestExpense": "535000", "nonInterestIncome": "None", "otherNonOperatingIncome": "-187000", "depreciation": "None", "depreciationAndAmortization": "2475000", "incomeBeforeTax": "-13389000", "incomeTaxExpense": "128000", "interestAndDebtExpense": "None", "netIncomeFromContinuingOperations": "-13517000", "comprehensiveIncomeNetOfTax": "None", "ebit": "-11488000", "ebitda": "-9013000", "netIncome": "-13517000"}, {"fiscalDateEnding": "2014-03-31", "reportedCurrency": "USD", "grossProfit": "-110000", "totalRevenue": "16287000", "costOfRevenue": "16397000", "costofGoodsAndServicesSold": "16397000", "operatingIncome": "-14877000", "sellingGeneralAndAdministrative": "9489000", "researchAndDevelopment": "3112000", "operatingExpenses": "14767000", "investmentIncomeNet": "None", "netInterestIncome": "None", "interestIncome": "None", "interestExpense": "2411000", "nonInterestIncome": "None", "otherNonOperatingIncome": "-5299000", "depreciation": "None", "depreciationAndAmortization": "2563000", "incomeBeforeTax": "-22586000", "incomeTaxExpense": "119000", "interestAndDebtExpense": "None", "netIncomeFromContinuingOperations": "-22705000", "comprehensiveIncomeNetOfTax": "None", "ebit": "-12751000", "ebitda": "-10188000", "netIncome": "-22705000"}, {"fiscalDateEnding": "2013-12-31", "reportedCurrency": "USD", "grossProfit": "4700000", "totalRevenue": "20563000", "costOfRevenue": "15863000", "costofGoodsAndServicesSold": "15863000", "operatingIncome": "-6675000", "sellingGeneralAndAdministrative": "8232000", "researchAndDevelopment": "2951000", "operatingExpenses": "11375000", "investmentIncomeNet": "None", "netInterestIncome": "None", "interestIncome": "None", "interestExpense": "1634000", "nonInterestIncome": "None", "otherNonOperatingIncome": "194000", "depreciation": "None", "depreciationAndAmortization": "2709000", "incomeBeforeTax": "-8115000", "incomeTaxExpense": "302000", "interestAndDebtExpense": "None", "netIncomeFromContinuingOperations": "-8417000", "comprehensiveIncomeNetOfTax": "None", "ebit": "-6567000", "ebitda": "-3858000", "netIncome": "-8417000"}, {"fiscalDateEnding": "2013-09-30", "reportedCurrency": "USD", "grossProfit": "1570000", "totalRevenue": "24181000", "costOfRevenue": "22611000", "costofGoodsAndServicesSold": "22611000", "operatingIncome": "-11028000", "sellingGeneralAndAdministrative": "8682000", "researchAndDevelopment": "3083000", "operatingExpenses": "12598000", "investmentIncomeNet": "None", "netInterestIncome": "None", "interestIncome": "None", "interestExpense": "3505000", "nonInterestIncome": "None", "otherNonOperatingIncome": "251000", "depreciation": "None", "depreciationAndAmortization": "2688000", "incomeBeforeTax": "-14282000", "incomeTaxExpense": "341000", "interestAndDebtExpense": "None", "netIncomeFromContinuingOperations": "-14623000", "comprehensiveIncomeNetOfTax": "None", "ebit": "-10277000", "ebitda": "-7589000", "netIncome": "-14623000"}, {"fiscalDateEnding": "2013-06-30", "reportedCurrency": "USD", "grossProfit": "5099000", "totalRevenue": "23086000", "costOfRevenue": "17987000", "costofGoodsAndServicesSold": "17987000", "operatingIncome": "-8850000", "sellingGeneralAndAdministrative": "10827000", "researchAndDevelopment": "3027000", "operatingExpenses": "13949000", "investmentIncomeNet": "None", "netInterestIncome": "None", "interestIncome": "None", "interestExpense": "2111000", "nonInterestIncome": "None", "otherNonOperatingIncome": "538000", "depreciation": "None", "depreciationAndAmortization": "2655000", "incomeBeforeTax": "-10423000", "incomeTaxExpense": "90000", "interestAndDebtExpense": "None", "netIncomeFromContinuingOperations": "-10513000", "comprehensiveIncomeNetOfTax": "None", "ebit": "-8837000", "ebitda": "-6182000", "netIncome": "-10513000"}, {"fiscalDateEnding": "2013-03-31", "reportedCurrency": "USD", "grossProfit": "2325000", "totalRevenue": "20419000", "costOfRevenue": "18094000", "costofGoodsAndServicesSold": "18094000", "operatingIncome": "-16027000", "sellingGeneralAndAdministrative": "13348000", "researchAndDevelopment": "3845000", "operatingExpenses": "18352000", "investmentIncomeNet": "None", "netInterestIncome": "None", "interestIncome": "None", "interestExpense": "4757000", "nonInterestIncome": "None", "otherNonOperatingIncome": "2329000", "depreciation": "None", "depreciationAndAmortization": "2911000", "incomeBeforeTax": "-19352000", "incomeTaxExpense": "419000", "interestAndDebtExpense": "None", "netIncomeFromContinuingOperations": "-19772000", "comprehensiveIncomeNetOfTax": "None", "ebit": "-14950000", "ebitda": "-12039000", "netIncome": "-19771000"}, {"fiscalDateEnding": "2012-12-31", "reportedCurrency": "USD", "grossProfit": "884000", "totalRevenue": "17417000", "costOfRevenue": "16533000", "costofGoodsAndServicesSold": "16533000", "operatingIncome": "-20616000", "sellingGeneralAndAdministrative": "10769000", "researchAndDevelopment": "3948000", "operatingExpenses": "21500000", "investmentIncomeNet": "None", "netInterestIncome": "None", "interestIncome": "None", "interestExpense": "4553000", "nonInterestIncome": "None", "otherNonOperatingIncome": "5108000", "depreciation": "None", "depreciationAndAmortization": "3515000", "incomeBeforeTax": "-20061000", "incomeTaxExpense": "74000", "interestAndDebtExpense": "None", "netIncomeFromContinuingOperations": "-20135000", "comprehensiveIncomeNetOfTax": "None", "ebit": "-13914000", "ebitda": "-10399000", "netIncome": "-20135000"}, {"fiscalDateEnding": "2012-09-30", "reportedCurrency": "USD", "grossProfit": "483000", "totalRevenue": "20867000", "costOfRevenue": "20384000", "costofGoodsAndServicesSold": "20384000", "operatingIncome": "-14970000", "sellingGeneralAndAdministrative": "11736000", "researchAndDevelopment": "3621000", "operatingExpenses": "15453000", "investmentIncomeNet": "None", "netInterestIncome": "None", "interestIncome": "None", "interestExpense": "2919000", "nonInterestIncome": "None", "otherNonOperatingIncome": "-1266000", "depreciation": "None", "depreciationAndAmortization": "3284000", "incomeBeforeTax": "-15870000", "incomeTaxExpense": "79000", "interestAndDebtExpense": "None", "netIncomeFromContinuingOperations": "-15949000", "comprehensiveIncomeNetOfTax": "None", "ebit": "-14954000", "ebitda": "-11670000", "netIncome": "-15949000"}, {"fiscalDateEnding": "2012-06-30", "reportedCurrency": "USD", "grossProfit": "11790000", "totalRevenue": "28716000", "costOfRevenue": "16926000", "costofGoodsAndServicesSold": "16926000", "operatingIncome": "-6128000", "sellingGeneralAndAdministrative": "13799000", "researchAndDevelopment": "3910000", "operatingExpenses": "17918000", "investmentIncomeNet": "None", "netInterestIncome": "None", "interestIncome": "None", "interestExpense": "2718000", "nonInterestIncome": "None", "otherNonOperatingIncome": "123000", "depreciation": "None", "depreciationAndAmortization": "3344000", "incomeBeforeTax": "-11111000", "incomeTaxExpense": "-836000", "interestAndDebtExpense": "None", "netIncomeFromContinuingOperations": "-10275000", "comprehensiveIncomeNetOfTax": "None", "ebit": "-6000000", "ebitda": "-2656000", "netIncome": "-10275000"}, {"fiscalDateEnding": "2012-03-31", "reportedCurrency": "USD", "grossProfit": "3555000", "totalRevenue": "28627000", "costOfRevenue": "25072000", "costofGoodsAndServicesSold": "25072000", "operatingIncome": "-20419000", "sellingGeneralAndAdministrative": "17166000", "researchAndDevelopment": "5932000", "operatingExpenses": "23974000", "investmentIncomeNet": "None", "netInterestIncome": "None", "interestIncome": "None", "interestExpense": "0", "nonInterestIncome": "None", "otherNonOperatingIncome": "None", "depreciation": "None", "depreciationAndAmortization": "4580000", "incomeBeforeTax": "-20983000", "incomeTaxExpense": "184000", "interestAndDebtExpense": "None", "netIncomeFromContinuingOperations": "0", "comprehensiveIncomeNetOfTax": "None", "ebit": "-19624000", "ebitda": "-15044000", "netIncome": "-21167000"}, {"fiscalDateEnding": "2011-12-31", "reportedCurrency": "USD", "grossProfit": "-860000", "totalRevenue": "18058000", "costOfRevenue": "18918000", "costofGoodsAndServicesSold": "18918000", "operatingIncome": "-26569000", "sellingGeneralAndAdministrative": "15402000", "researchAndDevelopment": "5928000", "operatingExpenses": "25709000", "investmentIncomeNet": "None", "netInterestIncome": "None", "interestIncome": "None", "interestExpense": "11000", "nonInterestIncome": "None", "otherNonOperatingIncome": "393000", "depreciation": "None", "depreciationAndAmortization": "4205000", "incomeBeforeTax": "-26187000", "incomeTaxExpense": "84000", "interestAndDebtExpense": "None", "netIncomeFromContinuingOperations": "-26271000", "comprehensiveIncomeNetOfTax": "None", "ebit": "-22477000", "ebitda": "-18272000", "netIncome": "-26271000"}, {"fiscalDateEnding": "2011-09-30", "reportedCurrency": "USD", "grossProfit": "-1137000", "totalRevenue": "20800000", "costOfRevenue": "21937000", "costofGoodsAndServicesSold": "21937000", "operatingIncome": "-51125000", "sellingGeneralAndAdministrative": "17560000", "researchAndDevelopment": "7276000", "operatingExpenses": "49988000", "investmentIncomeNet": "None", "netInterestIncome": "None", "interestIncome": "None", "interestExpense": "2000", "nonInterestIncome": "None", "otherNonOperatingIncome": "355000", "depreciation": "None", "depreciationAndAmortization": "3428000", "incomeBeforeTax": "-50768000", "incomeTaxExpense": "941000", "interestAndDebtExpense": "None", "netIncomeFromContinuingOperations": "-51709000", "comprehensiveIncomeNetOfTax": "None", "ebit": "-26273000", "ebitda": "-22845000", "netIncome": "-51709000"}, {"fiscalDateEnding": "2011-06-30", "reportedCurrency": "USD", "grossProfit": "-7897000", "totalRevenue": "9058000", "costOfRevenue": "16955000", "costofGoodsAndServicesSold": "16955000", "operatingIncome": "-38327000", "sellingGeneralAndAdministrative": "21990000", "researchAndDevelopment": "8136000", "operatingExpenses": "30430000", "investmentIncomeNet": "None", "netInterestIncome": "None", "interestIncome": "None", "interestExpense": "0", "nonInterestIncome": "None", "otherNonOperatingIncome": "807000", "depreciation": "None", "depreciationAndAmortization": "3242000", "incomeBeforeTax": "-37520000", "incomeTaxExpense": "159000", "interestAndDebtExpense": "None", "netIncomeFromContinuingOperations": "-37679000", "comprehensiveIncomeNetOfTax": "None", "ebit": "-38327000", "ebitda": "-35085000", "netIncome": "-37679000"}, {"fiscalDateEnding": "2011-03-31", "reportedCurrency": "USD", "grossProfit": "-148352000", "totalRevenue": "-26329000", "costOfRevenue": "122023000", "costofGoodsAndServicesSold": "122023000", "operatingIncome": "-181523000", "sellingGeneralAndAdministrative": "24508000", "researchAndDevelopment": "8268000", "operatingExpenses": "33171000", "investmentIncomeNet": "None", "netInterestIncome": "None", "interestIncome": "None", "interestExpense": "0", "nonInterestIncome": "None", "otherNonOperatingIncome": "2358000", "depreciation": "None", "depreciationAndAmortization": "3310000", "incomeBeforeTax": "-229120000", "incomeTaxExpense": "-7675000", "interestAndDebtExpense": "None", "netIncomeFromContinuingOperations": "-221446000", "comprehensiveIncomeNetOfTax": "None", "ebit": "-181523000", "ebitda": "-178213000", "netIncome": "-221445000"}, {"fiscalDateEnding": "2010-12-31", "reportedCurrency": "USD", "grossProfit": "42000", "totalRevenue": "31570000", "costOfRevenue": "31528000", "costofGoodsAndServicesSold": "31528000", "operatingIncome": "-22960000", "sellingGeneralAndAdministrative": "15564000", "researchAndDevelopment": "8417000", "operatingExpenses": "23002000", "investmentIncomeNet": "None", "netInterestIncome": "None", "interestIncome": "None", "interestExpense": "0", "nonInterestIncome": "None", "otherNonOperatingIncome": "None", "depreciation": "None", "depreciationAndAmortization": "2562000", "incomeBeforeTax": "-20653000", "incomeTaxExpense": "-2495000", "interestAndDebtExpense": "None", "netIncomeFromContinuingOperations": "0", "comprehensiveIncomeNetOfTax": "None", "ebit": "-22960000", "ebitda": "-20398000", "netIncome": "-18158000"}, {"fiscalDateEnding": "2010-09-30", "reportedCurrency": "USD", "grossProfit": "38657000", "totalRevenue": "98073000", "costOfRevenue": "59416000", "costofGoodsAndServicesSold": "59416000", "operatingIncome": "13080000", "sellingGeneralAndAdministrative": "17127000", "researchAndDevelopment": "7857000", "operatingExpenses": "25577000", "investmentIncomeNet": "None", "netInterestIncome": "None", "interestIncome": "None", "interestExpense": "0", "nonInterestIncome": "None", "otherNonOperatingIncome": "None", "depreciation": "None", "depreciationAndAmortization": "2774000", "incomeBeforeTax": "15719000", "incomeTaxExpense": "7880000", "interestAndDebtExpense": "None", "netIncomeFromContinuingOperations": "0", "comprehensiveIncomeNetOfTax": "None", "ebit": "13080000", "ebitda": "15854000", "netIncome": "7839000"}, {"fiscalDateEnding": "2010-06-30", "reportedCurrency": "USD", "grossProfit": "38985000", "totalRevenue": "97209000", "costOfRevenue": "58224000", "costofGoodsAndServicesSold": "58224000", "operatingIncome": "16081000", "sellingGeneralAndAdministrative": "15183000", "researchAndDevelopment": "7335000", "operatingExpenses": "22904000", "investmentIncomeNet": "None", "netInterestIncome": "None", "interestIncome": "None", "interestExpense": "0", "nonInterestIncome": "None", "otherNonOperatingIncome": "346000", "depreciation": "None", "depreciationAndAmortization": "2654000", "incomeBeforeTax": "16427000", "incomeTaxExpense": "7257000", "interestAndDebtExpense": "None", "netIncomeFromContinuingOperations": "9170000", "comprehensiveIncomeNetOfTax": "None", "ebit": "16081000", "ebitda": "18735000", "netIncome": "9170000"}, {"fiscalDateEnding": "2010-03-31", "reportedCurrency": "USD", "grossProfit": "33145000", "totalRevenue": "87624000", "costOfRevenue": "54479000", "costofGoodsAndServicesSold": "54479000", "operatingIncome": "11500000", "sellingGeneralAndAdministrative": "13968000", "researchAndDevelopment": "7228000", "operatingExpenses": "21645000", "investmentIncomeNet": "None", "netInterestIncome": "None", "interestIncome": "None", "interestExpense": "0", "nonInterestIncome": "None", "otherNonOperatingIncome": "None", "depreciation": "None", "depreciationAndAmortization": "2631000", "incomeBeforeTax": "11621000", "incomeTaxExpense": "6684000", "interestAndDebtExpense": "None", "netIncomeFromContinuingOperations": "0", "comprehensiveIncomeNetOfTax": "None", "ebit": "11500000", "ebitda": "14131000", "netIncome": "4937000"}, {"fiscalDateEnding": "2009-12-31", "reportedCurrency": "USD", "grossProfit": "30215000", "totalRevenue": "80659000", "costOfRevenue": "50444000", "costofGoodsAndServicesSold": "50444000", "operatingIncome": "10440000", "sellingGeneralAndAdministrative": "12881000", "researchAndDevelopment": "6421000", "operatingExpenses": "19775000", "investmentIncomeNet": "None", "netInterestIncome": "None", "interestIncome": "None", "interestExpense": "0", "nonInterestIncome": "None", "otherNonOperatingIncome": "None", "depreciation": "None", "depreciationAndAmortization": "2454000", "incomeBeforeTax": "10828000", "incomeTaxExpense": "5649000", "interestAndDebtExpense": "None", "netIncomeFromContinuingOperations": "0", "comprehensiveIncomeNetOfTax": "None", "ebit": "10440000", "ebitda": "12894000", "netIncome": "5179000"}, {"fiscalDateEnding": "2009-09-30", "reportedCurrency": "USD", "grossProfit": "29035000", "totalRevenue": "74672000", "costOfRevenue": "45637000", "costofGoodsAndServicesSold": "45637000", "operatingIncome": "10330000", "sellingGeneralAndAdministrative": "12712000", "researchAndDevelopment": "5416000", "operatingExpenses": "18705000", "investmentIncomeNet": "None", "netInterestIncome": "None", "interestIncome": "None", "interestExpense": "0", "nonInterestIncome": "None", "otherNonOperatingIncome": "None", "depreciation": "None", "depreciationAndAmortization": "2403000", "incomeBeforeTax": "9649000", "incomeTaxExpense": "5309000", "interestAndDebtExpense": "None", "netIncomeFromContinuingOperations": "0", "comprehensiveIncomeNetOfTax": "None", "ebit": "10447000", "ebitda": "12850000", "netIncome": "4340000"}, {"fiscalDateEnding": "2009-06-30", "reportedCurrency": "USD", "grossProfit": "22583000", "totalRevenue": "73000000", "costOfRevenue": "50417000", "costofGoodsAndServicesSold": "50417000", "operatingIncome": "6391000", "sellingGeneralAndAdministrative": "10885000", "researchAndDevelopment": "4528000", "operatingExpenses": "16192000", "investmentIncomeNet": "None", "netInterestIncome": "None", "interestIncome": "None", "interestExpense": "0", "nonInterestIncome": "None", "otherNonOperatingIncome": "None", "depreciation": "None", "depreciationAndAmortization": "2301000", "incomeBeforeTax": "4658000", "incomeTaxExpense": "2866000", "interestAndDebtExpense": "None", "netIncomeFromContinuingOperations": "0", "comprehensiveIncomeNetOfTax": "None", "ebit": "6725000", "ebitda": "9026000", "netIncome": "1792000"}, {"fiscalDateEnding": "2009-03-31", "reportedCurrency": "USD", "grossProfit": "19977000", "totalRevenue": "61229000", "costOfRevenue": "41252000", "costofGoodsAndServicesSold": "41252000", "operatingIncome": "4041000", "sellingGeneralAndAdministrative": "10374000", "researchAndDevelopment": "4769000", "operatingExpenses": "15936000", "investmentIncomeNet": "None", "netInterestIncome": "None", "interestIncome": "None", "interestExpense": "0", "nonInterestIncome": "None", "otherNonOperatingIncome": "None", "depreciation": "None", "depreciationAndAmortization": "2211000", "incomeBeforeTax": "4477000", "incomeTaxExpense": "3169000", "interestAndDebtExpense": "None", "netIncomeFromContinuingOperations": "0", "comprehensiveIncomeNetOfTax": "None", "ebit": "4403000", "ebitda": "6614000", "netIncome": "1308000"}, {"fiscalDateEnding": "2008-12-31", "reportedCurrency": "USD", "grossProfit": "9570000", "totalRevenue": "41334000", "costOfRevenue": "31764000", "costofGoodsAndServicesSold": "31764000", "operatingIncome": "-5736000", "sellingGeneralAndAdministrative": "9400000", "researchAndDevelopment": "5305000", "operatingExpenses": "15306000", "investmentIncomeNet": "None", "netInterestIncome": "None", "interestIncome": "None", "interestExpense": "0", "nonInterestIncome": "None", "otherNonOperatingIncome": "None", "depreciation": "None", "depreciationAndAmortization": "2058000", "incomeBeforeTax": "-5462000", "incomeTaxExpense": "2310000", "interestAndDebtExpense": "None", "netIncomeFromContinuingOperations": "0", "comprehensiveIncomeNetOfTax": "None", "ebit": "-5568000", "ebitda": "-3510000", "netIncome": "-7772000"}, {"fiscalDateEnding": "2008-09-30", "reportedCurrency": "USD", "grossProfit": "10705000", "totalRevenue": "40375000", "costOfRevenue": "29670000", "costofGoodsAndServicesSold": "29670000", "operatingIncome": "-3813000", "sellingGeneralAndAdministrative": "8849000", "researchAndDevelopment": "4688000", "operatingExpenses": "14518000", "investmentIncomeNet": "None", "netInterestIncome": "None", "interestIncome": "None", "interestExpense": "0", "nonInterestIncome": "None", "otherNonOperatingIncome": "None", "depreciation": "None", "depreciationAndAmortization": "2010000", "incomeBeforeTax": "-2531000", "incomeTaxExpense": "1537000", "interestAndDebtExpense": "None", "netIncomeFromContinuingOperations": "0", "comprehensiveIncomeNetOfTax": "None", "ebit": "-3313000", "ebitda": "-1303000", "netIncome": "-4068000"}, {"fiscalDateEnding": "2008-06-30", "reportedCurrency": "USD", "grossProfit": "11621000", "totalRevenue": "39817000", "costOfRevenue": "28196000", "costofGoodsAndServicesSold": "28196000", "operatingIncome": "-2688000", "sellingGeneralAndAdministrative": "8893000", "researchAndDevelopment": "4913000", "operatingExpenses": "14309000", "investmentIncomeNet": "None", "netInterestIncome": "None", "interestIncome": "None", "interestExpense": "0", "nonInterestIncome": "None", "otherNonOperatingIncome": "None", "depreciation": "None", "depreciationAndAmortization": "2124000", "incomeBeforeTax": "-4384000", "incomeTaxExpense": "1719000", "interestAndDebtExpense": "None", "netIncomeFromContinuingOperations": "0", "comprehensiveIncomeNetOfTax": "None", "ebit": "-2688000", "ebitda": "-564000", "netIncome": "-6103000"}, {"fiscalDateEnding": "2008-03-31", "reportedCurrency": "USD", "grossProfit": "12745000", "totalRevenue": "38380000", "costOfRevenue": "25635000", "costofGoodsAndServicesSold": "25635000", "operatingIncome": "-2821000", "sellingGeneralAndAdministrative": "7746000", "researchAndDevelopment": "3689000", "operatingExpenses": "15566000", "investmentIncomeNet": "None", "netInterestIncome": "None", "interestIncome": "None", "interestExpense": "0", "nonInterestIncome": "None", "otherNonOperatingIncome": "None", "depreciation": "None", "depreciationAndAmortization": "1926000", "incomeBeforeTax": "-832000", "incomeTaxExpense": "980000", "interestAndDebtExpense": "None", "netIncomeFromContinuingOperations": "0", "comprehensiveIncomeNetOfTax": "None", "ebit": "820000", "ebitda": "2746000", "netIncome": "-1812000"}, {"fiscalDateEnding": "2007-12-31", "reportedCurrency": "USD", "grossProfit": "10087000", "totalRevenue": "32624000", "costOfRevenue": "22537000", "costofGoodsAndServicesSold": "22537000", "operatingIncome": "-6150000", "sellingGeneralAndAdministrative": "7737000", "researchAndDevelopment": "3956000", "operatingExpenses": "16237000", "investmentIncomeNet": "None", "netInterestIncome": "None", "interestIncome": "None", "interestExpense": "0", "nonInterestIncome": "None", "otherNonOperatingIncome": "None", "depreciation": "None", "depreciationAndAmortization": "2908000", "incomeBeforeTax": "-6201000", "incomeTaxExpense": "1108000", "interestAndDebtExpense": "None", "netIncomeFromContinuingOperations": "0", "comprehensiveIncomeNetOfTax": "None", "ebit": "-3240000", "ebitda": "-332000", "netIncome": "-7309000"}, {"fiscalDateEnding": "2007-09-30", "reportedCurrency": "USD", "grossProfit": "5619000", "totalRevenue": "21623000", "costOfRevenue": "16004000", "costofGoodsAndServicesSold": "16004000", "operatingIncome": "-7189000", "sellingGeneralAndAdministrative": "7151000", "researchAndDevelopment": "3792000", "operatingExpenses": "12808000", "investmentIncomeNet": "None", "netInterestIncome": "None", "interestIncome": "None", "interestExpense": "0", "nonInterestIncome": "None", "otherNonOperatingIncome": "None", "depreciation": "None", "depreciationAndAmortization": "2951000", "incomeBeforeTax": "-6136000", "incomeTaxExpense": "537000", "interestAndDebtExpense": "None", "netIncomeFromContinuingOperations": "0", "comprehensiveIncomeNetOfTax": "None", "ebit": "-7096000", "ebitda": "-4145000", "netIncome": "-6673000"}, {"fiscalDateEnding": "2007-06-30", "reportedCurrency": "USD", "grossProfit": "3582000", "totalRevenue": "19769000", "costOfRevenue": "16187000", "costofGoodsAndServicesSold": "16187000", "operatingIncome": "-8730000", "sellingGeneralAndAdministrative": "6118000", "researchAndDevelopment": "4214000", "operatingExpenses": "12312000", "investmentIncomeNet": "None", "netInterestIncome": "None", "interestIncome": "None", "interestExpense": "0", "nonInterestIncome": "None", "otherNonOperatingIncome": "None", "depreciation": "None", "depreciationAndAmortization": "2310000", "incomeBeforeTax": "-9398000", "incomeTaxExpense": "255000", "interestAndDebtExpense": "None", "netIncomeFromContinuingOperations": "0", "comprehensiveIncomeNetOfTax": "None", "ebit": "-7912000", "ebitda": "-5602000", "netIncome": "-9653000"}, {"fiscalDateEnding": "2007-03-31", "reportedCurrency": "USD", "grossProfit": "881474", "totalRevenue": "19085396", "costOfRevenue": "18203922", "costofGoodsAndServicesSold": "18203922", "operatingIncome": "-11406053", "sellingGeneralAndAdministrative": "5867302", "researchAndDevelopment": "5752939", "operatingExpenses": "12287527", "investmentIncomeNet": "None", "netInterestIncome": "None", "interestIncome": "None", "interestExpense": "0", "nonInterestIncome": "None", "otherNonOperatingIncome": "None", "depreciation": "None", "depreciationAndAmortization": "1693104", "incomeBeforeTax": "-12597288", "incomeTaxExpense": "546813", "interestAndDebtExpense": "None", "netIncomeFromContinuingOperations": "0", "comprehensiveIncomeNetOfTax": "None", "ebit": "-10882486", "ebitda": "-9189382", "netIncome": "-11429299"}, {"fiscalDateEnding": "2006-12-31", "reportedCurrency": "USD", "grossProfit": "-1999000", "totalRevenue": "9452000", "costOfRevenue": "11451000", "costofGoodsAndServicesSold": "11451000", "operatingIncome": "-10211000", "sellingGeneralAndAdministrative": "4112167", "researchAndDevelopment": "4099000", "operatingExpenses": "8212000", "investmentIncomeNet": "None", "netInterestIncome": "None", "interestIncome": "None", "interestExpense": "0", "nonInterestIncome": "None", "otherNonOperatingIncome": "None", "depreciation": "None", "depreciationAndAmortization": "996000", "incomeBeforeTax": "-9546299", "incomeTaxExpense": "-664302", "interestAndDebtExpense": "None", "netIncomeFromContinuingOperations": "0", "comprehensiveIncomeNetOfTax": "None", "ebit": "-10211000", "ebitda": "-9215000", "netIncome": "-9546000"}, {"fiscalDateEnding": "2006-09-30", "reportedCurrency": "USD", "grossProfit": "480000", "totalRevenue": "9600000", "costOfRevenue": "9120000", "costofGoodsAndServicesSold": "9120000", "operatingIncome": "-7477000", "sellingGeneralAndAdministrative": "4418460", "researchAndDevelopment": "3539000", "operatingExpenses": "7957000", "investmentIncomeNet": "None", "netInterestIncome": "None", "interestIncome": "None", "interestExpense": "0", "nonInterestIncome": "None", "otherNonOperatingIncome": "None", "depreciation": "None", "depreciationAndAmortization": "997000", "incomeBeforeTax": "-6976351", "incomeTaxExpense": "-500437", "interestAndDebtExpense": "None", "netIncomeFromContinuingOperations": "0", "comprehensiveIncomeNetOfTax": "None", "ebit": "-7477000", "ebitda": "-6480000", "netIncome": "-6977000"}, {"fiscalDateEnding": "2006-06-30", "reportedCurrency": "USD", "grossProfit": "121000", "totalRevenue": "14046000", "costOfRevenue": "13925000", "costofGoodsAndServicesSold": "13925000", "operatingIncome": "-7438000", "sellingGeneralAndAdministrative": "3496071", "researchAndDevelopment": "4063000", "operatingExpenses": "7559000", "investmentIncomeNet": "None", "netInterestIncome": "None", "interestIncome": "None", "interestExpense": "0", "nonInterestIncome": "None", "otherNonOperatingIncome": "None", "depreciation": "None", "depreciationAndAmortization": "1070000", "incomeBeforeTax": "-6723444", "incomeTaxExpense": "-714819", "interestAndDebtExpense": "None", "netIncomeFromContinuingOperations": "0", "comprehensiveIncomeNetOfTax": "None", "ebit": "-7438000", "ebitda": "-6368000", "netIncome": "-6723000"}, {"fiscalDateEnding": "2006-03-31", "reportedCurrency": "USD", "grossProfit": "1425815", "totalRevenue": "16293440", "costOfRevenue": "14867625", "costofGoodsAndServicesSold": "14867625", "operatingIncome": "-11663205", "sellingGeneralAndAdministrative": "2366453", "researchAndDevelopment": "3762716", "operatingExpenses": "13089020", "investmentIncomeNet": "None", "netInterestIncome": "None", "interestIncome": "None", "interestExpense": "0", "nonInterestIncome": "None", "otherNonOperatingIncome": "None", "depreciation": "None", "depreciationAndAmortization": "1812761", "incomeBeforeTax": "-16687604", "incomeTaxExpense": "-636045", "interestAndDebtExpense": "None", "netIncomeFromContinuingOperations": "0", "comprehensiveIncomeNetOfTax": "None", "ebit": "-11663205", "ebitda": "-9850444", "netIncome": "-11027160"}, {"fiscalDateEnding": "2005-12-31", "reportedCurrency": "USD", "grossProfit": "-1376503", "totalRevenue": "13496301", "costOfRevenue": "14872804", "costofGoodsAndServicesSold": "14872804", "operatingIncome": "-8278020", "sellingGeneralAndAdministrative": "2862118", "researchAndDevelopment": "4039399", "operatingExpenses": "6901517", "investmentIncomeNet": "None", "netInterestIncome": "None", "interestIncome": "None", "interestExpense": "0", "nonInterestIncome": "None", "otherNonOperatingIncome": "None", "depreciation": "None", "depreciationAndAmortization": "1918896", "incomeBeforeTax": "-7451919", "incomeTaxExpense": "-826101", "interestAndDebtExpense": "None", "netIncomeFromContinuingOperations": "0", "comprehensiveIncomeNetOfTax": "None", "ebit": "-8278020", "ebitda": "-6359124", "netIncome": "-7451919"}]}