{"symbol": "INTU", "annualReports": [{"fiscalDateEnding": "2025-07-31", "reportedCurrency": "USD", "grossProfit": "15207000000", "totalRevenue": "18831000000", "costOfRevenue": "3624000000", "costofGoodsAndServicesSold": "3624000000", "operatingIncome": "4923000000", "sellingGeneralAndAdministrative": "1601000000", "researchAndDevelopment": "2928000000", "operatingExpenses": "10284000000", "investmentIncomeNet": "None", "netInterestIncome": "-72000000", "interestIncome": "175000000", "interestExpense": "247000000", "nonInterestIncome": "None", "otherNonOperatingIncome": "None", "depreciation": "None", "depreciationAndAmortization": "809000000", "incomeBeforeTax": "4834000000", "incomeTaxExpense": "965000000", "interestAndDebtExpense": "None", "netIncomeFromContinuingOperations": "3869000000", "comprehensiveIncomeNetOfTax": "None", "ebit": "5081000000", "ebitda": "5890000000", "netIncome": "3869000000"}, {"fiscalDateEnding": "2024-07-31", "reportedCurrency": "USD", "grossProfit": "12820000000", "totalRevenue": "16285000000", "costOfRevenue": "3465000000", "costofGoodsAndServicesSold": "3465000000", "operatingIncome": "3630000000", "sellingGeneralAndAdministrative": "1418000000", "researchAndDevelopment": "2754000000", "operatingExpenses": "9190000000", "investmentIncomeNet": "None", "netInterestIncome": "-104000000", "interestIncome": "147000000", "interestExpense": "242000000", "nonInterestIncome": "None", "otherNonOperatingIncome": "None", "depreciation": "None", "depreciationAndAmortization": "789000000", "incomeBeforeTax": "3550000000", "incomeTaxExpense": "587000000", "interestAndDebtExpense": "None", "netIncomeFromContinuingOperations": "2963000000", "comprehensiveIncomeNetOfTax": "None", "ebit": "3792000000", "ebitda": "4581000000", "netIncome": "2963000000"}, {"fiscalDateEnding": "2023-07-31", "reportedCurrency": "USD", "grossProfit": "11225000000", "totalRevenue": "14368000000", "costOfRevenue": "3143000000", "costofGoodsAndServicesSold": "3143000000", "operatingIncome": "3141000000", "sellingGeneralAndAdministrative": "1300000000", "researchAndDevelopment": "2539000000", "operatingExpenses": "8084000000", "investmentIncomeNet": "None", "netInterestIncome": "-152000000", "interestIncome": "96000000", "interestExpense": "248000000", "nonInterestIncome": "None", "otherNonOperatingIncome": "96000000", "depreciation": "None", "depreciationAndAmortization": "806000000", "incomeBeforeTax": "2989000000", "incomeTaxExpense": "605000000", "interestAndDebtExpense": "None", "netIncomeFromContinuingOperations": "2384000000", "comprehensiveIncomeNetOfTax": "None", "ebit": "3237000000", "ebitda": "4043000000", "netIncome": "2384000000"}, {"fiscalDateEnding": "2022-07-31", "reportedCurrency": "USD", "grossProfit": "10320000000", "totalRevenue": "12726000000", "costOfRevenue": "2406000000", "costofGoodsAndServicesSold": "2406000000", "operatingIncome": "2571000000", "sellingGeneralAndAdministrative": "1460000000", "researchAndDevelopment": "2347000000", "operatingExpenses": "7749000000", "investmentIncomeNet": "None", "netInterestIncome": "-29000000", "interestIncome": "52000000", "interestExpense": "81000000", "nonInterestIncome": "None", "otherNonOperatingIncome": "52000000", "depreciation": "None", "depreciationAndAmortization": "746000000", "incomeBeforeTax": "2542000000", "incomeTaxExpense": "476000000", "interestAndDebtExpense": "None", "netIncomeFromContinuingOperations": "2066000000", "comprehensiveIncomeNetOfTax": "None", "ebit": "2623000000", "ebitda": "3369000000", "netIncome": "2066000000"}, {"fiscalDateEnding": "2021-07-31", "reportedCurrency": "USD", "grossProfit": "7950000000", "totalRevenue": "9633000000", "costOfRevenue": "1683000000", "costofGoodsAndServicesSold": "1683000000", "operatingIncome": "2500000000", "sellingGeneralAndAdministrative": "982000000", "researchAndDevelopment": "1678000000", "operatingExpenses": "5450000000", "investmentIncomeNet": "None", "netInterestIncome": "56000000", "interestIncome": "85000000", "interestExpense": "29000000", "nonInterestIncome": "None", "otherNonOperatingIncome": "85000000", "depreciation": "None", "depreciationAndAmortization": "363000000", "incomeBeforeTax": "2556000000", "incomeTaxExpense": "494000000", "interestAndDebtExpense": "None", "netIncomeFromContinuingOperations": "2062000000", "comprehensiveIncomeNetOfTax": "None", "ebit": "2585000000", "ebitda": "2948000000", "netIncome": "2062000000"}, {"fiscalDateEnding": "2020-07-31", "reportedCurrency": "USD", "grossProfit": "6301000000", "totalRevenue": "7679000000", "costOfRevenue": "1378000000", "costofGoodsAndServicesSold": "1378000000", "operatingIncome": "2176000000", "sellingGeneralAndAdministrative": "679000000", "researchAndDevelopment": "1392000000", "operatingExpenses": "4125000000", "investmentIncomeNet": "None", "netInterestIncome": "25000000", "interestIncome": "39000000", "interestExpense": "14000000", "nonInterestIncome": "None", "otherNonOperatingIncome": "None", "depreciation": "None", "depreciationAndAmortization": "218000000", "incomeBeforeTax": "2198000000", "incomeTaxExpense": "372000000", "interestAndDebtExpense": "None", "netIncomeFromContinuingOperations": "1826000000", "comprehensiveIncomeNetOfTax": "None", "ebit": "2212000000", "ebitda": "2430000000", "netIncome": "1826000000"}, {"fiscalDateEnding": "2019-07-31", "reportedCurrency": "USD", "grossProfit": "5617000000", "totalRevenue": "6784000000", "costOfRevenue": "1167000000", "costofGoodsAndServicesSold": "1167000000", "operatingIncome": "1854000000", "sellingGeneralAndAdministrative": "597000000", "researchAndDevelopment": "1233000000", "operatingExpenses": "3763000000", "investmentIncomeNet": "None", "netInterestIncome": "31000000", "interestIncome": "46000000", "interestExpense": "15000000", "nonInterestIncome": "None", "otherNonOperatingIncome": "42000000", "depreciation": "None", "depreciationAndAmortization": "225000000", "incomeBeforeTax": "1881000000", "incomeTaxExpense": "324000000", "interestAndDebtExpense": "None", "netIncomeFromContinuingOperations": "1557000000", "comprehensiveIncomeNetOfTax": "None", "ebit": "1896000000", "ebitda": "2121000000", "netIncome": "1557000000"}, {"fiscalDateEnding": "2018-07-31", "reportedCurrency": "USD", "grossProfit": "4987000000", "totalRevenue": "6025000000", "costOfRevenue": "977000000", "costofGoodsAndServicesSold": "977000000", "operatingIncome": "1560000000", "sellingGeneralAndAdministrative": "664000000", "researchAndDevelopment": "1186000000", "operatingExpenses": "3490000000", "investmentIncomeNet": "None", "netInterestIncome": "-2000000", "interestIncome": "18000000", "interestExpense": "20000000", "nonInterestIncome": "None", "otherNonOperatingIncome": "26000000", "depreciation": "None", "depreciationAndAmortization": "253000000", "incomeBeforeTax": "1566000000", "incomeTaxExpense": "237000000", "interestAndDebtExpense": "None", "netIncomeFromContinuingOperations": "1211000000", "comprehensiveIncomeNetOfTax": "None", "ebit": "1586000000", "ebitda": "1839000000", "netIncome": "1329000000"}, {"fiscalDateEnding": "2017-07-31", "reportedCurrency": "USD", "grossProfit": "4368000000", "totalRevenue": "5177000000", "costOfRevenue": "809000000", "costofGoodsAndServicesSold": "809000000", "operatingIncome": "1418000000", "sellingGeneralAndAdministrative": "553000000", "researchAndDevelopment": "998000000", "operatingExpenses": "2973000000", "investmentIncomeNet": "None", "netInterestIncome": "-23000000", "interestIncome": "8000000", "interestExpense": "31000000", "nonInterestIncome": "None", "otherNonOperatingIncome": "3000000", "depreciation": "None", "depreciationAndAmortization": "236000000", "incomeBeforeTax": "1390000000", "incomeTaxExpense": "405000000", "interestAndDebtExpense": "None", "netIncomeFromContinuingOperations": "971000000", "comprehensiveIncomeNetOfTax": "None", "ebit": "1398000000", "ebitda": "1634000000", "netIncome": "971000000"}, {"fiscalDateEnding": "2016-07-31", "reportedCurrency": "USD", "grossProfit": "3942000000", "totalRevenue": "4694000000", "costOfRevenue": "752000000", "costofGoodsAndServicesSold": "752000000", "operatingIncome": "1242000000", "sellingGeneralAndAdministrative": "518000000", "researchAndDevelopment": "881000000", "operatingExpenses": "2700000000", "investmentIncomeNet": "None", "netInterestIncome": "-32000000", "interestIncome": "32000000", "interestExpense": "39000000", "nonInterestIncome": "None", "otherNonOperatingIncome": "-4000000", "depreciation": "None", "depreciationAndAmortization": "238000000", "incomeBeforeTax": "1203000000", "incomeTaxExpense": "397000000", "interestAndDebtExpense": "None", "netIncomeFromContinuingOperations": "806000000", "comprehensiveIncomeNetOfTax": "None", "ebit": "1242000000", "ebitda": "1480000000", "netIncome": "979000000"}, {"fiscalDateEnding": "2015-07-31", "reportedCurrency": "USD", "grossProfit": "3467000000", "totalRevenue": "4192000000", "costOfRevenue": "725000000", "costofGoodsAndServicesSold": "725000000", "operatingIncome": "738000000", "sellingGeneralAndAdministrative": "483000000", "researchAndDevelopment": "798000000", "operatingExpenses": "2729000000", "investmentIncomeNet": "None", "netInterestIncome": "None", "interestIncome": "19000000", "interestExpense": "27000000", "nonInterestIncome": "None", "otherNonOperatingIncome": "1000000", "depreciation": "None", "depreciationAndAmortization": "231000000", "incomeBeforeTax": "712000000", "incomeTaxExpense": "299000000", "interestAndDebtExpense": "None", "netIncomeFromContinuingOperations": "413000000", "comprehensiveIncomeNetOfTax": "None", "ebit": "739000000", "ebitda": "970000000", "netIncome": "365000000"}, {"fiscalDateEnding": "2014-07-31", "reportedCurrency": "USD", "grossProfit": "3838000000", "totalRevenue": "4506000000", "costOfRevenue": "668000000", "costofGoodsAndServicesSold": "668000000", "operatingIncome": "1298000000", "sellingGeneralAndAdministrative": "481000000", "researchAndDevelopment": "714000000", "operatingExpenses": "2322000000", "investmentIncomeNet": "None", "netInterestIncome": "None", "interestIncome": "None", "interestExpense": "31000000", "nonInterestIncome": "None", "otherNonOperatingIncome": "31000000", "depreciation": "None", "depreciationAndAmortization": "197000000", "incomeBeforeTax": "1298000000", "incomeTaxExpense": "447000000", "interestAndDebtExpense": "None", "netIncomeFromContinuingOperations": "861000000", "comprehensiveIncomeNetOfTax": "None", "ebit": "1331000000", "ebitda": "1528000000", "netIncome": "907000000"}, {"fiscalDateEnding": "2013-07-31", "reportedCurrency": "USD", "grossProfit": "3594000000", "totalRevenue": "4171000000", "costOfRevenue": "577000000", "costofGoodsAndServicesSold": "577000000", "operatingIncome": "1208000000", "sellingGeneralAndAdministrative": "422000000", "researchAndDevelopment": "647000000", "operatingExpenses": "2198000000", "investmentIncomeNet": "None", "netInterestIncome": "None", "interestIncome": "None", "interestExpense": "30000000", "nonInterestIncome": "None", "otherNonOperatingIncome": "7000000", "depreciation": "None", "depreciationAndAmortization": "232000000", "incomeBeforeTax": "1185000000", "incomeTaxExpense": "378000000", "interestAndDebtExpense": "None", "netIncomeFromContinuingOperations": "823000000", "comprehensiveIncomeNetOfTax": "None", "ebit": "1240000000", "ebitda": "1472000000", "netIncome": "858000000"}, {"fiscalDateEnding": "2012-07-31", "reportedCurrency": "USD", "grossProfit": "3391000000", "totalRevenue": "3808000000", "costOfRevenue": "760000000", "costofGoodsAndServicesSold": "760000000", "operatingIncome": "1168000000", "sellingGeneralAndAdministrative": "388000000", "researchAndDevelopment": "618000000", "operatingExpenses": "2032000000", "investmentIncomeNet": "None", "netInterestIncome": "None", "interestIncome": "None", "interestExpense": "50000000", "nonInterestIncome": "None", "otherNonOperatingIncome": "24000000", "depreciation": "None", "depreciationAndAmortization": "242000000", "incomeBeforeTax": "1138000000", "incomeTaxExpense": "374000000", "interestAndDebtExpense": "None", "netIncomeFromContinuingOperations": "767000000", "comprehensiveIncomeNetOfTax": "None", "ebit": "1188000000", "ebitda": "1430000000", "netIncome": "792000000"}, {"fiscalDateEnding": "2011-07-31", "reportedCurrency": "USD", "grossProfit": "3197000000", "totalRevenue": "3851000000", "costOfRevenue": "654000000", "costofGoodsAndServicesSold": "654000000", "operatingIncome": "1007000000", "sellingGeneralAndAdministrative": "354000000", "researchAndDevelopment": "620000000", "operatingExpenses": "2012000000", "investmentIncomeNet": "None", "netInterestIncome": "None", "interestIncome": "None", "interestExpense": "60000000", "nonInterestIncome": "None", "otherNonOperatingIncome": "19000000", "depreciation": "None", "depreciationAndAmortization": "241000000", "incomeBeforeTax": "966000000", "incomeTaxExpense": "344000000", "interestAndDebtExpense": "None", "netIncomeFromContinuingOperations": "634000000", "comprehensiveIncomeNetOfTax": "None", "ebit": "1056000000", "ebitda": "1297000000", "netIncome": "634000000"}, {"fiscalDateEnding": "2010-07-31", "reportedCurrency": "USD", "grossProfit": "2851000000", "totalRevenue": "3455000000", "costOfRevenue": "604000000", "costofGoodsAndServicesSold": "604000000", "operatingIncome": "863000000", "sellingGeneralAndAdministrative": "348000000", "researchAndDevelopment": "573000000", "operatingExpenses": "1988000000", "investmentIncomeNet": "None", "netInterestIncome": "None", "interestIncome": "None", "interestExpense": "61000000", "nonInterestIncome": "None", "otherNonOperatingIncome": "13000000", "depreciation": "None", "depreciationAndAmortization": "256000000", "incomeBeforeTax": "815000000", "incomeTaxExpense": "276000000", "interestAndDebtExpense": "None", "netIncomeFromContinuingOperations": "539000000", "comprehensiveIncomeNetOfTax": "None", "ebit": "876000000", "ebitda": "1132000000", "netIncome": "574000000"}, {"fiscalDateEnding": "2009-07-31", "reportedCurrency": "USD", "grossProfit": "2566835000", "totalRevenue": "3182537000", "costOfRevenue": "615702000", "costofGoodsAndServicesSold": "615702000", "operatingIncome": "682060000", "sellingGeneralAndAdministrative": "288101000", "researchAndDevelopment": "566232000", "operatingExpenses": "1789000000", "investmentIncomeNet": "None", "netInterestIncome": "None", "interestIncome": "None", "interestExpense": "51184000", "nonInterestIncome": "None", "otherNonOperatingIncome": "None", "depreciation": "None", "depreciationAndAmortization": "274673000", "incomeBeforeTax": "653431000", "incomeTaxExpense": "205222000", "interestAndDebtExpense": "None", "netIncomeFromContinuingOperations": "None", "comprehensiveIncomeNetOfTax": "None", "ebit": "704615000", "ebitda": "979288000", "netIncome": "447041000"}, {"fiscalDateEnding": "2008-07-31", "reportedCurrency": "USD", "grossProfit": "2450716000", "totalRevenue": "3074974000", "costOfRevenue": "624258000", "costofGoodsAndServicesSold": "624258000", "operatingIncome": "650767000", "sellingGeneralAndAdministrative": "294966000", "researchAndDevelopment": "605818000", "operatingExpenses": "1737431000", "investmentIncomeNet": "None", "netInterestIncome": "None", "interestIncome": "None", "interestExpense": "52000000", "nonInterestIncome": "None", "otherNonOperatingIncome": "None", "depreciation": "None", "depreciationAndAmortization": "216463000", "incomeBeforeTax": "697985000", "incomeTaxExpense": "245579000", "interestAndDebtExpense": "None", "netIncomeFromContinuingOperations": "None", "comprehensiveIncomeNetOfTax": "None", "ebit": "750275000", "ebitda": "966738000", "netIncome": "476762000"}, {"fiscalDateEnding": "2007-07-31", "reportedCurrency": "USD", "grossProfit": "2163501000", "totalRevenue": "2672947000", "costOfRevenue": "509446000", "costofGoodsAndServicesSold": "509446000", "operatingIncome": "637570000", "sellingGeneralAndAdministrative": "291083000", "researchAndDevelopment": "472516000", "operatingExpenses": "1525931000", "investmentIncomeNet": "None", "netInterestIncome": "None", "interestIncome": "None", "interestExpense": "27091000", "nonInterestIncome": "None", "otherNonOperatingIncome": "None", "depreciation": "None", "depreciationAndAmortization": "138730000", "incomeBeforeTax": "696412000", "incomeTaxExpense": "251607000", "interestAndDebtExpense": "None", "netIncomeFromContinuingOperations": "None", "comprehensiveIncomeNetOfTax": "None", "ebit": "719478000", "ebitda": "858208000", "netIncome": "440003000"}, {"fiscalDateEnding": "2006-07-31", "reportedCurrency": "USD", "grossProfit": "1885688000", "totalRevenue": "2293010000", "costOfRevenue": "426189000", "costofGoodsAndServicesSold": "426189000", "operatingIncome": "575072000", "sellingGeneralAndAdministrative": "270292000", "researchAndDevelopment": "398983000", "operatingExpenses": "1310616000", "investmentIncomeNet": "None", "netInterestIncome": "None", "interestIncome": "None", "interestExpense": "89509000", "nonInterestIncome": "None", "otherNonOperatingIncome": "None", "depreciation": "None", "depreciationAndAmortization": "117008000", "incomeBeforeTax": "616246000", "incomeTaxExpense": "234592000", "interestAndDebtExpense": "None", "netIncomeFromContinuingOperations": "None", "comprehensiveIncomeNetOfTax": "None", "ebit": "575072000", "ebitda": "692080000", "netIncome": "416963000"}], "quarterlyReports": [{"fiscalDateEnding": "2025-10-31", "reportedCurrency": "USD", "grossProfit": "3061000000", "totalRevenue": "3885000000", "costOfRevenue": "824000000", "costofGoodsAndServicesSold": "824000000", "operatingIncome": "534000000", "sellingGeneralAndAdministrative": "422000000", "researchAndDevelopment": "843000000", "operatingExpenses": "2527000000", "investmentIncomeNet": "None", "netInterestIncome": "-20000000", "interestIncome": "38000000", "interestExpense": "58000000", "nonInterestIncome": "None", "otherNonOperatingIncome": "None", "depreciation": "None", "depreciationAndAmortization": "209000000", "incomeBeforeTax": "561000000", "incomeTaxExpense": "115000000", "interestAndDebtExpense": "None", "netIncomeFromContinuingOperations": "446000000", "comprehensiveIncomeNetOfTax": "None", "ebit": "534000000", "ebitda": "743000000", "netIncome": "446000000"}, {"fiscalDateEnding": "2025-07-31", "reportedCurrency": "USD", "grossProfit": "2997000000", "totalRevenue": "3831000000", "costOfRevenue": "834000000", "costofGoodsAndServicesSold": "834000000", "operatingIncome": "339000000", "sellingGeneralAndAdministrative": "424000000", "researchAndDevelopment": "801000000", "operatingExpenses": "2658000000", "investmentIncomeNet": "None", "netInterestIncome": "1000000", "interestIncome": "60000000", "interestExpense": "59000000", "nonInterestIncome": "None", "otherNonOperatingIncome": "None", "depreciation": "None", "depreciationAndAmortization": "208000000", "incomeBeforeTax": "366000000", "incomeTaxExpense": "-15000000", "interestAndDebtExpense": "None", "netIncomeFromContinuingOperations": "381000000", "comprehensiveIncomeNetOfTax": "None", "ebit": "425000000", "ebitda": "633000000", "netIncome": "381000000"}, {"fiscalDateEnding": "2025-04-30", "reportedCurrency": "USD", "grossProfit": "6616000000", "totalRevenue": "7754000000", "costOfRevenue": "1138000000", "costofGoodsAndServicesSold": "1138000000", "operatingIncome": "3720000000", "sellingGeneralAndAdministrative": "394000000", "researchAndDevelopment": "707000000", "operatingExpenses": "2896000000", "investmentIncomeNet": "None", "netInterestIncome": "-29000000", "interestIncome": "39000000", "interestExpense": "68000000", "nonInterestIncome": "None", "otherNonOperatingIncome": "None", "depreciation": "None", "depreciationAndAmortization": "201000000", "incomeBeforeTax": "3684000000", "incomeTaxExpense": "864000000", "interestAndDebtExpense": "None", "netIncomeFromContinuingOperations": "2820000000", "comprehensiveIncomeNetOfTax": "None", "ebit": "3752000000", "ebitda": "3953000000", "netIncome": "2820000000"}, {"fiscalDateEnding": "2025-01-31", "reportedCurrency": "USD", "grossProfit": "3026000000", "totalRevenue": "3963000000", "costOfRevenue": "937000000", "costofGoodsAndServicesSold": "937000000", "operatingIncome": "593000000", "sellingGeneralAndAdministrative": "389000000", "researchAndDevelopment": "716000000", "operatingExpenses": "2433000000", "investmentIncomeNet": "None", "netInterestIncome": "-26000000", "interestIncome": "34000000", "interestExpense": "60000000", "nonInterestIncome": "None", "otherNonOperatingIncome": "None", "depreciation": "None", "depreciationAndAmortization": "199000000", "incomeBeforeTax": "571000000", "incomeTaxExpense": "100000000", "interestAndDebtExpense": "None", "netIncomeFromContinuingOperations": "471000000", "comprehensiveIncomeNetOfTax": "None", "ebit": "631000000", "ebitda": "830000000", "netIncome": "471000000"}, {"fiscalDateEnding": "2024-10-31", "reportedCurrency": "USD", "grossProfit": "2460000000", "totalRevenue": "3283000000", "costOfRevenue": "823000000", "costofGoodsAndServicesSold": "823000000", "operatingIncome": "271000000", "sellingGeneralAndAdministrative": "394000000", "researchAndDevelopment": "704000000", "operatingExpenses": "2189000000", "investmentIncomeNet": "None", "netInterestIncome": "-20000000", "interestIncome": "42000000", "interestExpense": "60000000", "nonInterestIncome": "None", "otherNonOperatingIncome": "None", "depreciation": "None", "depreciationAndAmortization": "201000000", "incomeBeforeTax": "213000000", "incomeTaxExpense": "16000000", "interestAndDebtExpense": "None", "netIncomeFromContinuingOperations": "197000000", "comprehensiveIncomeNetOfTax": "None", "ebit": "273000000", "ebitda": "474000000", "netIncome": "197000000"}, {"fiscalDateEnding": "2024-07-31", "reportedCurrency": "USD", "grossProfit": "2401000000", "totalRevenue": "3184000000", "costOfRevenue": "783000000", "costofGoodsAndServicesSold": "783000000", "operatingIncome": "-151000000", "sellingGeneralAndAdministrative": "382000000", "researchAndDevelopment": "725000000", "operatingExpenses": "2552000000", "investmentIncomeNet": "None", "netInterestIncome": "-2000000", "interestIncome": "59000000", "interestExpense": "61000000", "nonInterestIncome": "None", "otherNonOperatingIncome": "None", "depreciation": "None", "depreciationAndAmortization": "208000000", "incomeBeforeTax": "-140000000", "incomeTaxExpense": "-120000000", "interestAndDebtExpense": "None", "netIncomeFromContinuingOperations": "-20000000", "comprehensiveIncomeNetOfTax": "None", "ebit": "-80000000", "ebitda": "128000000", "netIncome": "-20000000"}, {"fiscalDateEnding": "2024-04-30", "reportedCurrency": "USD", "grossProfit": "5550000000", "totalRevenue": "6737000000", "costOfRevenue": "1187000000", "costofGoodsAndServicesSold": "1187000000", "operatingIncome": "3105000000", "sellingGeneralAndAdministrative": "350000000", "researchAndDevelopment": "671000000", "operatingExpenses": "2445000000", "investmentIncomeNet": "None", "netInterestIncome": "-38000000", "interestIncome": "34000000", "interestExpense": "72000000", "nonInterestIncome": "None", "otherNonOperatingIncome": "None", "depreciation": "None", "depreciationAndAmortization": "198000000", "incomeBeforeTax": "3072000000", "incomeTaxExpense": "683000000", "interestAndDebtExpense": "None", "netIncomeFromContinuingOperations": "2389000000", "comprehensiveIncomeNetOfTax": "None", "ebit": "3132000000", "ebitda": "3330000000", "netIncome": "2389000000"}, {"fiscalDateEnding": "2024-01-31", "reportedCurrency": "USD", "grossProfit": "2531000000", "totalRevenue": "3386000000", "costOfRevenue": "855000000", "costofGoodsAndServicesSold": "855000000", "operatingIncome": "369000000", "sellingGeneralAndAdministrative": "344000000", "researchAndDevelopment": "678000000", "operatingExpenses": "2162000000", "investmentIncomeNet": "None", "netInterestIncome": "-15000000", "interestIncome": "22000000", "interestExpense": "57000000", "nonInterestIncome": "None", "otherNonOperatingIncome": "None", "depreciation": "None", "depreciationAndAmortization": "192000000", "incomeBeforeTax": "354000000", "incomeTaxExpense": "1000000", "interestAndDebtExpense": "None", "netIncomeFromContinuingOperations": "353000000", "comprehensiveIncomeNetOfTax": "None", "ebit": "411000000", "ebitda": "603000000", "netIncome": "353000000"}, {"fiscalDateEnding": "2023-10-31", "reportedCurrency": "USD", "grossProfit": "2218000000", "totalRevenue": "2978000000", "costOfRevenue": "760000000", "costofGoodsAndServicesSold": "760000000", "operatingIncome": "307000000", "sellingGeneralAndAdministrative": "342000000", "researchAndDevelopment": "680000000", "operatingExpenses": "1911000000", "investmentIncomeNet": "None", "netInterestIncome": "-43000000", "interestIncome": "36000000", "interestExpense": "65000000", "nonInterestIncome": "None", "otherNonOperatingIncome": "None", "depreciation": "None", "depreciationAndAmortization": "191000000", "incomeBeforeTax": "264000000", "incomeTaxExpense": "23000000", "interestAndDebtExpense": "None", "netIncomeFromContinuingOperations": "241000000", "comprehensiveIncomeNetOfTax": "None", "ebit": "329000000", "ebitda": "520000000", "netIncome": "241000000"}, {"fiscalDateEnding": "2023-07-31", "reportedCurrency": "USD", "grossProfit": "1999000000", "totalRevenue": "2712000000", "costOfRevenue": "713000000", "costofGoodsAndServicesSold": "713000000", "operatingIncome": "17000000", "sellingGeneralAndAdministrative": "341000000", "researchAndDevelopment": "680000000", "operatingExpenses": "1982000000", "investmentIncomeNet": "None", "netInterestIncome": "-22000000", "interestIncome": "46000000", "interestExpense": "68000000", "nonInterestIncome": "None", "otherNonOperatingIncome": "None", "depreciation": "None", "depreciationAndAmortization": "195000000", "incomeBeforeTax": "-5000000", "incomeTaxExpense": "-94000000", "interestAndDebtExpense": "None", "netIncomeFromContinuingOperations": "89000000", "comprehensiveIncomeNetOfTax": "None", "ebit": "63000000", "ebitda": "258000000", "netIncome": "89000000"}, {"fiscalDateEnding": "2023-04-30", "reportedCurrency": "USD", "grossProfit": "5037000000", "totalRevenue": "6018000000", "costOfRevenue": "981000000", "costofGoodsAndServicesSold": "981000000", "operatingIncome": "2778000000", "sellingGeneralAndAdministrative": "332000000", "researchAndDevelopment": "604000000", "operatingExpenses": "2259000000", "investmentIncomeNet": "None", "netInterestIncome": "-38000000", "interestIncome": "28000000", "interestExpense": "66000000", "nonInterestIncome": "None", "otherNonOperatingIncome": "22000000", "depreciation": "None", "depreciationAndAmortization": "193000000", "incomeBeforeTax": "2734000000", "incomeTaxExpense": "647000000", "interestAndDebtExpense": "None", "netIncomeFromContinuingOperations": "2087000000", "comprehensiveIncomeNetOfTax": "None", "ebit": "2800000000", "ebitda": "2993000000", "netIncome": "2087000000"}, {"fiscalDateEnding": "2023-01-31", "reportedCurrency": "USD", "grossProfit": "2268000000", "totalRevenue": "3041000000", "costOfRevenue": "773000000", "costofGoodsAndServicesSold": "773000000", "operatingIncome": "270000000", "sellingGeneralAndAdministrative": "323000000", "researchAndDevelopment": "630000000", "operatingExpenses": "1998000000", "investmentIncomeNet": "None", "netInterestIncome": "-50000000", "interestIncome": "15000000", "interestExpense": "65000000", "nonInterestIncome": "None", "otherNonOperatingIncome": "23000000", "depreciation": "None", "depreciationAndAmortization": "209000000", "incomeBeforeTax": "228000000", "incomeTaxExpense": "60000000", "interestAndDebtExpense": "None", "netIncomeFromContinuingOperations": "168000000", "comprehensiveIncomeNetOfTax": "None", "ebit": "293000000", "ebitda": "502000000", "netIncome": "168000000"}, {"fiscalDateEnding": "2022-10-31", "reportedCurrency": "USD", "grossProfit": "1921000000", "totalRevenue": "2597000000", "costOfRevenue": "676000000", "costofGoodsAndServicesSold": "676000000", "operatingIncome": "76000000", "sellingGeneralAndAdministrative": "304000000", "researchAndDevelopment": "625000000", "operatingExpenses": "1845000000", "investmentIncomeNet": "None", "netInterestIncome": "-35000000", "interestIncome": "14000000", "interestExpense": "49000000", "nonInterestIncome": "None", "otherNonOperatingIncome": "None", "depreciation": "None", "depreciationAndAmortization": "209000000", "incomeBeforeTax": "32000000", "incomeTaxExpense": "-8000000", "interestAndDebtExpense": "None", "netIncomeFromContinuingOperations": "40000000", "comprehensiveIncomeNetOfTax": "None", "ebit": "81000000", "ebitda": "290000000", "netIncome": "40000000"}, {"fiscalDateEnding": "2022-07-31", "reportedCurrency": "USD", "grossProfit": "1814000000", "totalRevenue": "2414000000", "costOfRevenue": "600000000", "costofGoodsAndServicesSold": "600000000", "operatingIncome": "-75000000", "sellingGeneralAndAdministrative": "334000000", "researchAndDevelopment": "627000000", "operatingExpenses": "1889000000", "investmentIncomeNet": "None", "netInterestIncome": "-24000000", "interestIncome": "8000000", "interestExpense": "32000000", "nonInterestIncome": "None", "otherNonOperatingIncome": "8000000", "depreciation": "None", "depreciationAndAmortization": "208000000", "incomeBeforeTax": "-99000000", "incomeTaxExpense": "-43000000", "interestAndDebtExpense": "None", "netIncomeFromContinuingOperations": "-56000000", "comprehensiveIncomeNetOfTax": "None", "ebit": "-67000000", "ebitda": "141000000", "netIncome": "-56000000"}, {"fiscalDateEnding": "2022-04-30", "reportedCurrency": "USD", "grossProfit": "4808000000", "totalRevenue": "5632000000", "costOfRevenue": "824000000", "costofGoodsAndServicesSold": "824000000", "operatingIncome": "2395000000", "sellingGeneralAndAdministrative": "465000000", "researchAndDevelopment": "600000000", "operatingExpenses": "2413000000", "investmentIncomeNet": "None", "netInterestIncome": "-19000000", "interestIncome": "2000000", "interestExpense": "22000000", "nonInterestIncome": "None", "otherNonOperatingIncome": "-1000000", "depreciation": "None", "depreciationAndAmortization": "209000000", "incomeBeforeTax": "2373000000", "incomeTaxExpense": "579000000", "interestAndDebtExpense": "None", "netIncomeFromContinuingOperations": "1794000000", "comprehensiveIncomeNetOfTax": "None", "ebit": "2394000000", "ebitda": "2603000000", "netIncome": "1794000000"}, {"fiscalDateEnding": "2022-01-31", "reportedCurrency": "USD", "grossProfit": "2108000000", "totalRevenue": "2673000000", "costOfRevenue": "565000000", "costofGoodsAndServicesSold": "565000000", "operatingIncome": "56000000", "sellingGeneralAndAdministrative": "399000000", "researchAndDevelopment": "590000000", "operatingExpenses": "2052000000", "investmentIncomeNet": "None", "netInterestIncome": "-26000000", "interestIncome": "0", "interestExpense": "21000000", "nonInterestIncome": "None", "otherNonOperatingIncome": "-5000000", "depreciation": "None", "depreciationAndAmortization": "215000000", "incomeBeforeTax": "30000000", "incomeTaxExpense": "-70000000", "interestAndDebtExpense": "None", "netIncomeFromContinuingOperations": "100000000", "comprehensiveIncomeNetOfTax": "None", "ebit": "51000000", "ebitda": "266000000", "netIncome": "100000000"}, {"fiscalDateEnding": "2021-10-31", "reportedCurrency": "USD", "grossProfit": "1590000000", "totalRevenue": "2007000000", "costOfRevenue": "417000000", "costofGoodsAndServicesSold": "417000000", "operatingIncome": "195000000", "sellingGeneralAndAdministrative": "262000000", "researchAndDevelopment": "530000000", "operatingExpenses": "1395000000", "investmentIncomeNet": "None", "netInterestIncome": "-2000000", "interestIncome": "5000000", "interestExpense": "7000000", "nonInterestIncome": "None", "otherNonOperatingIncome": "50000000", "depreciation": "None", "depreciationAndAmortization": "114000000", "incomeBeforeTax": "238000000", "incomeTaxExpense": "10000000", "interestAndDebtExpense": "None", "netIncomeFromContinuingOperations": "228000000", "comprehensiveIncomeNetOfTax": "None", "ebit": "245000000", "ebitda": "359000000", "netIncome": "228000000"}, {"fiscalDateEnding": "2021-07-31", "reportedCurrency": "USD", "grossProfit": "2096000000", "totalRevenue": "2561000000", "costOfRevenue": "465000000", "costofGoodsAndServicesSold": "465000000", "operatingIncome": "402000000", "sellingGeneralAndAdministrative": "274000000", "researchAndDevelopment": "521000000", "operatingExpenses": "1694000000", "investmentIncomeNet": "None", "netInterestIncome": "1000000", "interestIncome": "8000000", "interestExpense": "7000000", "nonInterestIncome": "None", "otherNonOperatingIncome": "8000000", "depreciation": "None", "depreciationAndAmortization": "113000000", "incomeBeforeTax": "403000000", "incomeTaxExpense": "23000000", "interestAndDebtExpense": "None", "netIncomeFromContinuingOperations": "380000000", "comprehensiveIncomeNetOfTax": "None", "ebit": "410000000", "ebitda": "523000000", "netIncome": "380000000"}, {"fiscalDateEnding": "2021-04-30", "reportedCurrency": "USD", "grossProfit": "3578000000", "totalRevenue": "4173000000", "costOfRevenue": "595000000", "costofGoodsAndServicesSold": "595000000", "operatingIncome": "1914000000", "sellingGeneralAndAdministrative": "289000000", "researchAndDevelopment": "464000000", "operatingExpenses": "1664000000", "investmentIncomeNet": "None", "netInterestIncome": "7000000", "interestIncome": "14000000", "interestExpense": "7000000", "nonInterestIncome": "None", "otherNonOperatingIncome": "14000000", "depreciation": "None", "depreciationAndAmortization": "113000000", "incomeBeforeTax": "1921000000", "incomeTaxExpense": "457000000", "interestAndDebtExpense": "None", "netIncomeFromContinuingOperations": "1464000000", "comprehensiveIncomeNetOfTax": "None", "ebit": "1928000000", "ebitda": "2041000000", "netIncome": "1464000000"}, {"fiscalDateEnding": "2021-01-31", "reportedCurrency": "USD", "grossProfit": "1209000000", "totalRevenue": "1576000000", "costOfRevenue": "367000000", "costofGoodsAndServicesSold": "367000000", "operatingIncome": "-25000000", "sellingGeneralAndAdministrative": "236000000", "researchAndDevelopment": "368000000", "operatingExpenses": "1234000000", "investmentIncomeNet": "None", "netInterestIncome": "-5000000", "interestIncome": "2000000", "interestExpense": "7000000", "nonInterestIncome": "None", "otherNonOperatingIncome": "54000000", "depreciation": "None", "depreciationAndAmortization": "91000000", "incomeBeforeTax": "22000000", "incomeTaxExpense": "2000000", "interestAndDebtExpense": "None", "netIncomeFromContinuingOperations": "20000000", "comprehensiveIncomeNetOfTax": "None", "ebit": "29000000", "ebitda": "120000000", "netIncome": "20000000"}, {"fiscalDateEnding": "2020-10-31", "reportedCurrency": "USD", "grossProfit": "1067000000", "totalRevenue": "1323000000", "costOfRevenue": "256000000", "costofGoodsAndServicesSold": "256000000", "operatingIncome": "209000000", "sellingGeneralAndAdministrative": "169000000", "researchAndDevelopment": "325000000", "operatingExpenses": "858000000", "investmentIncomeNet": "None", "netInterestIncome": "-5000000", "interestIncome": "3000000", "interestExpense": "8000000", "nonInterestIncome": "None", "otherNonOperatingIncome": "9000000", "depreciation": "None", "depreciationAndAmortization": "46000000", "incomeBeforeTax": "210000000", "incomeTaxExpense": "12000000", "interestAndDebtExpense": "None", "netIncomeFromContinuingOperations": "198000000", "comprehensiveIncomeNetOfTax": "None", "ebit": "218000000", "ebitda": "264000000", "netIncome": "198000000"}, {"fiscalDateEnding": "2020-07-31", "reportedCurrency": "USD", "grossProfit": "1494000000", "totalRevenue": "1816000000", "costOfRevenue": "322000000", "costofGoodsAndServicesSold": "322000000", "operatingIncome": "483000000", "sellingGeneralAndAdministrative": "193000000", "researchAndDevelopment": "393000000", "operatingExpenses": "1011000000", "investmentIncomeNet": "None", "netInterestIncome": "-1000000", "interestIncome": "6000000", "interestExpense": "12000000", "nonInterestIncome": "None", "otherNonOperatingIncome": "None", "depreciation": "None", "depreciationAndAmortization": "50000000", "incomeBeforeTax": "486000000", "incomeTaxExpense": "41000000", "interestAndDebtExpense": "None", "netIncomeFromContinuingOperations": "445000000", "comprehensiveIncomeNetOfTax": "None", "ebit": "498000000", "ebitda": "548000000", "netIncome": "445000000"}, {"fiscalDateEnding": "2020-04-30", "reportedCurrency": "USD", "grossProfit": "2576000000", "totalRevenue": "3002000000", "costOfRevenue": "426000000", "costofGoodsAndServicesSold": "426000000", "operatingIncome": "1413000000", "sellingGeneralAndAdministrative": "181000000", "researchAndDevelopment": "332000000", "operatingExpenses": "1163000000", "investmentIncomeNet": "None", "netInterestIncome": "8000000", "interestIncome": "10000000", "interestExpense": "2000000", "nonInterestIncome": "None", "otherNonOperatingIncome": "-3000000", "depreciation": "None", "depreciationAndAmortization": "54000000", "incomeBeforeTax": "1408000000", "incomeTaxExpense": "324000000", "interestAndDebtExpense": "None", "netIncomeFromContinuingOperations": "1084000000", "comprehensiveIncomeNetOfTax": "None", "ebit": "1410000000", "ebitda": "1464000000", "netIncome": "1084000000"}, {"fiscalDateEnding": "2020-01-31", "reportedCurrency": "USD", "grossProfit": "1356000000", "totalRevenue": "1696000000", "costOfRevenue": "340000000", "costofGoodsAndServicesSold": "340000000", "operatingIncome": "270000000", "sellingGeneralAndAdministrative": "159000000", "researchAndDevelopment": "333000000", "operatingExpenses": "1086000000", "investmentIncomeNet": "None", "netInterestIncome": "8000000", "interestIncome": "11000000", "interestExpense": "3000000", "nonInterestIncome": "None", "otherNonOperatingIncome": "15000000", "depreciation": "None", "depreciationAndAmortization": "57000000", "incomeBeforeTax": "282000000", "incomeTaxExpense": "42000000", "interestAndDebtExpense": "None", "netIncomeFromContinuingOperations": "240000000", "comprehensiveIncomeNetOfTax": "None", "ebit": "285000000", "ebitda": "342000000", "netIncome": "240000000"}, {"fiscalDateEnding": "2019-10-31", "reportedCurrency": "USD", "grossProfit": "875000000", "totalRevenue": "1165000000", "costOfRevenue": "290000000", "costofGoodsAndServicesSold": "290000000", "operatingIncome": "10000000", "sellingGeneralAndAdministrative": "146000000", "researchAndDevelopment": "334000000", "operatingExpenses": "865000000", "investmentIncomeNet": "None", "netInterestIncome": "10000000", "interestIncome": "12000000", "interestExpense": "2000000", "nonInterestIncome": "None", "otherNonOperatingIncome": "None", "depreciation": "None", "depreciationAndAmortization": "57000000", "incomeBeforeTax": "22000000", "incomeTaxExpense": "-35000000", "interestAndDebtExpense": "None", "netIncomeFromContinuingOperations": "57000000", "comprehensiveIncomeNetOfTax": "None", "ebit": "24000000", "ebitda": "81000000", "netIncome": "57000000"}, {"fiscalDateEnding": "2019-07-31", "reportedCurrency": "USD", "grossProfit": "713000000", "totalRevenue": "994000000", "costOfRevenue": "281000000", "costofGoodsAndServicesSold": "281000000", "operatingIncome": "-153000000", "sellingGeneralAndAdministrative": "150000000", "researchAndDevelopment": "333000000", "operatingExpenses": "866000000", "investmentIncomeNet": "None", "netInterestIncome": "16000000", "interestIncome": "19000000", "interestExpense": "4000000", "nonInterestIncome": "None", "otherNonOperatingIncome": "19000000", "depreciation": "None", "depreciationAndAmortization": "59000000", "incomeBeforeTax": "-137000000", "incomeTaxExpense": "-93000000", "interestAndDebtExpense": "None", "netIncomeFromContinuingOperations": "-44000000", "comprehensiveIncomeNetOfTax": "None", "ebit": "-134000000", "ebitda": "-75000000", "netIncome": "-44000000"}, {"fiscalDateEnding": "2019-04-30", "reportedCurrency": "USD", "grossProfit": "2918000000", "totalRevenue": "3272000000", "costOfRevenue": "354000000", "costofGoodsAndServicesSold": "354000000", "operatingIncome": "1784000000", "sellingGeneralAndAdministrative": "170000000", "researchAndDevelopment": "311000000", "operatingExpenses": "1134000000", "investmentIncomeNet": "None", "netInterestIncome": "10000000", "interestIncome": "10000000", "interestExpense": "4000000", "nonInterestIncome": "None", "otherNonOperatingIncome": "17000000", "depreciation": "None", "depreciationAndAmortization": "54000000", "incomeBeforeTax": "1797000000", "incomeTaxExpense": "419000000", "interestAndDebtExpense": "None", "netIncomeFromContinuingOperations": "1378000000", "comprehensiveIncomeNetOfTax": "None", "ebit": "1801000000", "ebitda": "1855000000", "netIncome": "1378000000"}, {"fiscalDateEnding": "2019-01-31", "reportedCurrency": "USD", "grossProfit": "1217000000", "totalRevenue": "1502000000", "costOfRevenue": "285000000", "costofGoodsAndServicesSold": "285000000", "operatingIncome": "233000000", "sellingGeneralAndAdministrative": "140000000", "researchAndDevelopment": "295000000", "operatingExpenses": "984000000", "investmentIncomeNet": "None", "netInterestIncome": "None", "interestIncome": "None", "interestExpense": "4000000", "nonInterestIncome": "None", "otherNonOperatingIncome": "6000000", "depreciation": "None", "depreciationAndAmortization": "55000000", "incomeBeforeTax": "235000000", "incomeTaxExpense": "46000000", "interestAndDebtExpense": "None", "netIncomeFromContinuingOperations": "189000000", "comprehensiveIncomeNetOfTax": "None", "ebit": "239000000", "ebitda": "294000000", "netIncome": "189000000"}, {"fiscalDateEnding": "2018-10-31", "reportedCurrency": "USD", "grossProfit": "769000000", "totalRevenue": "1016000000", "costOfRevenue": "247000000", "costofGoodsAndServicesSold": "247000000", "operatingIncome": "-10000000", "sellingGeneralAndAdministrative": "137000000", "researchAndDevelopment": "294000000", "operatingExpenses": "779000000", "investmentIncomeNet": "None", "netInterestIncome": "None", "interestIncome": "None", "interestExpense": "4000000", "nonInterestIncome": "None", "otherNonOperatingIncome": "None", "depreciation": "None", "depreciationAndAmortization": "57000000", "incomeBeforeTax": "-14000000", "incomeTaxExpense": "-48000000", "interestAndDebtExpense": "None", "netIncomeFromContinuingOperations": "34000000", "comprehensiveIncomeNetOfTax": "None", "ebit": "-10000000", "ebitda": "47000000", "netIncome": "34000000"}, {"fiscalDateEnding": "2018-07-31", "reportedCurrency": "USD", "grossProfit": "757000000", "totalRevenue": "988000000", "costOfRevenue": "231000000", "costofGoodsAndServicesSold": "231000000", "operatingIncome": "-81000000", "sellingGeneralAndAdministrative": "217000000", "researchAndDevelopment": "311000000", "operatingExpenses": "838000000", "investmentIncomeNet": "None", "netInterestIncome": "None", "interestIncome": "None", "interestExpense": "4000000", "nonInterestIncome": "None", "otherNonOperatingIncome": "11000000", "depreciation": "None", "depreciationAndAmortization": "2000000", "incomeBeforeTax": "-74000000", "incomeTaxExpense": "-123000000", "interestAndDebtExpense": "None", "netIncomeFromContinuingOperations": "49000000", "comprehensiveIncomeNetOfTax": "None", "ebit": "-70000000", "ebitda": "-68000000", "netIncome": "49000000"}, {"fiscalDateEnding": "2018-04-30", "reportedCurrency": "USD", "grossProfit": "2621000000", "totalRevenue": "2925000000", "costOfRevenue": "304000000", "costofGoodsAndServicesSold": "304000000", "operatingIncome": "1601000000", "sellingGeneralAndAdministrative": "159000000", "researchAndDevelopment": "296000000", "operatingExpenses": "1006000000", "investmentIncomeNet": "None", "netInterestIncome": "None", "interestIncome": "None", "interestExpense": "5000000", "nonInterestIncome": "None", "otherNonOperatingIncome": "7000000", "depreciation": "None", "depreciationAndAmortization": "64000000", "incomeBeforeTax": "1603000000", "incomeTaxExpense": "417000000", "interestAndDebtExpense": "None", "netIncomeFromContinuingOperations": "1200000000", "comprehensiveIncomeNetOfTax": "None", "ebit": "1608000000", "ebitda": "1672000000", "netIncome": "1200000000"}, {"fiscalDateEnding": "2018-01-31", "reportedCurrency": "USD", "grossProfit": "919000000", "totalRevenue": "1165000000", "costOfRevenue": "246000000", "costofGoodsAndServicesSold": "246000000", "operatingIncome": "194000000", "sellingGeneralAndAdministrative": "143000000", "researchAndDevelopment": "286000000", "operatingExpenses": "899000000", "investmentIncomeNet": "None", "netInterestIncome": "None", "interestIncome": "None", "interestExpense": "6000000", "nonInterestIncome": "None", "otherNonOperatingIncome": "5000000", "depreciation": "None", "depreciationAndAmortization": "62000000", "incomeBeforeTax": "19000000", "incomeTaxExpense": "40000000", "interestAndDebtExpense": "None", "netIncomeFromContinuingOperations": "-21000000", "comprehensiveIncomeNetOfTax": "None", "ebit": "199000000", "ebitda": "261000000", "netIncome": "-21000000"}, {"fiscalDateEnding": "2017-10-31", "reportedCurrency": "USD", "grossProfit": "690000000", "totalRevenue": "886000000", "costOfRevenue": "196000000", "costofGoodsAndServicesSold": "196000000", "operatingIncome": "-57000000", "sellingGeneralAndAdministrative": "145000000", "researchAndDevelopment": "293000000", "operatingExpenses": "747000000", "investmentIncomeNet": "None", "netInterestIncome": "None", "interestIncome": "None", "interestExpense": "5000000", "nonInterestIncome": "None", "otherNonOperatingIncome": "3000000", "depreciation": "None", "depreciationAndAmortization": "65000000", "incomeBeforeTax": "-59000000", "incomeTaxExpense": "-42000000", "interestAndDebtExpense": "None", "netIncomeFromContinuingOperations": "-17000000", "comprehensiveIncomeNetOfTax": "None", "ebit": "-32000000", "ebitda": "33000000", "netIncome": "-17000000"}, {"fiscalDateEnding": "2017-07-31", "reportedCurrency": "USD", "grossProfit": "659000000", "totalRevenue": "842000000", "costOfRevenue": "183000000", "costofGoodsAndServicesSold": "183000000", "operatingIncome": "-10000000", "sellingGeneralAndAdministrative": "141000000", "researchAndDevelopment": "263000000", "operatingExpenses": "669000000", "investmentIncomeNet": "None", "netInterestIncome": "None", "interestIncome": "None", "interestExpense": "3000000", "nonInterestIncome": "None", "otherNonOperatingIncome": "3000000", "depreciation": "None", "depreciationAndAmortization": "62000000", "incomeBeforeTax": "-10000000", "incomeTaxExpense": "-34000000", "interestAndDebtExpense": "None", "netIncomeFromContinuingOperations": "24000000", "comprehensiveIncomeNetOfTax": "None", "ebit": "-7000000", "ebitda": "55000000", "netIncome": "24000000"}, {"fiscalDateEnding": "2017-04-30", "reportedCurrency": "USD", "grossProfit": "2304000000", "totalRevenue": "2541000000", "costOfRevenue": "237000000", "costofGoodsAndServicesSold": "237000000", "operatingIncome": "1444000000", "sellingGeneralAndAdministrative": "146000000", "researchAndDevelopment": "246000000", "operatingExpenses": "860000000", "investmentIncomeNet": "None", "netInterestIncome": "None", "interestIncome": "None", "interestExpense": "8000000", "nonInterestIncome": "None", "otherNonOperatingIncome": "3000000", "depreciation": "None", "depreciationAndAmortization": "62000000", "incomeBeforeTax": "1439000000", "incomeTaxExpense": "475000000", "interestAndDebtExpense": "None", "netIncomeFromContinuingOperations": "964000000", "comprehensiveIncomeNetOfTax": "None", "ebit": "1447000000", "ebitda": "1509000000", "netIncome": "964000000"}, {"fiscalDateEnding": "2017-01-31", "reportedCurrency": "USD", "grossProfit": "810000000", "totalRevenue": "1016000000", "costOfRevenue": "206000000", "costofGoodsAndServicesSold": "206000000", "operatingIncome": "22000000", "sellingGeneralAndAdministrative": "140000000", "researchAndDevelopment": "243000000", "operatingExpenses": "788000000", "investmentIncomeNet": "None", "netInterestIncome": "None", "interestIncome": "None", "interestExpense": "11000000", "nonInterestIncome": "None", "otherNonOperatingIncome": "-1000000", "depreciation": "None", "depreciationAndAmortization": "57000000", "incomeBeforeTax": "10000000", "incomeTaxExpense": "-3000000", "interestAndDebtExpense": "None", "netIncomeFromContinuingOperations": "13000000", "comprehensiveIncomeNetOfTax": "None", "ebit": "22000000", "ebitda": "79000000", "netIncome": "13000000"}, {"fiscalDateEnding": "2016-10-31", "reportedCurrency": "USD", "grossProfit": "595000000", "totalRevenue": "778000000", "costOfRevenue": "183000000", "costofGoodsAndServicesSold": "183000000", "operatingIncome": "-61000000", "sellingGeneralAndAdministrative": "126000000", "researchAndDevelopment": "246000000", "operatingExpenses": "656000000", "investmentIncomeNet": "None", "netInterestIncome": "None", "interestIncome": "None", "interestExpense": "11000000", "nonInterestIncome": "None", "otherNonOperatingIncome": "-2000000", "depreciation": "None", "depreciationAndAmortization": "55000000", "incomeBeforeTax": "-72000000", "incomeTaxExpense": "-42000000", "interestAndDebtExpense": "None", "netIncomeFromContinuingOperations": "-30000000", "comprehensiveIncomeNetOfTax": "None", "ebit": "-63000000", "ebitda": "-8000000", "netIncome": "-30000000"}, {"fiscalDateEnding": "2016-07-31", "reportedCurrency": "USD", "grossProfit": "583000000", "totalRevenue": "754000000", "costOfRevenue": "171000000", "costofGoodsAndServicesSold": "171000000", "operatingIncome": "-56000000", "sellingGeneralAndAdministrative": "132000000", "researchAndDevelopment": "235000000", "operatingExpenses": "639000000", "investmentIncomeNet": "None", "netInterestIncome": "None", "interestIncome": "None", "interestExpense": "9000000", "nonInterestIncome": "None", "otherNonOperatingIncome": "3000000", "depreciation": "None", "depreciationAndAmortization": "63000000", "incomeBeforeTax": "-62000000", "incomeTaxExpense": "-22000000", "interestAndDebtExpense": "None", "netIncomeFromContinuingOperations": "-42000000", "comprehensiveIncomeNetOfTax": "None", "ebit": "-53000000", "ebitda": "10000000", "netIncome": "-40000000"}, {"fiscalDateEnding": "2016-04-30", "reportedCurrency": "USD", "grossProfit": "2088000000", "totalRevenue": "2304000000", "costOfRevenue": "216000000", "costofGoodsAndServicesSold": "216000000", "operatingIncome": "1285000000", "sellingGeneralAndAdministrative": "149000000", "researchAndDevelopment": "228000000", "operatingExpenses": "803000000", "investmentIncomeNet": "None", "netInterestIncome": "None", "interestIncome": "None", "interestExpense": "10000000", "nonInterestIncome": "None", "otherNonOperatingIncome": "2000000", "depreciation": "None", "depreciationAndAmortization": "62000000", "incomeBeforeTax": "1277000000", "incomeTaxExpense": "429000000", "interestAndDebtExpense": "None", "netIncomeFromContinuingOperations": "848000000", "comprehensiveIncomeNetOfTax": "None", "ebit": "1287000000", "ebitda": "1349000000", "netIncome": "1026000000"}, {"fiscalDateEnding": "2016-01-31", "reportedCurrency": "USD", "grossProfit": "724000000", "totalRevenue": "923000000", "costOfRevenue": "199000000", "costofGoodsAndServicesSold": "199000000", "operatingIncome": "42000000", "sellingGeneralAndAdministrative": "120000000", "researchAndDevelopment": "205000000", "operatingExpenses": "682000000", "investmentIncomeNet": "None", "netInterestIncome": "None", "interestIncome": "None", "interestExpense": "9000000", "nonInterestIncome": "None", "otherNonOperatingIncome": "-5000000", "depreciation": "None", "depreciationAndAmortization": "52000000", "incomeBeforeTax": "28000000", "incomeTaxExpense": "-1000000", "interestAndDebtExpense": "None", "netIncomeFromContinuingOperations": "29000000", "comprehensiveIncomeNetOfTax": "None", "ebit": "42000000", "ebitda": "94000000", "netIncome": "24000000"}, {"fiscalDateEnding": "2015-10-31", "reportedCurrency": "USD", "grossProfit": "547000000", "totalRevenue": "713000000", "costOfRevenue": "166000000", "costofGoodsAndServicesSold": "166000000", "operatingIncome": "-29000000", "sellingGeneralAndAdministrative": "117000000", "researchAndDevelopment": "213000000", "operatingExpenses": "576000000", "investmentIncomeNet": "None", "netInterestIncome": "None", "interestIncome": "None", "interestExpense": "11000000", "nonInterestIncome": "None", "otherNonOperatingIncome": "-4000000", "depreciation": "None", "depreciationAndAmortization": "49000000", "incomeBeforeTax": "-40000000", "incomeTaxExpense": "-9000000", "interestAndDebtExpense": "None", "netIncomeFromContinuingOperations": "-31000000", "comprehensiveIncomeNetOfTax": "None", "ebit": "-29000000", "ebitda": "20000000", "netIncome": "-31000000"}, {"fiscalDateEnding": "2015-07-31", "reportedCurrency": "USD", "grossProfit": "520000000", "totalRevenue": "518000000", "costOfRevenue": "176000000", "costofGoodsAndServicesSold": "176000000", "operatingIncome": "44000000", "sellingGeneralAndAdministrative": "118000000", "researchAndDevelopment": "215000000", "operatingExpenses": "616000000", "investmentIncomeNet": "None", "netInterestIncome": "None", "interestIncome": "None", "interestExpense": "8000000", "nonInterestIncome": "None", "otherNonOperatingIncome": "-2000000", "depreciation": "None", "depreciationAndAmortization": "61000000", "incomeBeforeTax": "36000000", "incomeTaxExpense": "-26000000", "interestAndDebtExpense": "None", "netIncomeFromContinuingOperations": "62000000", "comprehensiveIncomeNetOfTax": "None", "ebit": "-96000000", "ebitda": "-35000000", "netIncome": "14000000"}, {"fiscalDateEnding": "2015-04-30", "reportedCurrency": "USD", "grossProfit": "1933000000", "totalRevenue": "2135000000", "costOfRevenue": "219000000", "costofGoodsAndServicesSold": "219000000", "operatingIncome": "1066000000", "sellingGeneralAndAdministrative": "135000000", "researchAndDevelopment": "206000000", "operatingExpenses": "867000000", "investmentIncomeNet": "None", "netInterestIncome": "None", "interestIncome": "None", "interestExpense": "5000000", "nonInterestIncome": "None", "otherNonOperatingIncome": "1000000", "depreciation": "None", "depreciationAndAmortization": "51000000", "incomeBeforeTax": "1060000000", "incomeTaxExpense": "404000000", "interestAndDebtExpense": "None", "netIncomeFromContinuingOperations": "501000000", "comprehensiveIncomeNetOfTax": "None", "ebit": "1180000000", "ebitda": "1231000000", "netIncome": "501000000"}, {"fiscalDateEnding": "2015-01-31", "reportedCurrency": "USD", "grossProfit": "602000000", "totalRevenue": "808000000", "costOfRevenue": "206000000", "costofGoodsAndServicesSold": "206000000", "operatingIncome": "-89000000", "sellingGeneralAndAdministrative": "118000000", "researchAndDevelopment": "200000000", "operatingExpenses": "700000000", "investmentIncomeNet": "None", "netInterestIncome": "None", "interestIncome": "None", "interestExpense": "7000000", "nonInterestIncome": "None", "otherNonOperatingIncome": "2000000", "depreciation": "None", "depreciationAndAmortization": "50000000", "incomeBeforeTax": "71000000", "incomeTaxExpense": "-34000000", "interestAndDebtExpense": "None", "netIncomeFromContinuingOperations": "-66000000", "comprehensiveIncomeNetOfTax": "None", "ebit": "-89000000", "ebitda": "-39000000", "netIncome": "-66000000"}, {"fiscalDateEnding": "2014-10-31", "reportedCurrency": "USD", "grossProfit": "497000000", "totalRevenue": "672000000", "costOfRevenue": "175000000", "costofGoodsAndServicesSold": "175000000", "operatingIncome": "-109000000", "sellingGeneralAndAdministrative": "124000000", "researchAndDevelopment": "189000000", "operatingExpenses": "611000000", "investmentIncomeNet": "None", "netInterestIncome": "None", "interestIncome": "None", "interestExpense": "7000000", "nonInterestIncome": "None", "otherNonOperatingIncome": "None", "depreciation": "None", "depreciationAndAmortization": "47000000", "incomeBeforeTax": "53000000", "incomeTaxExpense": "-35000000", "interestAndDebtExpense": "None", "netIncomeFromContinuingOperations": "-84000000", "comprehensiveIncomeNetOfTax": "None", "ebit": "-109000000", "ebitda": "-62000000", "netIncome": "-84000000"}, {"fiscalDateEnding": "2014-07-31", "reportedCurrency": "USD", "grossProfit": "535000000", "totalRevenue": "714000000", "costOfRevenue": "179000000", "costofGoodsAndServicesSold": "179000000", "operatingIncome": "-71000000", "sellingGeneralAndAdministrative": "133000000", "researchAndDevelopment": "210000000", "operatingExpenses": "608000000", "investmentIncomeNet": "None", "netInterestIncome": "None", "interestIncome": "None", "interestExpense": "7000000", "nonInterestIncome": "None", "otherNonOperatingIncome": "23000000", "depreciation": "None", "depreciationAndAmortization": "50000000", "incomeBeforeTax": "-57000000", "incomeTaxExpense": "-12000000", "interestAndDebtExpense": "None", "netIncomeFromContinuingOperations": "-29000000", "comprehensiveIncomeNetOfTax": "None", "ebit": "-71000000", "ebitda": "-21000000", "netIncome": "-29000000"}, {"fiscalDateEnding": "2014-04-30", "reportedCurrency": "USD", "grossProfit": "2218000000", "totalRevenue": "2388000000", "costOfRevenue": "170000000", "costofGoodsAndServicesSold": "170000000", "operatingIncome": "1494000000", "sellingGeneralAndAdministrative": "121000000", "researchAndDevelopment": "186000000", "operatingExpenses": "724000000", "investmentIncomeNet": "None", "netInterestIncome": "None", "interestIncome": "None", "interestExpense": "8000000", "nonInterestIncome": "None", "otherNonOperatingIncome": "3000000", "depreciation": "None", "depreciationAndAmortization": "47000000", "incomeBeforeTax": "1489000000", "incomeTaxExpense": "505000000", "interestAndDebtExpense": "None", "netIncomeFromContinuingOperations": "984000000", "comprehensiveIncomeNetOfTax": "None", "ebit": "1497000000", "ebitda": "1544000000", "netIncome": "984000000"}, {"fiscalDateEnding": "2014-01-31", "reportedCurrency": "USD", "grossProfit": "606000000", "totalRevenue": "782000000", "costOfRevenue": "176000000", "costofGoodsAndServicesSold": "176000000", "operatingIncome": "-46000000", "sellingGeneralAndAdministrative": "109000000", "researchAndDevelopment": "186000000", "operatingExpenses": "652000000", "investmentIncomeNet": "None", "netInterestIncome": "None", "interestIncome": "None", "interestExpense": "8000000", "nonInterestIncome": "None", "otherNonOperatingIncome": "None", "depreciation": "None", "depreciationAndAmortization": "50000000", "incomeBeforeTax": "-54000000", "incomeTaxExpense": "-17000000", "interestAndDebtExpense": "None", "netIncomeFromContinuingOperations": "-37000000", "comprehensiveIncomeNetOfTax": "None", "ebit": "-46000000", "ebitda": "4000000", "netIncome": "-37000000"}, {"fiscalDateEnding": "2013-10-31", "reportedCurrency": "USD", "grossProfit": "479000000", "totalRevenue": "622000000", "costOfRevenue": "143000000", "costofGoodsAndServicesSold": "143000000", "operatingIncome": "-77000000", "sellingGeneralAndAdministrative": "118000000", "researchAndDevelopment": "176000000", "operatingExpenses": "556000000", "investmentIncomeNet": "None", "netInterestIncome": "None", "interestIncome": "None", "interestExpense": "8000000", "nonInterestIncome": "None", "otherNonOperatingIncome": "5000000", "depreciation": "None", "depreciationAndAmortization": "50000000", "incomeBeforeTax": "-80000000", "incomeTaxExpense": "-23000000", "interestAndDebtExpense": "None", "netIncomeFromContinuingOperations": "-57000000", "comprehensiveIncomeNetOfTax": "None", "ebit": "-72000000", "ebitda": "-22000000", "netIncome": "-11000000"}, {"fiscalDateEnding": "2013-07-31", "reportedCurrency": "USD", "grossProfit": "507000000", "totalRevenue": "378000000", "costOfRevenue": "127000000", "costofGoodsAndServicesSold": "127000000", "operatingIncome": "-38000000", "sellingGeneralAndAdministrative": "115000000", "researchAndDevelopment": "182000000", "operatingExpenses": "567000000", "investmentIncomeNet": "None", "netInterestIncome": "None", "interestIncome": "None", "interestExpense": "7000000", "nonInterestIncome": "None", "otherNonOperatingIncome": "1000000", "depreciation": "None", "depreciationAndAmortization": "63000000", "incomeBeforeTax": "-44000000", "incomeTaxExpense": "-25000000", "interestAndDebtExpense": "None", "netIncomeFromContinuingOperations": "-19000000", "comprehensiveIncomeNetOfTax": "None", "ebit": "-37000000", "ebitda": "26000000", "netIncome": "-16000000"}, {"fiscalDateEnding": "2013-04-30", "reportedCurrency": "USD", "grossProfit": "1946000000", "totalRevenue": "2091000000", "costOfRevenue": "187000000", "costofGoodsAndServicesSold": "187000000", "operatingIncome": "1282000000", "sellingGeneralAndAdministrative": "108000000", "researchAndDevelopment": "166000000", "operatingExpenses": "664000000", "investmentIncomeNet": "None", "netInterestIncome": "None", "interestIncome": "None", "interestExpense": "8000000", "nonInterestIncome": "None", "otherNonOperatingIncome": "3000000", "depreciation": "None", "depreciationAndAmortization": "57000000", "incomeBeforeTax": "1278000000", "incomeTaxExpense": "420000000", "interestAndDebtExpense": "None", "netIncomeFromContinuingOperations": "822000000", "comprehensiveIncomeNetOfTax": "None", "ebit": "1286000000", "ebitda": "1343000000", "netIncome": "822000000"}, {"fiscalDateEnding": "2013-01-31", "reportedCurrency": "USD", "grossProfit": "760000000", "totalRevenue": "884000000", "costOfRevenue": "208000000", "costofGoodsAndServicesSold": "208000000", "operatingIncome": "84000000", "sellingGeneralAndAdministrative": "109000000", "researchAndDevelopment": "169000000", "operatingExpenses": "634000000", "investmentIncomeNet": "None", "netInterestIncome": "None", "interestIncome": "None", "interestExpense": "7000000", "nonInterestIncome": "None", "otherNonOperatingIncome": "1000000", "depreciation": "None", "depreciationAndAmortization": "58000000", "incomeBeforeTax": "78000000", "incomeTaxExpense": "13000000", "interestAndDebtExpense": "None", "netIncomeFromContinuingOperations": "71000000", "comprehensiveIncomeNetOfTax": "None", "ebit": "85000000", "ebitda": "143000000", "netIncome": "71000000"}, {"fiscalDateEnding": "2012-10-31", "reportedCurrency": "USD", "grossProfit": "465000000", "totalRevenue": "562000000", "costOfRevenue": "182000000", "costofGoodsAndServicesSold": "182000000", "operatingIncome": "-69000000", "sellingGeneralAndAdministrative": "98000000", "researchAndDevelopment": "168000000", "operatingExpenses": "534000000", "investmentIncomeNet": "None", "netInterestIncome": "None", "interestIncome": "None", "interestExpense": "8000000", "nonInterestIncome": "None", "otherNonOperatingIncome": "2000000", "depreciation": "None", "depreciationAndAmortization": "54000000", "incomeBeforeTax": "-75000000", "incomeTaxExpense": "-25000000", "interestAndDebtExpense": "None", "netIncomeFromContinuingOperations": "-51000000", "comprehensiveIncomeNetOfTax": "None", "ebit": "-71000000", "ebitda": "-17000000", "netIncome": "-19000000"}, {"fiscalDateEnding": "2012-07-31", "reportedCurrency": "USD", "grossProfit": "460000000", "totalRevenue": "593000000", "costOfRevenue": "191000000", "costofGoodsAndServicesSold": "191000000", "operatingIncome": "-28000000", "sellingGeneralAndAdministrative": "100000000", "researchAndDevelopment": "179000000", "operatingExpenses": "505000000", "investmentIncomeNet": "None", "netInterestIncome": "None", "interestIncome": "None", "interestExpense": "7000000", "nonInterestIncome": "None", "otherNonOperatingIncome": "1000000", "depreciation": "None", "depreciationAndAmortization": "57000000", "incomeBeforeTax": "-34000000", "incomeTaxExpense": "-13000000", "interestAndDebtExpense": "None", "netIncomeFromContinuingOperations": "-21000000", "comprehensiveIncomeNetOfTax": "None", "ebit": "-27000000", "ebitda": "30000000", "netIncome": "4000000"}, {"fiscalDateEnding": "2012-04-30", "reportedCurrency": "USD", "grossProfit": "1747000000", "totalRevenue": "1945000000", "costOfRevenue": "198000000", "costofGoodsAndServicesSold": "198000000", "operatingIncome": "1107000000", "sellingGeneralAndAdministrative": "102000000", "researchAndDevelopment": "167000000", "operatingExpenses": "618000000", "investmentIncomeNet": "None", "netInterestIncome": "None", "interestIncome": "None", "interestExpense": "12000000", "nonInterestIncome": "None", "otherNonOperatingIncome": "9000000", "depreciation": "None", "depreciationAndAmortization": "52000000", "incomeBeforeTax": "1104000000", "incomeTaxExpense": "377000000", "interestAndDebtExpense": "None", "netIncomeFromContinuingOperations": "734000000", "comprehensiveIncomeNetOfTax": "None", "ebit": "1120000000", "ebitda": "1172000000", "netIncome": "734000000"}, {"fiscalDateEnding": "2012-01-31", "reportedCurrency": "USD", "grossProfit": "813000000", "totalRevenue": "961000000", "costOfRevenue": "206000000", "costofGoodsAndServicesSold": "206000000", "operatingIncome": "192000000", "sellingGeneralAndAdministrative": "95000000", "researchAndDevelopment": "156000000", "operatingExpenses": "549000000", "investmentIncomeNet": "None", "netInterestIncome": "None", "interestIncome": "None", "interestExpense": "16000000", "nonInterestIncome": "None", "otherNonOperatingIncome": "3000000", "depreciation": "None", "depreciationAndAmortization": "61000000", "incomeBeforeTax": "179000000", "incomeTaxExpense": "62000000", "interestAndDebtExpense": "None", "netIncomeFromContinuingOperations": "118000000", "comprehensiveIncomeNetOfTax": "None", "ebit": "198000000", "ebitda": "259000000", "netIncome": "118000000"}, {"fiscalDateEnding": "2011-10-31", "reportedCurrency": "USD", "grossProfit": "426000000", "totalRevenue": "594000000", "costOfRevenue": "168000000", "costofGoodsAndServicesSold": "168000000", "operatingIncome": "-94000000", "sellingGeneralAndAdministrative": "92000000", "researchAndDevelopment": "167000000", "operatingExpenses": "448000000", "investmentIncomeNet": "None", "netInterestIncome": "None", "interestIncome": "None", "interestExpense": "15000000", "nonInterestIncome": "None", "otherNonOperatingIncome": "11000000", "depreciation": "None", "depreciationAndAmortization": "72000000", "incomeBeforeTax": "-98000000", "incomeTaxExpense": "-30000000", "interestAndDebtExpense": "None", "netIncomeFromContinuingOperations": "-64000000", "comprehensiveIncomeNetOfTax": "None", "ebit": "-103000000", "ebitda": "-31000000", "netIncome": "-64000000"}, {"fiscalDateEnding": "2011-07-31", "reportedCurrency": "USD", "grossProfit": "429000000", "totalRevenue": "593000000", "costOfRevenue": "164000000", "costofGoodsAndServicesSold": "164000000", "operatingIncome": "-61000000", "sellingGeneralAndAdministrative": "83000000", "researchAndDevelopment": "156000000", "operatingExpenses": "460000000", "investmentIncomeNet": "None", "netInterestIncome": "None", "interestIncome": "None", "interestExpense": "15000000", "nonInterestIncome": "None", "otherNonOperatingIncome": "-1000000", "depreciation": "None", "depreciationAndAmortization": "63000000", "incomeBeforeTax": "-77000000", "incomeTaxExpense": "-20000000", "interestAndDebtExpense": "None", "netIncomeFromContinuingOperations": "-57000000", "comprehensiveIncomeNetOfTax": "None", "ebit": "-62000000", "ebitda": "1000000", "netIncome": "-57000000"}, {"fiscalDateEnding": "2011-04-30", "reportedCurrency": "USD", "grossProfit": "1684000000", "totalRevenue": "1848000000", "costOfRevenue": "164000000", "costofGoodsAndServicesSold": "164000000", "operatingIncome": "1061000000", "sellingGeneralAndAdministrative": "93000000", "researchAndDevelopment": "164000000", "operatingExpenses": "623000000", "investmentIncomeNet": "None", "netInterestIncome": "None", "interestIncome": "None", "interestExpense": "15000000", "nonInterestIncome": "None", "otherNonOperatingIncome": "6000000", "depreciation": "None", "depreciationAndAmortization": "61000000", "incomeBeforeTax": "1052000000", "incomeTaxExpense": "364000000", "interestAndDebtExpense": "None", "netIncomeFromContinuingOperations": "688000000", "comprehensiveIncomeNetOfTax": "None", "ebit": "1067000000", "ebitda": "1128000000", "netIncome": "688000000"}, {"fiscalDateEnding": "2011-01-31", "reportedCurrency": "USD", "grossProfit": "698000000", "totalRevenue": "878000000", "costOfRevenue": "180000000", "costofGoodsAndServicesSold": "180000000", "operatingIncome": "111000000", "sellingGeneralAndAdministrative": "88000000", "researchAndDevelopment": "158000000", "operatingExpenses": "587000000", "investmentIncomeNet": "None", "netInterestIncome": "None", "interestIncome": "None", "interestExpense": "15000000", "nonInterestIncome": "None", "otherNonOperatingIncome": "6000000", "depreciation": "None", "depreciationAndAmortization": "61000000", "incomeBeforeTax": "102000000", "incomeTaxExpense": "29000000", "interestAndDebtExpense": "None", "netIncomeFromContinuingOperations": "73000000", "comprehensiveIncomeNetOfTax": "None", "ebit": "117000000", "ebitda": "178000000", "netIncome": "73000000"}, {"fiscalDateEnding": "2010-10-31", "reportedCurrency": "USD", "grossProfit": "373000000", "totalRevenue": "532000000", "costOfRevenue": "159000000", "costofGoodsAndServicesSold": "159000000", "operatingIncome": "-104000000", "sellingGeneralAndAdministrative": "90000000", "researchAndDevelopment": "156000000", "operatingExpenses": "477000000", "investmentIncomeNet": "None", "netInterestIncome": "None", "interestIncome": "None", "interestExpense": "15000000", "nonInterestIncome": "None", "otherNonOperatingIncome": "8000000", "depreciation": "None", "depreciationAndAmortization": "56000000", "incomeBeforeTax": "-111000000", "incomeTaxExpense": "-41000000", "interestAndDebtExpense": "None", "netIncomeFromContinuingOperations": "-70000000", "comprehensiveIncomeNetOfTax": "None", "ebit": "-96000000", "ebitda": "-40000000", "netIncome": "-70000000"}, {"fiscalDateEnding": "2010-07-31", "reportedCurrency": "USD", "grossProfit": "385000000", "totalRevenue": "537000000", "costOfRevenue": "152000000", "costofGoodsAndServicesSold": "152000000", "operatingIncome": "-64000000", "sellingGeneralAndAdministrative": "81000000", "researchAndDevelopment": "147000000", "operatingExpenses": "449000000", "investmentIncomeNet": "None", "netInterestIncome": "None", "interestIncome": "None", "interestExpense": "15000000", "nonInterestIncome": "None", "otherNonOperatingIncome": "1000000", "depreciation": "None", "depreciationAndAmortization": "58000000", "incomeBeforeTax": "-79000000", "incomeTaxExpense": "-30000000", "interestAndDebtExpense": "None", "netIncomeFromContinuingOperations": "-49000000", "comprehensiveIncomeNetOfTax": "None", "ebit": "-63000000", "ebitda": "-5000000", "netIncome": "-48000000"}, {"fiscalDateEnding": "2010-04-30", "reportedCurrency": "USD", "grossProfit": "1450000000", "totalRevenue": "1607000000", "costOfRevenue": "157000000", "costofGoodsAndServicesSold": "157000000", "operatingIncome": "888000000", "sellingGeneralAndAdministrative": "102000000", "researchAndDevelopment": "141000000", "operatingExpenses": "562000000", "investmentIncomeNet": "None", "netInterestIncome": "None", "interestIncome": "None", "interestExpense": "15000000", "nonInterestIncome": "None", "otherNonOperatingIncome": "5000000", "depreciation": "None", "depreciationAndAmortization": "55000000", "incomeBeforeTax": "878000000", "incomeTaxExpense": "302000000", "interestAndDebtExpense": "None", "netIncomeFromContinuingOperations": "576000000", "comprehensiveIncomeNetOfTax": "None", "ebit": "893000000", "ebitda": "948000000", "netIncome": "576000000"}, {"fiscalDateEnding": "2010-01-31", "reportedCurrency": "USD", "grossProfit": "675000000", "totalRevenue": "837000000", "costOfRevenue": "162000000", "costofGoodsAndServicesSold": "162000000", "operatingIncome": "138000000", "sellingGeneralAndAdministrative": "87000000", "researchAndDevelopment": "144000000", "operatingExpenses": "525000000", "investmentIncomeNet": "None", "netInterestIncome": "None", "interestIncome": "None", "interestExpense": "15000000", "nonInterestIncome": "None", "otherNonOperatingIncome": "2000000", "depreciation": "None", "depreciationAndAmortization": "68000000", "incomeBeforeTax": "125000000", "incomeTaxExpense": "46000000", "interestAndDebtExpense": "None", "netIncomeFromContinuingOperations": "80000000", "comprehensiveIncomeNetOfTax": "None", "ebit": "141000000", "ebitda": "209000000", "netIncome": "114000000"}, {"fiscalDateEnding": "2009-10-31", "reportedCurrency": "USD", "grossProfit": "458000000", "totalRevenue": "474000000", "costOfRevenue": "154000000", "costofGoodsAndServicesSold": "154000000", "operatingIncome": "-100000000", "sellingGeneralAndAdministrative": "78000000", "researchAndDevelopment": "143000000", "operatingExpenses": "428000000", "investmentIncomeNet": "None", "netInterestIncome": "None", "interestIncome": "None", "interestExpense": "16000000", "nonInterestIncome": "None", "otherNonOperatingIncome": "5000000", "depreciation": "None", "depreciationAndAmortization": "75000000", "incomeBeforeTax": "-111000000", "incomeTaxExpense": "-42000000", "interestAndDebtExpense": "None", "netIncomeFromContinuingOperations": "-68000000", "comprehensiveIncomeNetOfTax": "None", "ebit": "-95000000", "ebitda": "-20000000", "netIncome": "-68000000"}, {"fiscalDateEnding": "2009-07-31", "reportedCurrency": "USD", "grossProfit": "264863000", "totalRevenue": "475774000", "costOfRevenue": "210911000", "costofGoodsAndServicesSold": "210911000", "operatingIncome": "-115529000", "sellingGeneralAndAdministrative": "76581000", "researchAndDevelopment": "153900000", "operatingExpenses": "380392000", "investmentIncomeNet": "None", "netInterestIncome": "None", "interestIncome": "None", "interestExpense": "15125000", "nonInterestIncome": "None", "otherNonOperatingIncome": "None", "depreciation": "None", "depreciationAndAmortization": "85551000", "incomeBeforeTax": "-119482000", "incomeTaxExpense": "-49179000", "interestAndDebtExpense": "None", "netIncomeFromContinuingOperations": "0", "comprehensiveIncomeNetOfTax": "None", "ebit": "-104357000", "ebitda": "-18806000", "netIncome": "-70675000"}, {"fiscalDateEnding": "2009-04-30", "reportedCurrency": "USD", "grossProfit": "1276716000", "totalRevenue": "1434408000", "costOfRevenue": "157692000", "costofGoodsAndServicesSold": "157692000", "operatingIncome": "764062000", "sellingGeneralAndAdministrative": "75335000", "researchAndDevelopment": "132866000", "operatingExpenses": "636496000", "investmentIncomeNet": "None", "netInterestIncome": "None", "interestIncome": "None", "interestExpense": "12000000", "nonInterestIncome": "None", "otherNonOperatingIncome": "None", "depreciation": "None", "depreciationAndAmortization": "63019000", "incomeBeforeTax": "757904000", "incomeTaxExpense": "272868000", "interestAndDebtExpense": "None", "netIncomeFromContinuingOperations": "0", "comprehensiveIncomeNetOfTax": "None", "ebit": "770981000", "ebitda": "834000000", "netIncome": "484820000"}, {"fiscalDateEnding": "2009-01-31", "reportedCurrency": "USD", "grossProfit": "735331000", "totalRevenue": "790976000", "costOfRevenue": "178160000", "costofGoodsAndServicesSold": "178160000", "operatingIncome": "109557000", "sellingGeneralAndAdministrative": "71088000", "researchAndDevelopment": "143249000", "operatingExpenses": "490711000", "investmentIncomeNet": "None", "netInterestIncome": "None", "interestIncome": "None", "interestExpense": "12000000", "nonInterestIncome": "None", "otherNonOperatingIncome": "None", "depreciation": "None", "depreciationAndAmortization": "65361000", "incomeBeforeTax": "104061000", "incomeTaxExpense": "19000000", "interestAndDebtExpense": "None", "netIncomeFromContinuingOperations": "0", "comprehensiveIncomeNetOfTax": "None", "ebit": "117639000", "ebitda": "183000000", "netIncome": "85040000"}, {"fiscalDateEnding": "2008-10-31", "reportedCurrency": "USD", "grossProfit": "321058000", "totalRevenue": "481379000", "costOfRevenue": "160321000", "costofGoodsAndServicesSold": "160321000", "operatingIncome": "-76030000", "sellingGeneralAndAdministrative": "65097000", "researchAndDevelopment": "136217000", "operatingExpenses": "384500000", "investmentIncomeNet": "None", "netInterestIncome": "None", "interestIncome": "None", "interestExpense": "12000000", "nonInterestIncome": "None", "otherNonOperatingIncome": "None", "depreciation": "None", "depreciationAndAmortization": "60000000", "incomeBeforeTax": "-89052000", "incomeTaxExpense": "-37000000", "interestAndDebtExpense": "None", "netIncomeFromContinuingOperations": "0", "comprehensiveIncomeNetOfTax": "None", "ebit": "-77000000", "ebitda": "-17000000", "netIncome": "-52144000"}, {"fiscalDateEnding": "2008-07-31", "reportedCurrency": "USD", "grossProfit": "328951000", "totalRevenue": "482154000", "costOfRevenue": "153203000", "costofGoodsAndServicesSold": "153203000", "operatingIncome": "-94165000", "sellingGeneralAndAdministrative": "72029000", "researchAndDevelopment": "156730000", "operatingExpenses": "412947000", "investmentIncomeNet": "None", "netInterestIncome": "None", "interestIncome": "None", "interestExpense": "7800000", "nonInterestIncome": "None", "otherNonOperatingIncome": "None", "depreciation": "None", "depreciationAndAmortization": "82088000", "incomeBeforeTax": "-91796000", "incomeTaxExpense": "-30260000", "interestAndDebtExpense": "None", "netIncomeFromContinuingOperations": "0", "comprehensiveIncomeNetOfTax": "None", "ebit": "-83996000", "ebitda": "-1908000", "netIncome": "-61860000"}, {"fiscalDateEnding": "2008-04-30", "reportedCurrency": "USD", "grossProfit": "1158985000", "totalRevenue": "1313008000", "costOfRevenue": "154023000", "costofGoodsAndServicesSold": "154023000", "operatingIncome": "674501000", "sellingGeneralAndAdministrative": "79150000", "researchAndDevelopment": "149985000", "operatingExpenses": "475230000", "investmentIncomeNet": "None", "netInterestIncome": "None", "interestIncome": "None", "interestExpense": "12830000", "nonInterestIncome": "None", "otherNonOperatingIncome": "None", "depreciation": "None", "depreciationAndAmortization": "56938000", "incomeBeforeTax": "686125000", "incomeTaxExpense": "241612000", "interestAndDebtExpense": "None", "netIncomeFromContinuingOperations": "0", "comprehensiveIncomeNetOfTax": "None", "ebit": "698955000", "ebitda": "755893000", "netIncome": "444179000"}, {"fiscalDateEnding": "2008-01-31", "reportedCurrency": "USD", "grossProfit": "661857000", "totalRevenue": "834874000", "costOfRevenue": "173017000", "costofGoodsAndServicesSold": "173017000", "operatingIncome": "173630000", "sellingGeneralAndAdministrative": "66672000", "researchAndDevelopment": "149767000", "operatingExpenses": "480144000", "investmentIncomeNet": "None", "netInterestIncome": "None", "interestIncome": "None", "interestExpense": "13510000", "nonInterestIncome": "None", "otherNonOperatingIncome": "None", "depreciation": "None", "depreciationAndAmortization": "51360000", "incomeBeforeTax": "179049000", "incomeTaxExpense": "62555000", "interestAndDebtExpense": "None", "netIncomeFromContinuingOperations": "0", "comprehensiveIncomeNetOfTax": "None", "ebit": "192559000", "ebitda": "243919000", "netIncome": "115247000"}, {"fiscalDateEnding": "2007-10-31", "reportedCurrency": "USD", "grossProfit": "300923000", "totalRevenue": "444938000", "costOfRevenue": "144015000", "costofGoodsAndServicesSold": "144015000", "operatingIncome": "-103199000", "sellingGeneralAndAdministrative": "77115000", "researchAndDevelopment": "149336000", "operatingExpenses": "396110000", "investmentIncomeNet": "None", "netInterestIncome": "None", "interestIncome": "None", "interestExpense": "19794000", "nonInterestIncome": "None", "otherNonOperatingIncome": "None", "depreciation": "None", "depreciationAndAmortization": "26077000", "incomeBeforeTax": "-75393000", "incomeTaxExpense": "-28328000", "interestAndDebtExpense": "None", "netIncomeFromContinuingOperations": "0", "comprehensiveIncomeNetOfTax": "None", "ebit": "-57243000", "ebitda": "-31166000", "netIncome": "-20804000"}, {"fiscalDateEnding": "2007-07-31", "reportedCurrency": "USD", "grossProfit": "266811000", "totalRevenue": "393172000", "costOfRevenue": "126361000", "costofGoodsAndServicesSold": "126361000", "operatingIncome": "-54025000", "sellingGeneralAndAdministrative": "67404000", "researchAndDevelopment": "117696000", "operatingExpenses": "320836000", "investmentIncomeNet": "None", "netInterestIncome": "None", "interestIncome": "None", "interestExpense": "32666000", "nonInterestIncome": "None", "otherNonOperatingIncome": "None", "depreciation": "None", "depreciationAndAmortization": "41802000", "incomeBeforeTax": "-16231000", "incomeTaxExpense": "-5432000", "interestAndDebtExpense": "None", "netIncomeFromContinuingOperations": "0", "comprehensiveIncomeNetOfTax": "None", "ebit": "-48897000", "ebitda": "-7095000", "netIncome": "-13640000"}, {"fiscalDateEnding": "2007-04-30", "reportedCurrency": "USD", "grossProfit": "1015573000", "totalRevenue": "1154397000", "costOfRevenue": "138824000", "costofGoodsAndServicesSold": "138824000", "operatingIncome": "578765000", "sellingGeneralAndAdministrative": "77685000", "researchAndDevelopment": "119132000", "operatingExpenses": "427148000", "investmentIncomeNet": "None", "netInterestIncome": "None", "interestIncome": "None", "interestExpense": "2920000", "nonInterestIncome": "None", "otherNonOperatingIncome": "None", "depreciation": "None", "depreciationAndAmortization": "41435000", "incomeBeforeTax": "577256000", "incomeTaxExpense": "208634000", "interestAndDebtExpense": "None", "netIncomeFromContinuingOperations": "0", "comprehensiveIncomeNetOfTax": "None", "ebit": "586775000", "ebitda": "628210000", "netIncome": "367211000"}, {"fiscalDateEnding": "2007-01-31", "reportedCurrency": "USD", "grossProfit": "624761000", "totalRevenue": "763307000", "costOfRevenue": "138546000", "costofGoodsAndServicesSold": "138546000", "operatingIncome": "214983000", "sellingGeneralAndAdministrative": "68606000", "researchAndDevelopment": "115474000", "operatingExpenses": "407444000", "investmentIncomeNet": "None", "netInterestIncome": "None", "interestIncome": "None", "interestExpense": "10052000", "nonInterestIncome": "None", "otherNonOperatingIncome": "None", "depreciation": "None", "depreciationAndAmortization": "27449000", "incomeBeforeTax": "225370000", "incomeTaxExpense": "79673000", "interestAndDebtExpense": "None", "netIncomeFromContinuingOperations": "0", "comprehensiveIncomeNetOfTax": "None", "ebit": "216086000", "ebitda": "243535000", "netIncome": "145362000"}, {"fiscalDateEnding": "2006-10-31", "reportedCurrency": "USD", "grossProfit": "256356000", "totalRevenue": "362071000", "costOfRevenue": "105715000", "costofGoodsAndServicesSold": "105715000", "operatingIncome": "-101494000", "sellingGeneralAndAdministrative": "77388000", "researchAndDevelopment": "120214000", "operatingExpenses": "355008000", "investmentIncomeNet": "None", "netInterestIncome": "None", "interestIncome": "None", "interestExpense": "8669000", "nonInterestIncome": "None", "otherNonOperatingIncome": "None", "depreciation": "None", "depreciationAndAmortization": "28044000", "incomeBeforeTax": "-89983000", "incomeTaxExpense": "-30025000", "interestAndDebtExpense": "None", "netIncomeFromContinuingOperations": "0", "comprehensiveIncomeNetOfTax": "None", "ebit": "-96641000", "ebitda": "-68597000", "netIncome": "-58930000"}, {"fiscalDateEnding": "2006-07-31", "reportedCurrency": "USD", "grossProfit": "251478000", "totalRevenue": "342925000", "costOfRevenue": "91447000", "costofGoodsAndServicesSold": "91447000", "operatingIncome": "-60673000", "sellingGeneralAndAdministrative": "67391000", "researchAndDevelopment": "104284000", "operatingExpenses": "305645000", "investmentIncomeNet": "None", "netInterestIncome": "None", "interestIncome": "None", "interestExpense": "20230000", "nonInterestIncome": "None", "otherNonOperatingIncome": "None", "depreciation": "None", "depreciationAndAmortization": "30527000", "incomeBeforeTax": "-33937000", "incomeTaxExpense": "-15774000", "interestAndDebtExpense": "None", "netIncomeFromContinuingOperations": "0", "comprehensiveIncomeNetOfTax": "None", "ebit": "-54167000", "ebitda": "-23640000", "netIncome": "-18854000"}, {"fiscalDateEnding": "2006-04-30", "reportedCurrency": "USD", "grossProfit": "844672000", "totalRevenue": "952603000", "costOfRevenue": "107931000", "costofGoodsAndServicesSold": "107931000", "operatingIncome": "480107000", "sellingGeneralAndAdministrative": "74009000", "researchAndDevelopment": "97335000", "operatingExpenses": "361287000", "investmentIncomeNet": "None", "netInterestIncome": "None", "interestIncome": "None", "interestExpense": "8770000", "nonInterestIncome": "None", "otherNonOperatingIncome": "None", "depreciation": "None", "depreciationAndAmortization": "28652000", "incomeBeforeTax": "488877000", "incomeTaxExpense": "190229000", "interestAndDebtExpense": "None", "netIncomeFromContinuingOperations": "0", "comprehensiveIncomeNetOfTax": "None", "ebit": "483385000", "ebitda": "512037000", "netIncome": "298648000"}, {"fiscalDateEnding": "2006-01-31", "reportedCurrency": "USD", "grossProfit": "607572000", "totalRevenue": "742704000", "costOfRevenue": "135132000", "costofGoodsAndServicesSold": "135132000", "operatingIncome": "238972000", "sellingGeneralAndAdministrative": "65297000", "researchAndDevelopment": "100084000", "operatingExpenses": "365047000", "investmentIncomeNet": "None", "netInterestIncome": "None", "interestIncome": "None", "interestExpense": "36075000", "nonInterestIncome": "None", "otherNonOperatingIncome": "None", "depreciation": "None", "depreciationAndAmortization": "28610000", "incomeBeforeTax": "247321000", "incomeTaxExpense": "92074000", "interestAndDebtExpense": "None", "netIncomeFromContinuingOperations": "0", "comprehensiveIncomeNetOfTax": "None", "ebit": "244716000", "ebitda": "273326000", "netIncome": "182973000"}, {"fiscalDateEnding": "2005-10-31", "reportedCurrency": "USD", "grossProfit": "212392000", "totalRevenue": "304071000", "costOfRevenue": "91679000", "costofGoodsAndServicesSold": "91679000", "operatingIncome": "-102621000", "sellingGeneralAndAdministrative": "63595000", "researchAndDevelopment": "97280000", "operatingExpenses": "311254000", "investmentIncomeNet": "None", "netInterestIncome": "None", "interestIncome": "None", "interestExpense": "6812000", "nonInterestIncome": "None", "otherNonOperatingIncome": "None", "depreciation": "None", "depreciationAndAmortization": "29219000", "incomeBeforeTax": "-92050000", "incomeTaxExpense": "-34439000", "interestAndDebtExpense": "None", "netIncomeFromContinuingOperations": "0", "comprehensiveIncomeNetOfTax": "None", "ebit": "-98862000", "ebitda": "-69643000", "netIncome": "-45804000"}]}