{"symbol": "ADAG", "annualReports": [{"fiscalDateEnding": "2024-12-31", "reportedCurrency": "USD", "grossProfit": "-823044", "totalRevenue": "103204", "costOfRevenue": "926248", "costofGoodsAndServicesSold": "926248", "operatingIncome": "-35951543", "sellingGeneralAndAdministrative": "7273335", "researchAndDevelopment": "28781412", "operatingExpenses": "36054747", "investmentIncomeNet": "None", "netInterestIncome": "2949471", "interestIncome": "3801345", "interestExpense": "851874", "nonInterestIncome": "None", "otherNonOperatingIncome": "None", "depreciation": "None", "depreciationAndAmortization": "926248", "incomeBeforeTax": "-33441664", "incomeTaxExpense": "-17553", "interestAndDebtExpense": "None", "netIncomeFromContinuingOperations": "-33424111", "comprehensiveIncomeNetOfTax": "None", "ebit": "-32589788", "ebitda": "-31663540", "netIncome": "-33424111"}, {"fiscalDateEnding": "2023-12-31", "reportedCurrency": "USD", "grossProfit": "18111491", "totalRevenue": "18111491", "costOfRevenue": "None", "costofGoodsAndServicesSold": "None", "operatingIncome": "-23719866", "sellingGeneralAndAdministrative": "8672843", "researchAndDevelopment": "36639146", "operatingExpenses": "41831357", "investmentIncomeNet": "None", "netInterestIncome": "3175265", "interestIncome": "4283085", "interestExpense": "1107820", "nonInterestIncome": "None", "otherNonOperatingIncome": "None", "depreciation": "None", "depreciationAndAmortization": "1208458", "incomeBeforeTax": "-17254962", "incomeTaxExpense": "1691408", "interestAndDebtExpense": "None", "netIncomeFromContinuingOperations": "-18946370", "comprehensiveIncomeNetOfTax": "None", "ebit": "-16159243", "ebitda": "-14950785", "netIncome": "-18946370"}, {"fiscalDateEnding": "2022-12-31", "reportedCurrency": "USD", "grossProfit": "9292724", "totalRevenue": "9292724", "costOfRevenue": "None", "costofGoodsAndServicesSold": "None", "operatingIncome": "-83920683", "sellingGeneralAndAdministrative": "11873867", "researchAndDevelopment": "81339540", "operatingExpenses": "93213407", "investmentIncomeNet": "None", "netInterestIncome": "-315822", "interestIncome": "377501", "interestExpense": "693323", "nonInterestIncome": "None", "otherNonOperatingIncome": "None", "depreciation": "None", "depreciationAndAmortization": "1429271", "incomeBeforeTax": "-79512792", "incomeTaxExpense": "459055", "interestAndDebtExpense": "None", "netIncomeFromContinuingOperations": "-79971847", "comprehensiveIncomeNetOfTax": "None", "ebit": "-78819472", "ebitda": "-77390201", "netIncome": "-79971847"}, {"fiscalDateEnding": "2021-12-31", "reportedCurrency": "USD", "grossProfit": "10175258", "totalRevenue": "10175258", "costOfRevenue": "None", "costofGoodsAndServicesSold": "None", "operatingIncome": "-72364089", "sellingGeneralAndAdministrative": "14439962", "researchAndDevelopment": "68099385", "operatingExpenses": "82539347", "investmentIncomeNet": "None", "netInterestIncome": "-287596", "interestIncome": "76166", "interestExpense": "363762", "nonInterestIncome": "None", "otherNonOperatingIncome": "None", "depreciation": "None", "depreciationAndAmortization": "1125032", "incomeBeforeTax": "-71476322", "incomeTaxExpense": "1701613", "interestAndDebtExpense": "None", "netIncomeFromContinuingOperations": "-73177935", "comprehensiveIncomeNetOfTax": "None", "ebit": "-71112563", "ebitda": "-69987531", "netIncome": "-73177935"}, {"fiscalDateEnding": "2020-12-31", "reportedCurrency": "USD", "grossProfit": "480000", "totalRevenue": "480000", "costOfRevenue": "None", "costofGoodsAndServicesSold": "None", "operatingIncome": "-19169650", "sellingGeneralAndAdministrative": "3437900", "researchAndDevelopment": "16211750", "operatingExpenses": "19649650", "investmentIncomeNet": "None", "netInterestIncome": "784584", "interestIncome": "922680", "interestExpense": "202165", "nonInterestIncome": "None", "otherNonOperatingIncome": "None", "depreciation": "None", "depreciationAndAmortization": "858408", "incomeBeforeTax": "-16432308", "incomeTaxExpense": "3164", "interestAndDebtExpense": "None", "netIncomeFromContinuingOperations": "-16432308", "comprehensiveIncomeNetOfTax": "None", "ebit": "-42195110", "ebitda": "-41336702", "netIncome": "-16435472"}, {"fiscalDateEnding": "2019-12-31", "reportedCurrency": "USD", "grossProfit": "480000", "totalRevenue": "480000", "costOfRevenue": "None", "costofGoodsAndServicesSold": "None", "operatingIncome": "-19169650", "sellingGeneralAndAdministrative": "3437900", "researchAndDevelopment": "16211750", "operatingExpenses": "19649650", "investmentIncomeNet": "None", "netInterestIncome": "784584", "interestIncome": "922680", "interestExpense": "138096", "nonInterestIncome": "None", "otherNonOperatingIncome": "None", "depreciation": "None", "depreciationAndAmortization": "816686", "incomeBeforeTax": "-16432308", "incomeTaxExpense": "861572", "interestAndDebtExpense": "None", "netIncomeFromContinuingOperations": "-16432308", "comprehensiveIncomeNetOfTax": "None", "ebit": "-16294215", "ebitda": "-15477529", "netIncome": "-17293880"}, {"fiscalDateEnding": "2018-12-31", "reportedCurrency": "USD", "grossProfit": "1511168", "totalRevenue": "1511168", "costOfRevenue": "None", "costofGoodsAndServicesSold": "None", "operatingIncome": "-17334526", "sellingGeneralAndAdministrative": "2765134", "researchAndDevelopment": "16080560", "operatingExpenses": "18845694", "investmentIncomeNet": "None", "netInterestIncome": "619626", "interestIncome": "710711", "interestExpense": "91085", "nonInterestIncome": "None", "otherNonOperatingIncome": "None", "depreciation": "None", "depreciationAndAmortization": "909002", "incomeBeforeTax": "-15266184", "incomeTaxExpense": "-547003", "interestAndDebtExpense": "None", "netIncomeFromContinuingOperations": "-15266184", "comprehensiveIncomeNetOfTax": "None", "ebit": "-15175100", "ebitda": "-14266098", "netIncome": "-14719181"}], "quarterlyReports": [{"fiscalDateEnding": "2025-06-30", "reportedCurrency": "None", "grossProfit": "-300326", "totalRevenue": "None", "costOfRevenue": "300326", "costofGoodsAndServicesSold": "300326", "operatingIncome": "-15726821", "sellingGeneralAndAdministrative": "None", "researchAndDevelopment": "11744392", "operatingExpenses": "15426494", "investmentIncomeNet": "None", "netInterestIncome": "None", "interestIncome": "None", "interestExpense": "319204", "nonInterestIncome": "None", "otherNonOperatingIncome": "None", "depreciation": "None", "depreciationAndAmortization": "300326", "incomeBeforeTax": "-13509909", "incomeTaxExpense": "459.13", "interestAndDebtExpense": "None", "netIncomeFromContinuingOperations": "None", "comprehensiveIncomeNetOfTax": "None", "ebit": "-13190708", "ebitda": "-12890382", "netIncome": "-13510369"}, {"fiscalDateEnding": "2024-12-31", "reportedCurrency": "None", "grossProfit": "-823044", "totalRevenue": "103204", "costOfRevenue": "926248", "costofGoodsAndServicesSold": "926248", "operatingIncome": "-26790627", "sellingGeneralAndAdministrative": "5474696", "researchAndDevelopment": "20492887", "operatingExpenses": "26893831", "investmentIncomeNet": "None", "netInterestIncome": "None", "interestIncome": "None", "interestExpense": "423546", "nonInterestIncome": "None", "otherNonOperatingIncome": "None", "depreciation": "None", "depreciationAndAmortization": "726349", "incomeBeforeTax": "-24936500", "incomeTaxExpense": "-18247", "interestAndDebtExpense": "None", "netIncomeFromContinuingOperations": "None", "comprehensiveIncomeNetOfTax": "None", "ebit": "-23428872", "ebitda": "-22702523", "netIncome": "-24918253"}, {"fiscalDateEnding": "2024-09-30", "reportedCurrency": "None", "grossProfit": "None", "totalRevenue": "None", "costOfRevenue": "None", "costofGoodsAndServicesSold": "None", "operatingIncome": "-9160916", "sellingGeneralAndAdministrative": "1798639", "researchAndDevelopment": "7362277", "operatingExpenses": "9160916", "investmentIncomeNet": "None", "netInterestIncome": "None", "interestIncome": "None", "interestExpense": "428328", "nonInterestIncome": "None", "otherNonOperatingIncome": "None", "depreciation": "None", "depreciationAndAmortization": "199899", "incomeBeforeTax": "-8505164", "incomeTaxExpense": "694", "interestAndDebtExpense": "None", "netIncomeFromContinuingOperations": "None", "comprehensiveIncomeNetOfTax": "None", "ebit": "-9160916", "ebitda": "-8961017", "netIncome": "-8505858"}, {"fiscalDateEnding": "2024-06-30", "reportedCurrency": "None", "grossProfit": "None", "totalRevenue": "None", "costOfRevenue": "None", "costofGoodsAndServicesSold": "None", "operatingIncome": "-9160916", "sellingGeneralAndAdministrative": "1798639", "researchAndDevelopment": "7362277", "operatingExpenses": "9160916", "investmentIncomeNet": "None", "netInterestIncome": "None", "interestIncome": "None", "interestExpense": "428328", "nonInterestIncome": "None", "otherNonOperatingIncome": "None", "depreciation": "None", "depreciationAndAmortization": "199899", "incomeBeforeTax": "-8505164", "incomeTaxExpense": "694", "interestAndDebtExpense": "None", "netIncomeFromContinuingOperations": "None", "comprehensiveIncomeNetOfTax": "None", "ebit": "-9160916", "ebitda": "-8961017", "netIncome": "-8505858"}, {"fiscalDateEnding": "2024-03-31", "reportedCurrency": "None", "grossProfit": "None", "totalRevenue": "None", "costOfRevenue": "None", "costofGoodsAndServicesSold": "None", "operatingIncome": "-9160916", "sellingGeneralAndAdministrative": "1798639", "researchAndDevelopment": "7362277", "operatingExpenses": "9279280", "investmentIncomeNet": "None", "netInterestIncome": "None", "interestIncome": "None", "interestExpense": "None", "nonInterestIncome": "None", "otherNonOperatingIncome": "None", "depreciation": "None", "depreciationAndAmortization": "199899", "incomeBeforeTax": "-8505164", "incomeTaxExpense": "694", "interestAndDebtExpense": "None", "netIncomeFromContinuingOperations": "None", "comprehensiveIncomeNetOfTax": "None", "ebit": "-9160916", "ebitda": "-8961017", "netIncome": "-8505858"}, {"fiscalDateEnding": "2023-12-31", "reportedCurrency": "None", "grossProfit": "-17589", "totalRevenue": "407873", "costOfRevenue": "425462", "costofGoodsAndServicesSold": "425462", "operatingIncome": "-9335443", "sellingGeneralAndAdministrative": "2101162", "researchAndDevelopment": "7674856", "operatingExpenses": "9052420", "investmentIncomeNet": "None", "netInterestIncome": "None", "interestIncome": "None", "interestExpense": "545834", "nonInterestIncome": "None", "otherNonOperatingIncome": "None", "depreciation": "None", "depreciationAndAmortization": "245013", "incomeBeforeTax": "-7729646", "incomeTaxExpense": "-310864", "interestAndDebtExpense": "None", "netIncomeFromContinuingOperations": "None", "comprehensiveIncomeNetOfTax": "None", "ebit": "-9335443", "ebitda": "-9090430", "netIncome": "-7418782"}, {"fiscalDateEnding": "2023-09-30", "reportedCurrency": "None", "grossProfit": "407873", "totalRevenue": "407873", "costOfRevenue": "None", "costofGoodsAndServicesSold": "None", "operatingIncome": "-9335443", "sellingGeneralAndAdministrative": "2101162", "researchAndDevelopment": "7674856", "operatingExpenses": "9052420", "investmentIncomeNet": "None", "netInterestIncome": "None", "interestIncome": "None", "interestExpense": "None", "nonInterestIncome": "None", "otherNonOperatingIncome": "None", "depreciation": "None", "depreciationAndAmortization": "286499", "incomeBeforeTax": "-7729646", "incomeTaxExpense": "-310864", "interestAndDebtExpense": "None", "netIncomeFromContinuingOperations": "None", "comprehensiveIncomeNetOfTax": "None", "ebit": "-9335443", "ebitda": "-9048944", "netIncome": "-7418782"}, {"fiscalDateEnding": "2023-06-30", "reportedCurrency": "USD", "grossProfit": "8647873", "totalRevenue": "8647872", "costOfRevenue": "8647872", "costofGoodsAndServicesSold": "8647872", "operatingIncome": "-2524489", "sellingGeneralAndAdministrative": "2235260", "researchAndDevelopment": "10644717", "operatingExpenses": "10218439", "investmentIncomeNet": "None", "netInterestIncome": "None", "interestIncome": "None", "interestExpense": "573507", "nonInterestIncome": "None", "otherNonOperatingIncome": "None", "depreciation": "None", "depreciationAndAmortization": "259099", "incomeBeforeTax": "-897835", "incomeTaxExpense": "1156568", "interestAndDebtExpense": "None", "netIncomeFromContinuingOperations": "None", "comprehensiveIncomeNetOfTax": "None", "ebit": "-2524489", "ebitda": "-2265390", "netIncome": "-2054403"}, {"fiscalDateEnding": "2023-03-31", "reportedCurrency": "USD", "grossProfit": "8647873", "totalRevenue": "8647873", "costOfRevenue": "2660419", "costofGoodsAndServicesSold": "2660419", "operatingIncome": "-2524490", "sellingGeneralAndAdministrative": "2235260", "researchAndDevelopment": "10644717", "operatingExpenses": "10218440", "investmentIncomeNet": "None", "netInterestIncome": "None", "interestIncome": "None", "interestExpense": "479703", "nonInterestIncome": "None", "otherNonOperatingIncome": "None", "depreciation": "None", "depreciationAndAmortization": "259100", "incomeBeforeTax": "-897835", "incomeTaxExpense": "1156568", "interestAndDebtExpense": "None", "netIncomeFromContinuingOperations": "None", "comprehensiveIncomeNetOfTax": "None", "ebit": "-2524490", "ebitda": "-2265390", "netIncome": "-2054403"}, {"fiscalDateEnding": "2022-12-31", "reportedCurrency": "USD", "grossProfit": "None", "totalRevenue": "None", "costOfRevenue": "None", "costofGoodsAndServicesSold": "None", "operatingIncome": "None", "sellingGeneralAndAdministrative": "None", "researchAndDevelopment": "None", "operatingExpenses": "None", "investmentIncomeNet": "None", "netInterestIncome": "None", "interestIncome": "None", "interestExpense": "None", "nonInterestIncome": "None", "otherNonOperatingIncome": "None", "depreciation": "None", "depreciationAndAmortization": "None", "incomeBeforeTax": "None", "incomeTaxExpense": "-49944", "interestAndDebtExpense": "None", "netIncomeFromContinuingOperations": "None", "comprehensiveIncomeNetOfTax": "None", "ebit": "None", "ebitda": "None", "netIncome": "None"}, {"fiscalDateEnding": "2022-09-30", "reportedCurrency": "USD", "grossProfit": "2684775", "totalRevenue": "2684775", "costOfRevenue": "None", "costofGoodsAndServicesSold": "None", "operatingIncome": "-17923288", "sellingGeneralAndAdministrative": "2512471", "researchAndDevelopment": "18095591", "operatingExpenses": "18839584", "investmentIncomeNet": "None", "netInterestIncome": "None", "interestIncome": "None", "interestExpense": "None", "nonInterestIncome": "None", "otherNonOperatingIncome": "None", "depreciation": "None", "depreciationAndAmortization": "281258", "incomeBeforeTax": "-16214468", "incomeTaxExpense": "-49944", "interestAndDebtExpense": "None", "netIncomeFromContinuingOperations": "None", "comprehensiveIncomeNetOfTax": "None", "ebit": "-17923288", "ebitda": "-17642030", "netIncome": "-16164524"}, {"fiscalDateEnding": "2022-06-30", "reportedCurrency": "USD", "grossProfit": "1961587", "totalRevenue": "3923174", "costOfRevenue": "1961587", "costofGoodsAndServicesSold": "1961587", "operatingIncome": "-48074110", "sellingGeneralAndAdministrative": "3424463", "researchAndDevelopment": "45148357", "operatingExpenses": "51997282", "investmentIncomeNet": "None", "netInterestIncome": "None", "interestIncome": "None", "interestExpense": "None", "nonInterestIncome": "None", "otherNonOperatingIncome": "None", "depreciation": "None", "depreciationAndAmortization": "281258", "incomeBeforeTax": "-47083855", "incomeTaxExpense": "558944", "interestAndDebtExpense": "None", "netIncomeFromContinuingOperations": "None", "comprehensiveIncomeNetOfTax": "None", "ebit": "-24037054", "ebitda": "-23755796", "netIncome": "-47642799"}, {"fiscalDateEnding": "2022-03-31", "reportedCurrency": "USD", "grossProfit": "1961587", "totalRevenue": "1961587", "costOfRevenue": "4383387", "costofGoodsAndServicesSold": "4383387", "operatingIncome": "-24037054", "sellingGeneralAndAdministrative": "3424463", "researchAndDevelopment": "22574179", "operatingExpenses": "25405263", "investmentIncomeNet": "None", "netInterestIncome": "None", "interestIncome": "None", "interestExpense": "375289", "nonInterestIncome": "None", "otherNonOperatingIncome": "None", "depreciation": "None", "depreciationAndAmortization": "281258", "incomeBeforeTax": "-23541928", "incomeTaxExpense": "279472", "interestAndDebtExpense": "None", "netIncomeFromContinuingOperations": "None", "comprehensiveIncomeNetOfTax": "None", "ebit": "-24037054", "ebitda": "-23755796", "netIncome": "-23821400"}, {"fiscalDateEnding": "2021-12-31", "reportedCurrency": "USD", "grossProfit": "None", "totalRevenue": "None", "costOfRevenue": "None", "costofGoodsAndServicesSold": "None", "operatingIncome": "None", "sellingGeneralAndAdministrative": "None", "researchAndDevelopment": "None", "operatingExpenses": "None", "investmentIncomeNet": "None", "netInterestIncome": "None", "interestIncome": "None", "interestExpense": "None", "nonInterestIncome": "None", "otherNonOperatingIncome": "None", "depreciation": "None", "depreciationAndAmortization": "None", "incomeBeforeTax": "None", "incomeTaxExpense": "850807", "interestAndDebtExpense": "None", "netIncomeFromContinuingOperations": "None", "comprehensiveIncomeNetOfTax": "None", "ebit": "-17430128", "ebitda": "None", "netIncome": "None"}, {"fiscalDateEnding": "2021-09-30", "reportedCurrency": "USD", "grossProfit": "4408211", "totalRevenue": "4408211", "costOfRevenue": "None", "costofGoodsAndServicesSold": "None", "operatingIncome": "-17430128", "sellingGeneralAndAdministrative": "3519919", "researchAndDevelopment": "18318420", "operatingExpenses": "21468998", "investmentIncomeNet": "None", "netInterestIncome": "None", "interestIncome": "None", "interestExpense": "None", "nonInterestIncome": "None", "otherNonOperatingIncome": "None", "depreciation": "None", "depreciationAndAmortization": "214602", "incomeBeforeTax": "-17142819", "incomeTaxExpense": "850807", "interestAndDebtExpense": "None", "netIncomeFromContinuingOperations": "None", "comprehensiveIncomeNetOfTax": "None", "ebit": "-17430128", "ebitda": "-17215526", "netIncome": "-17993626"}, {"fiscalDateEnding": "2021-06-30", "reportedCurrency": "USD", "grossProfit": "679418", "totalRevenue": "1358836", "costOfRevenue": "679418", "costofGoodsAndServicesSold": "679418", "operatingIncome": "-37503830", "sellingGeneralAndAdministrative": "3700062", "researchAndDevelopment": "31462546", "operatingExpenses": "38862669", "investmentIncomeNet": "None", "netInterestIncome": "None", "interestIncome": "None", "interestExpense": "None", "nonInterestIncome": "None", "otherNonOperatingIncome": "None", "depreciation": "None", "depreciationAndAmortization": "214602", "incomeBeforeTax": "-37190683", "incomeTaxExpense": "18751913", "interestAndDebtExpense": "None", "netIncomeFromContinuingOperations": "None", "comprehensiveIncomeNetOfTax": "None", "ebit": "-18751917", "ebitda": "-18537315", "netIncome": "-37190683"}, {"fiscalDateEnding": "2021-03-31", "reportedCurrency": "USD", "grossProfit": "679418", "totalRevenue": "679418", "costOfRevenue": "None", "costofGoodsAndServicesSold": "None", "operatingIncome": "-18751917", "sellingGeneralAndAdministrative": "3700062", "researchAndDevelopment": "15731273", "operatingExpenses": "19212992", "investmentIncomeNet": "None", "netInterestIncome": "None", "interestIncome": "None", "interestExpense": "88432", "nonInterestIncome": "None", "otherNonOperatingIncome": "None", "depreciation": "None", "depreciationAndAmortization": "214602", "incomeBeforeTax": "-18595342", "incomeTaxExpense": "-118104", "interestAndDebtExpense": "None", "netIncomeFromContinuingOperations": "None", "comprehensiveIncomeNetOfTax": "None", "ebit": "-18751917", "ebitda": "-18537315", "netIncome": "-18609618"}, {"fiscalDateEnding": "2020-12-31", "reportedCurrency": "USD", "grossProfit": "170500", "totalRevenue": "170500", "costOfRevenue": "None", "costofGoodsAndServicesSold": "None", "operatingIncome": "11536698", "sellingGeneralAndAdministrative": "4010169", "researchAndDevelopment": "7356029", "operatingExpenses": "-11366198", "investmentIncomeNet": "None", "netInterestIncome": "285419", "interestIncome": "309782", "interestExpense": "24363", "nonInterestIncome": "None", "otherNonOperatingIncome": "None", "depreciation": "None", "depreciationAndAmortization": "378503", "incomeBeforeTax": "13197106", "incomeTaxExpense": "-118104", "interestAndDebtExpense": "None", "netIncomeFromContinuingOperations": "13197106", "comprehensiveIncomeNetOfTax": "None", "ebit": "11536698", "ebitda": "11915201", "netIncome": "13197106"}, {"fiscalDateEnding": "2020-09-30", "reportedCurrency": "USD", "grossProfit": "None", "totalRevenue": "0", "costOfRevenue": "None", "costofGoodsAndServicesSold": "None", "operatingIncome": "-11368365", "sellingGeneralAndAdministrative": "2714573", "researchAndDevelopment": "8653792", "operatingExpenses": "11368365", "investmentIncomeNet": "None", "netInterestIncome": "-24392", "interestIncome": "89341", "interestExpense": "113733", "nonInterestIncome": "None", "otherNonOperatingIncome": "None", "depreciation": "None", "depreciationAndAmortization": "229202", "incomeBeforeTax": "-11444068", "incomeTaxExpense": "24392", "interestAndDebtExpense": "None", "netIncomeFromContinuingOperations": "-11444068", "comprehensiveIncomeNetOfTax": "None", "ebit": "-11330334", "ebitda": "-11101132", "netIncome": "-11468460"}, {"fiscalDateEnding": "2020-06-30", "reportedCurrency": "USD", "grossProfit": "154750", "totalRevenue": "154750", "costOfRevenue": "None", "costofGoodsAndServicesSold": "None", "operatingIncome": "-9668992", "sellingGeneralAndAdministrative": "2366748", "researchAndDevelopment": "7456994", "operatingExpenses": "9509202", "investmentIncomeNet": "None", "netInterestIncome": "None", "interestIncome": "None", "interestExpense": "None", "nonInterestIncome": "None", "otherNonOperatingIncome": "None", "depreciation": "None", "depreciationAndAmortization": "209009", "incomeBeforeTax": "-9092673", "incomeTaxExpense": "61611", "interestAndDebtExpense": "None", "netIncomeFromContinuingOperations": "None", "comprehensiveIncomeNetOfTax": "None", "ebit": "-9668992", "ebitda": "-9459983", "netIncome": "-9154284"}, {"fiscalDateEnding": "2020-03-31", "reportedCurrency": "USD", "grossProfit": "154750", "totalRevenue": "154750", "costOfRevenue": "None", "costofGoodsAndServicesSold": "None", "operatingIncome": "-9668992", "sellingGeneralAndAdministrative": "2366748", "researchAndDevelopment": "7456994", "operatingExpenses": "9509202", "investmentIncomeNet": "None", "netInterestIncome": "None", "interestIncome": "None", "interestExpense": "None", "nonInterestIncome": "None", "otherNonOperatingIncome": "None", "depreciation": "None", "depreciationAndAmortization": "209009", "incomeBeforeTax": "-9092673", "incomeTaxExpense": "61611", "interestAndDebtExpense": "None", "netIncomeFromContinuingOperations": "None", "comprehensiveIncomeNetOfTax": "None", "ebit": "-9668992", "ebitda": "-9459983", "netIncome": "-9154284"}, {"fiscalDateEnding": "2019-12-31", "reportedCurrency": "USD", "grossProfit": "480000", "totalRevenue": "480000", "costOfRevenue": "None", "costofGoodsAndServicesSold": "None", "operatingIncome": "-5383689", "sellingGeneralAndAdministrative": "1169862", "researchAndDevelopment": "4693827", "operatingExpenses": "5863689", "investmentIncomeNet": "None", "netInterestIncome": "174126", "interestIncome": "210716", "interestExpense": "36590", "nonInterestIncome": "None", "otherNonOperatingIncome": "None", "depreciation": "None", "depreciationAndAmortization": "214000", "incomeBeforeTax": "-4613951", "incomeTaxExpense": "542662", "interestAndDebtExpense": "None", "netIncomeFromContinuingOperations": "-4613951", "comprehensiveIncomeNetOfTax": "None", "ebit": "-4577364", "ebitda": "-4363364", "netIncome": "-5156613"}, {"fiscalDateEnding": "2019-09-30", "reportedCurrency": "None", "grossProfit": "None", "totalRevenue": "None", "costOfRevenue": "None", "costofGoodsAndServicesSold": "None", "operatingIncome": "-4973040", "sellingGeneralAndAdministrative": "864338", "researchAndDevelopment": "4108702", "operatingExpenses": "4885075", "investmentIncomeNet": "None", "netInterestIncome": "None", "interestIncome": "None", "interestExpense": "None", "nonInterestIncome": "None", "otherNonOperatingIncome": "None", "depreciation": "None", "depreciationAndAmortization": "183527", "incomeBeforeTax": "-4630873", "incomeTaxExpense": "62090", "interestAndDebtExpense": "None", "netIncomeFromContinuingOperations": "None", "comprehensiveIncomeNetOfTax": "None", "ebit": "-4973040", "ebitda": "-4789513", "netIncome": "-4692963"}, {"fiscalDateEnding": "2019-06-30", "reportedCurrency": "None", "grossProfit": "None", "totalRevenue": "None", "costOfRevenue": "None", "costofGoodsAndServicesSold": "None", "operatingIncome": "-4406460", "sellingGeneralAndAdministrative": "701850", "researchAndDevelopment": "3704610", "operatingExpenses": "3771870", "investmentIncomeNet": "None", "netInterestIncome": "None", "interestIncome": "None", "interestExpense": "None", "nonInterestIncome": "None", "otherNonOperatingIncome": "None", "depreciation": "None", "depreciationAndAmortization": "209580", "incomeBeforeTax": "-3593742", "incomeTaxExpense": "60962", "interestAndDebtExpense": "None", "netIncomeFromContinuingOperations": "None", "comprehensiveIncomeNetOfTax": "None", "ebit": "-4406460", "ebitda": "-4196880", "netIncome": "-3654704"}, {"fiscalDateEnding": "2019-03-31", "reportedCurrency": "None", "grossProfit": "None", "totalRevenue": "None", "costOfRevenue": "None", "costofGoodsAndServicesSold": "None", "operatingIncome": "-4406461", "sellingGeneralAndAdministrative": "701850", "researchAndDevelopment": "3704611", "operatingExpenses": "3771870", "investmentIncomeNet": "None", "netInterestIncome": "None", "interestIncome": "None", "interestExpense": "None", "nonInterestIncome": "None", "otherNonOperatingIncome": "None", "depreciation": "None", "depreciationAndAmortization": "209580", "incomeBeforeTax": "-3593742", "incomeTaxExpense": "60962", "interestAndDebtExpense": "None", "netIncomeFromContinuingOperations": "None", "comprehensiveIncomeNetOfTax": "None", "ebit": "-4406461", "ebitda": "-4196881", "netIncome": "-3654704"}]}