{"symbol": "SRE", "annualReports": [{"fiscalDateEnding": "2024-12-31", "reportedCurrency": "USD", "grossProfit": "3524000000", "totalRevenue": "12957000000", "costOfRevenue": "9433000000", "costofGoodsAndServicesSold": "9433000000", "operatingIncome": "2831000000", "sellingGeneralAndAdministrative": "None", "researchAndDevelopment": "None", "operatingExpenses": "693000000", "investmentIncomeNet": "None", "netInterestIncome": "-913000000", "interestIncome": "136000000", "interestExpense": "1303000000", "nonInterestIncome": "None", "otherNonOperatingIncome": "None", "depreciation": "None", "depreciationAndAmortization": "2437000000", "incomeBeforeTax": "3719000000", "incomeTaxExpense": "219000000", "interestAndDebtExpense": "None", "netIncomeFromContinuingOperations": "3500000000", "comprehensiveIncomeNetOfTax": "None", "ebit": "3413000000", "ebitda": "5850000000", "netIncome": "2862000000"}, {"fiscalDateEnding": "2023-12-31", "reportedCurrency": "USD", "grossProfit": "3747000000", "totalRevenue": "15802000000", "costOfRevenue": "12055000000", "costofGoodsAndServicesSold": "12055000000", "operatingIncome": "3070000000", "sellingGeneralAndAdministrative": "None", "researchAndDevelopment": "None", "operatingExpenses": "677000000", "investmentIncomeNet": "None", "netInterestIncome": "-1106000000", "interestIncome": "147000000", "interestExpense": "1262000000", "nonInterestIncome": "None", "otherNonOperatingIncome": "None", "depreciation": "None", "depreciationAndAmortization": "2227000000", "incomeBeforeTax": "4108000000", "incomeTaxExpense": "490000000", "interestAndDebtExpense": "None", "netIncomeFromContinuingOperations": "3170000000", "comprehensiveIncomeNetOfTax": "None", "ebit": "3889000000", "ebitda": "6116000000", "netIncome": "3075000000"}, {"fiscalDateEnding": "2022-12-31", "reportedCurrency": "USD", "grossProfit": "4161000000", "totalRevenue": "15554000000", "costOfRevenue": "11393000000", "costofGoodsAndServicesSold": "11393000000", "operatingIncome": "3526000000", "sellingGeneralAndAdministrative": "None", "researchAndDevelopment": "None", "operatingExpenses": "635000000", "investmentIncomeNet": "None", "netInterestIncome": "-953000000", "interestIncome": "1034000000", "interestExpense": "1055000000", "nonInterestIncome": "None", "otherNonOperatingIncome": "None", "depreciation": "None", "depreciationAndAmortization": "2019000000", "incomeBeforeTax": "2841000000", "incomeTaxExpense": "556000000", "interestAndDebtExpense": "None", "netIncomeFromContinuingOperations": "2285000000", "comprehensiveIncomeNetOfTax": "None", "ebit": "2398000000", "ebitda": "4417000000", "netIncome": "2139000000"}, {"fiscalDateEnding": "2021-12-31", "reportedCurrency": "USD", "grossProfit": "3644000000", "totalRevenue": "13061000000", "costOfRevenue": "9417000000", "costofGoodsAndServicesSold": "9417000000", "operatingIncome": "3048000000", "sellingGeneralAndAdministrative": "4934000000", "researchAndDevelopment": "None", "operatingExpenses": "596000000", "investmentIncomeNet": "None", "netInterestIncome": "-1123000000", "interestIncome": "1125000000", "interestExpense": "1186000000", "nonInterestIncome": "None", "otherNonOperatingIncome": "163000000", "depreciation": "None", "depreciationAndAmortization": "1855000000", "incomeBeforeTax": "1562000000", "incomeTaxExpense": "99000000", "interestAndDebtExpense": "None", "netIncomeFromContinuingOperations": "1463000000", "comprehensiveIncomeNetOfTax": "None", "ebit": "1405000000", "ebitda": "3260000000", "netIncome": "1318000000"}, {"fiscalDateEnding": "2020-12-31", "reportedCurrency": "USD", "grossProfit": "3278000000", "totalRevenue": "11353000000", "costOfRevenue": "8075000000", "costofGoodsAndServicesSold": "8075000000", "operatingIncome": "2735000000", "sellingGeneralAndAdministrative": "4483000000", "researchAndDevelopment": "None", "operatingExpenses": "543000000", "investmentIncomeNet": "None", "netInterestIncome": "-971000000", "interestIncome": "110000000", "interestExpense": "1071000000", "nonInterestIncome": "None", "otherNonOperatingIncome": "45000000", "depreciation": "None", "depreciationAndAmortization": "1666000000", "incomeBeforeTax": "2504000000", "incomeTaxExpense": "249000000", "interestAndDebtExpense": "None", "netIncomeFromContinuingOperations": "2255000000", "comprehensiveIncomeNetOfTax": "None", "ebit": "2560000000", "ebitda": "4226000000", "netIncome": "3933000000"}, {"fiscalDateEnding": "2019-12-31", "reportedCurrency": "USD", "grossProfit": "3241000000", "totalRevenue": "10810000000", "costOfRevenue": "7569000000", "costofGoodsAndServicesSold": "7569000000", "operatingIncome": "2745000000", "sellingGeneralAndAdministrative": "3962000000", "researchAndDevelopment": "None", "operatingExpenses": "496000000", "investmentIncomeNet": "None", "netInterestIncome": "-976000000", "interestIncome": "101000000", "interestExpense": "1074000000", "nonInterestIncome": "None", "otherNonOperatingIncome": "227000000", "depreciation": "None", "depreciationAndAmortization": "1569000000", "incomeBeforeTax": "2314000000", "incomeTaxExpense": "315000000", "interestAndDebtExpense": "None", "netIncomeFromContinuingOperations": "1999000000", "comprehensiveIncomeNetOfTax": "None", "ebit": "2808000000", "ebitda": "4377000000", "netIncome": "2198000000"}, {"fiscalDateEnding": "2018-12-31", "reportedCurrency": "USD", "grossProfit": "2229000000", "totalRevenue": "10077000000", "costOfRevenue": "7848000000", "costofGoodsAndServicesSold": "7848000000", "operatingIncome": "1757000000", "sellingGeneralAndAdministrative": "3781000000", "researchAndDevelopment": "None", "operatingExpenses": "472000000", "investmentIncomeNet": "None", "netInterestIncome": "-819000000", "interestIncome": "106000000", "interestExpense": "886000000", "nonInterestIncome": "None", "otherNonOperatingIncome": "700000000", "depreciation": "None", "depreciationAndAmortization": "1491000000", "incomeBeforeTax": "889000000", "incomeTaxExpense": "-49000000", "interestAndDebtExpense": "None", "netIncomeFromContinuingOperations": "950000000", "comprehensiveIncomeNetOfTax": "None", "ebit": "1600000000", "ebitda": "3091000000", "netIncome": "1050000000"}, {"fiscalDateEnding": "2017-12-31", "reportedCurrency": "USD", "grossProfit": "2726000000", "totalRevenue": "11198000000", "costOfRevenue": "8472000000", "costofGoodsAndServicesSold": "8472000000", "operatingIncome": "2290000000", "sellingGeneralAndAdministrative": "3553000000", "researchAndDevelopment": "0", "operatingExpenses": "436000000", "investmentIncomeNet": "None", "netInterestIncome": "-610000000", "interestIncome": "49000000", "interestExpense": "655000000", "nonInterestIncome": "None", "otherNonOperatingIncome": "379000000", "depreciation": "None", "depreciationAndAmortization": "1490000000", "incomeBeforeTax": "1627000000", "incomeTaxExpense": "1276000000", "interestAndDebtExpense": "None", "netIncomeFromContinuingOperations": "309000000", "comprehensiveIncomeNetOfTax": "None", "ebit": "2206000000", "ebitda": "3696000000", "netIncome": "257000000"}, {"fiscalDateEnding": "2016-12-31", "reportedCurrency": "USD", "grossProfit": "2115000000", "totalRevenue": "10195000000", "costOfRevenue": "8080000000", "costofGoodsAndServicesSold": "8080000000", "operatingIncome": "1689000000", "sellingGeneralAndAdministrative": "3396000000", "researchAndDevelopment": "0", "operatingExpenses": "426000000", "investmentIncomeNet": "None", "netInterestIncome": "-523000000", "interestIncome": "30000000", "interestExpense": "539000000", "nonInterestIncome": "None", "otherNonOperatingIncome": "993000000", "depreciation": "None", "depreciationAndAmortization": "1312000000", "incomeBeforeTax": "1908000000", "incomeTaxExpense": "389000000", "interestAndDebtExpense": "None", "netIncomeFromContinuingOperations": "1441000000", "comprehensiveIncomeNetOfTax": "None", "ebit": "2369000000", "ebitda": "3681000000", "netIncome": "1371000000"}, {"fiscalDateEnding": "2015-12-31", "reportedCurrency": "USD", "grossProfit": "2510000000", "totalRevenue": "10175000000", "costOfRevenue": "7665000000", "costofGoodsAndServicesSold": "7665000000", "operatingIncome": "2087000000", "sellingGeneralAndAdministrative": "3318000000", "researchAndDevelopment": "0", "operatingExpenses": "423000000", "investmentIncomeNet": "None", "netInterestIncome": "None", "interestIncome": "256000000", "interestExpense": "549000000", "nonInterestIncome": "None", "otherNonOperatingIncome": "414000000", "depreciation": "None", "depreciationAndAmortization": "1250000000", "incomeBeforeTax": "1789000000", "incomeTaxExpense": "341000000", "interestAndDebtExpense": "None", "netIncomeFromContinuingOperations": "1363000000", "comprehensiveIncomeNetOfTax": "None", "ebit": "2253000000", "ebitda": "3503000000", "netIncome": "1350000000"}, {"fiscalDateEnding": "2014-12-31", "reportedCurrency": "USD", "grossProfit": "2176000000", "totalRevenue": "11010000000", "costOfRevenue": "8834000000", "costofGoodsAndServicesSold": "8834000000", "operatingIncome": "1768000000", "sellingGeneralAndAdministrative": "3343000000", "researchAndDevelopment": "0", "operatingExpenses": "408000000", "investmentIncomeNet": "None", "netInterestIncome": "None", "interestIncome": "None", "interestExpense": "541000000", "nonInterestIncome": "None", "otherNonOperatingIncome": "340000000", "depreciation": "None", "depreciationAndAmortization": "1156000000", "incomeBeforeTax": "1562000000", "incomeTaxExpense": "300000000", "interestAndDebtExpense": "None", "netIncomeFromContinuingOperations": "1224000000", "comprehensiveIncomeNetOfTax": "None", "ebit": "2065000000", "ebitda": "3221000000", "netIncome": "1162000000"}, {"fiscalDateEnding": "2013-12-31", "reportedCurrency": "USD", "grossProfit": "2204000000", "totalRevenue": "10558000000", "costOfRevenue": "8354000000", "costofGoodsAndServicesSold": "8354000000", "operatingIncome": "1830000000", "sellingGeneralAndAdministrative": "3369000000", "researchAndDevelopment": "0", "operatingExpenses": "374000000", "investmentIncomeNet": "None", "netInterestIncome": "None", "interestIncome": "None", "interestExpense": "556000000", "nonInterestIncome": "None", "otherNonOperatingIncome": "329000000", "depreciation": "None", "depreciationAndAmortization": "1113000000", "incomeBeforeTax": "1454000000", "incomeTaxExpense": "366000000", "interestAndDebtExpense": "None", "netIncomeFromContinuingOperations": "1064000000", "comprehensiveIncomeNetOfTax": "None", "ebit": "1986000000", "ebitda": "3099000000", "netIncome": "1006000000"}, {"fiscalDateEnding": "2012-12-31", "reportedCurrency": "USD", "grossProfit": "1869000000", "totalRevenue": "9640000000", "costOfRevenue": "7771000000", "costofGoodsAndServicesSold": "7771000000", "operatingIncome": "1510000000", "sellingGeneralAndAdministrative": "0", "researchAndDevelopment": "0", "operatingExpenses": "359000000", "investmentIncomeNet": "None", "netInterestIncome": "None", "interestIncome": "None", "interestExpense": "490000000", "nonInterestIncome": "None", "otherNonOperatingIncome": "None", "depreciation": "None", "depreciationAndAmortization": "1090000000", "incomeBeforeTax": "979000000", "incomeTaxExpense": "59000000", "interestAndDebtExpense": "None", "netIncomeFromContinuingOperations": "None", "comprehensiveIncomeNetOfTax": "None", "ebit": "1433000000", "ebitda": "2523000000", "netIncome": "865000000"}, {"fiscalDateEnding": "2011-12-31", "reportedCurrency": "USD", "grossProfit": "2108000000", "totalRevenue": "10006000000", "costOfRevenue": "7898000000", "costofGoodsAndServicesSold": "7898000000", "operatingIncome": "1765000000", "sellingGeneralAndAdministrative": "None", "researchAndDevelopment": "None", "operatingExpenses": "343000000", "investmentIncomeNet": "None", "netInterestIncome": "None", "interestIncome": "None", "interestExpense": "466000000", "nonInterestIncome": "None", "otherNonOperatingIncome": "None", "depreciation": "None", "depreciationAndAmortization": "978000000", "incomeBeforeTax": "1773000000", "incomeTaxExpense": "366000000", "interestAndDebtExpense": "None", "netIncomeFromContinuingOperations": "None", "comprehensiveIncomeNetOfTax": "None", "ebit": "2187000000", "ebitda": "3165000000", "netIncome": "1365000000"}, {"fiscalDateEnding": "2010-12-31", "reportedCurrency": "USD", "grossProfit": "1949000000", "totalRevenue": "8956000000", "costOfRevenue": "7007000000", "costofGoodsAndServicesSold": "7007000000", "operatingIncome": "1622000000", "sellingGeneralAndAdministrative": "0", "researchAndDevelopment": "0", "operatingExpenses": "327000000", "investmentIncomeNet": "None", "netInterestIncome": "None", "interestIncome": "None", "interestExpense": "434000000", "nonInterestIncome": "None", "otherNonOperatingIncome": "None", "depreciation": "None", "depreciationAndAmortization": "867000000", "incomeBeforeTax": "835000000", "incomeTaxExpense": "102000000", "interestAndDebtExpense": "None", "netIncomeFromContinuingOperations": "None", "comprehensiveIncomeNetOfTax": "None", "ebit": "1220000000", "ebitda": "2087000000", "netIncome": "749000000"}, {"fiscalDateEnding": "2009-12-31", "reportedCurrency": "USD", "grossProfit": "1647000000", "totalRevenue": "8037000000", "costOfRevenue": "6390000000", "costofGoodsAndServicesSold": "6390000000", "operatingIncome": "1351000000", "sellingGeneralAndAdministrative": "0", "researchAndDevelopment": "0", "operatingExpenses": "296000000", "investmentIncomeNet": "None", "netInterestIncome": "None", "interestIncome": "None", "interestExpense": "384000000", "nonInterestIncome": "None", "otherNonOperatingIncome": "None", "depreciation": "None", "depreciationAndAmortization": "775000000", "incomeBeforeTax": "1544000000", "incomeTaxExpense": "422000000", "interestAndDebtExpense": "None", "netIncomeFromContinuingOperations": "None", "comprehensiveIncomeNetOfTax": "None", "ebit": "1860000000", "ebitda": "2635000000", "netIncome": "1129000000"}, {"fiscalDateEnding": "2008-12-31", "reportedCurrency": "USD", "grossProfit": "1550000000", "totalRevenue": "10770000000", "costOfRevenue": "9220000000", "costofGoodsAndServicesSold": "9220000000", "operatingIncome": "1238000000", "sellingGeneralAndAdministrative": "None", "researchAndDevelopment": "None", "operatingExpenses": "312000000", "investmentIncomeNet": "None", "netInterestIncome": "None", "interestIncome": "None", "interestExpense": "253000000", "nonInterestIncome": "None", "otherNonOperatingIncome": "None", "depreciation": "None", "depreciationAndAmortization": "687000000", "incomeBeforeTax": "1561000000", "incomeTaxExpense": "438000000", "interestAndDebtExpense": "None", "netIncomeFromContinuingOperations": "None", "comprehensiveIncomeNetOfTax": "None", "ebit": "1751000000", "ebitda": "2438000000", "netIncome": "1113000000"}, {"fiscalDateEnding": "2007-12-31", "reportedCurrency": "USD", "grossProfit": "1822000000", "totalRevenue": "11214000000", "costOfRevenue": "9392000000", "costofGoodsAndServicesSold": "9392000000", "operatingIncome": "1527000000", "sellingGeneralAndAdministrative": "73000000", "researchAndDevelopment": "None", "operatingExpenses": "295000000", "investmentIncomeNet": "None", "netInterestIncome": "None", "interestIncome": "None", "interestExpense": "272000000", "nonInterestIncome": "None", "otherNonOperatingIncome": "None", "depreciation": "None", "depreciationAndAmortization": "686000000", "incomeBeforeTax": "1659000000", "incomeTaxExpense": "524000000", "interestAndDebtExpense": "None", "netIncomeFromContinuingOperations": "None", "comprehensiveIncomeNetOfTax": "None", "ebit": "1832000000", "ebitda": "2518000000", "netIncome": "1123000000"}, {"fiscalDateEnding": "2006-12-31", "reportedCurrency": "USD", "grossProfit": "1859000000", "totalRevenue": "11496000000", "costOfRevenue": "9637000000", "costofGoodsAndServicesSold": "9637000000", "operatingIncome": "1584000000", "sellingGeneralAndAdministrative": "56000000", "researchAndDevelopment": "None", "operatingExpenses": "275000000", "investmentIncomeNet": "None", "netInterestIncome": "None", "interestIncome": "None", "interestExpense": "351000000", "nonInterestIncome": "None", "otherNonOperatingIncome": "None", "depreciation": "None", "depreciationAndAmortization": "657000000", "incomeBeforeTax": "1742000000", "incomeTaxExpense": "641000000", "interestAndDebtExpense": "None", "netIncomeFromContinuingOperations": "None", "comprehensiveIncomeNetOfTax": "None", "ebit": "2275000000", "ebitda": "2932000000", "netIncome": "1064000000"}, {"fiscalDateEnding": "2005-12-31", "reportedCurrency": "USD", "grossProfit": "4442000000", "totalRevenue": "11512000000", "costOfRevenue": "7070000000", "costofGoodsAndServicesSold": "7070000000", "operatingIncome": "1062000000", "sellingGeneralAndAdministrative": "None", "researchAndDevelopment": "None", "operatingExpenses": "3380000000", "investmentIncomeNet": "None", "netInterestIncome": "None", "interestIncome": "None", "interestExpense": "310000000", "nonInterestIncome": "None", "otherNonOperatingIncome": "None", "depreciation": "None", "depreciationAndAmortization": "626000000", "incomeBeforeTax": "947000000", "incomeTaxExpense": "34000000", "interestAndDebtExpense": "None", "netIncomeFromContinuingOperations": "None", "comprehensiveIncomeNetOfTax": "None", "ebit": "1202000000", "ebitda": "1828000000", "netIncome": "913000000"}], "quarterlyReports": [{"fiscalDateEnding": "2025-09-30", "reportedCurrency": "USD", "grossProfit": "821000000", "totalRevenue": "3184000000", "costOfRevenue": "2363000000", "costofGoodsAndServicesSold": "2363000000", "operatingIncome": "627000000", "sellingGeneralAndAdministrative": "None", "researchAndDevelopment": "None", "operatingExpenses": "194000000", "investmentIncomeNet": "None", "netInterestIncome": "-357000000", "interestIncome": "46000000", "interestExpense": "403000000", "nonInterestIncome": "None", "otherNonOperatingIncome": "None", "depreciation": "None", "depreciationAndAmortization": "662000000", "incomeBeforeTax": "632000000", "incomeTaxExpense": "482000000", "interestAndDebtExpense": "None", "netIncomeFromContinuingOperations": "150000000", "comprehensiveIncomeNetOfTax": "None", "ebit": "1035000000", "ebitda": "1697000000", "netIncome": "95000000"}, {"fiscalDateEnding": "2025-06-30", "reportedCurrency": "USD", "grossProfit": "749000000", "totalRevenue": "3000000000", "costOfRevenue": "2251000000", "costofGoodsAndServicesSold": "2251000000", "operatingIncome": "584000000", "sellingGeneralAndAdministrative": "None", "researchAndDevelopment": "None", "operatingExpenses": "165000000", "investmentIncomeNet": "None", "netInterestIncome": "-325000000", "interestIncome": "34000000", "interestExpense": "359000000", "nonInterestIncome": "None", "otherNonOperatingIncome": "None", "depreciation": "None", "depreciationAndAmortization": "653000000", "incomeBeforeTax": "691000000", "incomeTaxExpense": "172000000", "interestAndDebtExpense": "None", "netIncomeFromContinuingOperations": "519000000", "comprehensiveIncomeNetOfTax": "None", "ebit": "657000000", "ebitda": "1310000000", "netIncome": "473000000"}, {"fiscalDateEnding": "2025-03-31", "reportedCurrency": "USD", "grossProfit": "1164000000", "totalRevenue": "3798000000", "costOfRevenue": "2634000000", "costofGoodsAndServicesSold": "2634000000", "operatingIncome": "968000000", "sellingGeneralAndAdministrative": "None", "researchAndDevelopment": "None", "operatingExpenses": "196000000", "investmentIncomeNet": "None", "netInterestIncome": "-378000000", "interestIncome": "55000000", "interestExpense": "370000000", "nonInterestIncome": "None", "otherNonOperatingIncome": "None", "depreciation": "None", "depreciationAndAmortization": "640000000", "incomeBeforeTax": "976000000", "incomeTaxExpense": "57000000", "interestAndDebtExpense": "None", "netIncomeFromContinuingOperations": "919000000", "comprehensiveIncomeNetOfTax": "None", "ebit": "1021000000", "ebitda": "1661000000", "netIncome": "917000000"}, {"fiscalDateEnding": "2024-12-31", "reportedCurrency": "USD", "grossProfit": "1244000000", "totalRevenue": "3753000000", "costOfRevenue": "2509000000", "costofGoodsAndServicesSold": "2509000000", "operatingIncome": "1066000000", "sellingGeneralAndAdministrative": "None", "researchAndDevelopment": "None", "operatingExpenses": "178000000", "investmentIncomeNet": "None", "netInterestIncome": "-84000000", "interestIncome": "21000000", "interestExpense": "369000000", "nonInterestIncome": "None", "otherNonOperatingIncome": "None", "depreciation": "None", "depreciationAndAmortization": "626000000", "incomeBeforeTax": "1271000000", "incomeTaxExpense": "282000000", "interestAndDebtExpense": "None", "netIncomeFromContinuingOperations": "989000000", "comprehensiveIncomeNetOfTax": "None", "ebit": "1266000000", "ebitda": "1892000000", "netIncome": "676000000"}, {"fiscalDateEnding": "2024-09-30", "reportedCurrency": "USD", "grossProfit": "549000000", "totalRevenue": "2678000000", "costOfRevenue": "2129000000", "costofGoodsAndServicesSold": "2129000000", "operatingIncome": "374000000", "sellingGeneralAndAdministrative": "None", "researchAndDevelopment": "None", "operatingExpenses": "175000000", "investmentIncomeNet": "None", "netInterestIncome": "-285000000", "interestIncome": "43000000", "interestExpense": "325000000", "nonInterestIncome": "None", "otherNonOperatingIncome": "None", "depreciation": "None", "depreciationAndAmortization": "614000000", "incomeBeforeTax": "654000000", "incomeTaxExpense": "-105000000", "interestAndDebtExpense": "None", "netIncomeFromContinuingOperations": "759000000", "comprehensiveIncomeNetOfTax": "None", "ebit": "525000000", "ebitda": "1139000000", "netIncome": "649000000"}, {"fiscalDateEnding": "2024-06-30", "reportedCurrency": "USD", "grossProfit": "702000000", "totalRevenue": "2968000000", "costOfRevenue": "2266000000", "costofGoodsAndServicesSold": "2266000000", "operatingIncome": "546000000", "sellingGeneralAndAdministrative": "None", "researchAndDevelopment": "None", "operatingExpenses": "156000000", "investmentIncomeNet": "None", "netInterestIncome": "-270000000", "interestIncome": "41000000", "interestExpense": "307000000", "nonInterestIncome": "None", "otherNonOperatingIncome": "None", "depreciation": "None", "depreciationAndAmortization": "603000000", "incomeBeforeTax": "741000000", "incomeTaxExpense": "-130000000", "interestAndDebtExpense": "None", "netIncomeFromContinuingOperations": "871000000", "comprehensiveIncomeNetOfTax": "None", "ebit": "615000000", "ebitda": "1218000000", "netIncome": "725000000"}, {"fiscalDateEnding": "2024-03-31", "reportedCurrency": "USD", "grossProfit": "1029000000", "totalRevenue": "3558000000", "costOfRevenue": "2529000000", "costofGoodsAndServicesSold": "2529000000", "operatingIncome": "845000000", "sellingGeneralAndAdministrative": "None", "researchAndDevelopment": "None", "operatingExpenses": "184000000", "investmentIncomeNet": "None", "netInterestIncome": "-274000000", "interestIncome": "31000000", "interestExpense": "302000000", "nonInterestIncome": "None", "otherNonOperatingIncome": "None", "depreciation": "None", "depreciationAndAmortization": "594000000", "incomeBeforeTax": "1053000000", "incomeTaxExpense": "172000000", "interestAndDebtExpense": "None", "netIncomeFromContinuingOperations": "881000000", "comprehensiveIncomeNetOfTax": "None", "ebit": "1007000000", "ebitda": "1601000000", "netIncome": "812000000"}, {"fiscalDateEnding": "2023-12-31", "reportedCurrency": "USD", "grossProfit": "822000000", "totalRevenue": "3358000000", "costOfRevenue": "2536000000", "costofGoodsAndServicesSold": "2536000000", "operatingIncome": "654000000", "sellingGeneralAndAdministrative": "None", "researchAndDevelopment": "None", "operatingExpenses": "168000000", "investmentIncomeNet": "None", "netInterestIncome": "-262000000", "interestIncome": "52000000", "interestExpense": "314000000", "nonInterestIncome": "None", "otherNonOperatingIncome": "None", "depreciation": "None", "depreciationAndAmortization": "576000000", "incomeBeforeTax": "847000000", "incomeTaxExpense": "-9000000", "interestAndDebtExpense": "None", "netIncomeFromContinuingOperations": "856000000", "comprehensiveIncomeNetOfTax": "None", "ebit": "766000000", "ebitda": "1342000000", "netIncome": "748000000"}, {"fiscalDateEnding": "2023-09-30", "reportedCurrency": "USD", "grossProfit": "801000000", "totalRevenue": "3251000000", "costOfRevenue": "2450000000", "costofGoodsAndServicesSold": "2450000000", "operatingIncome": "632000000", "sellingGeneralAndAdministrative": "None", "researchAndDevelopment": "None", "operatingExpenses": "169000000", "investmentIncomeNet": "None", "netInterestIncome": "-293000000", "interestIncome": "293000000", "interestExpense": "311000000", "nonInterestIncome": "None", "otherNonOperatingIncome": "None", "depreciation": "None", "depreciationAndAmortization": "563000000", "incomeBeforeTax": "802000000", "incomeTaxExpense": "-52000000", "interestAndDebtExpense": "None", "netIncomeFromContinuingOperations": "854000000", "comprehensiveIncomeNetOfTax": "None", "ebit": "634000000", "ebitda": "1197000000", "netIncome": "732000000"}, {"fiscalDateEnding": "2023-06-30", "reportedCurrency": "USD", "grossProfit": "734000000", "totalRevenue": "3082000000", "costOfRevenue": "2348000000", "costofGoodsAndServicesSold": "2348000000", "operatingIncome": "586000000", "sellingGeneralAndAdministrative": "1514000000", "researchAndDevelopment": "None", "operatingExpenses": "148000000", "investmentIncomeNet": "None", "netInterestIncome": "-300000000", "interestIncome": "17000000", "interestExpense": "318000000", "nonInterestIncome": "None", "otherNonOperatingIncome": "436000000", "depreciation": "None", "depreciationAndAmortization": "549000000", "incomeBeforeTax": "911000000", "incomeTaxExpense": "175000000", "interestAndDebtExpense": "None", "netIncomeFromContinuingOperations": "348000000", "comprehensiveIncomeNetOfTax": "None", "ebit": "841000000", "ebitda": "1390000000", "netIncome": "615000000"}, {"fiscalDateEnding": "2023-03-31", "reportedCurrency": "USD", "grossProfit": "1391000000", "totalRevenue": "6111000000", "costOfRevenue": "4720000000", "costofGoodsAndServicesSold": "4720000000", "operatingIncome": "1199000000", "sellingGeneralAndAdministrative": "1401000000", "researchAndDevelopment": "None", "operatingExpenses": "192000000", "investmentIncomeNet": "None", "netInterestIncome": "-342000000", "interestIncome": "324000000", "interestExpense": "384000000", "nonInterestIncome": "None", "otherNonOperatingIncome": "65000000", "depreciation": "None", "depreciationAndAmortization": "539000000", "incomeBeforeTax": "1548000000", "incomeTaxExpense": "376000000", "interestAndDebtExpense": "None", "netIncomeFromContinuingOperations": "953000000", "comprehensiveIncomeNetOfTax": "None", "ebit": "1713000000", "ebitda": "2252000000", "netIncome": "980000000"}, {"fiscalDateEnding": "2022-12-31", "reportedCurrency": "USD", "grossProfit": "1044000000", "totalRevenue": "4116000000", "costOfRevenue": "3072000000", "costofGoodsAndServicesSold": "3072000000", "operatingIncome": "883000000", "sellingGeneralAndAdministrative": "None", "researchAndDevelopment": "None", "operatingExpenses": "161000000", "investmentIncomeNet": "None", "netInterestIncome": "-227000000", "interestIncome": "220000000", "interestExpense": "247000000", "nonInterestIncome": "None", "otherNonOperatingIncome": "None", "depreciation": "None", "depreciationAndAmortization": "519000000", "incomeBeforeTax": "529000000", "incomeTaxExpense": "121000000", "interestAndDebtExpense": "None", "netIncomeFromContinuingOperations": "408000000", "comprehensiveIncomeNetOfTax": "None", "ebit": "396000000", "ebitda": "915000000", "netIncome": "449000000"}, {"fiscalDateEnding": "2022-09-30", "reportedCurrency": "USD", "grossProfit": "3277000000", "totalRevenue": "3617000000", "costOfRevenue": "340000000", "costofGoodsAndServicesSold": "340000000", "operatingIncome": "469000000", "sellingGeneralAndAdministrative": "1368000000", "researchAndDevelopment": "None", "operatingExpenses": "2808000000", "investmentIncomeNet": "None", "netInterestIncome": "-257000000", "interestIncome": "250000000", "interestExpense": "282000000", "nonInterestIncome": "None", "otherNonOperatingIncome": "-22000000", "depreciation": "None", "depreciationAndAmortization": "-506000000", "incomeBeforeTax": "165000000", "incomeTaxExpense": "21000000", "interestAndDebtExpense": "None", "netIncomeFromContinuingOperations": "144000000", "comprehensiveIncomeNetOfTax": "None", "ebit": "864000000", "ebitda": "358000000", "netIncome": "561000000"}, {"fiscalDateEnding": "2022-06-30", "reportedCurrency": "USD", "grossProfit": "3258000000", "totalRevenue": "3547000000", "costOfRevenue": "289000000", "costofGoodsAndServicesSold": "289000000", "operatingIncome": "621000000", "sellingGeneralAndAdministrative": "1312000000", "researchAndDevelopment": "None", "operatingExpenses": "2637000000", "investmentIncomeNet": "None", "netInterestIncome": "-252000000", "interestIncome": "19000000", "interestExpense": "271000000", "nonInterestIncome": "None", "otherNonOperatingIncome": "14000000", "depreciation": "None", "depreciationAndAmortization": "188000000", "incomeBeforeTax": "364000000", "incomeTaxExpense": "80000000", "interestAndDebtExpense": "None", "netIncomeFromContinuingOperations": "284000000", "comprehensiveIncomeNetOfTax": "None", "ebit": "1010000000", "ebitda": "1198000000", "netIncome": "659000000"}, {"fiscalDateEnding": "2022-03-31", "reportedCurrency": "USD", "grossProfit": "3685000000", "totalRevenue": "3820000000", "costOfRevenue": "135000000", "costofGoodsAndServicesSold": "135000000", "operatingIncome": "845000000", "sellingGeneralAndAdministrative": "1248000000", "researchAndDevelopment": "None", "operatingExpenses": "2840000000", "investmentIncomeNet": "None", "netInterestIncome": "-217000000", "interestIncome": "26000000", "interestExpense": "243000000", "nonInterestIncome": "None", "otherNonOperatingIncome": "63000000", "depreciation": "None", "depreciationAndAmortization": "187000000", "incomeBeforeTax": "665000000", "incomeTaxExpense": "334000000", "interestAndDebtExpense": "None", "netIncomeFromContinuingOperations": "331000000", "comprehensiveIncomeNetOfTax": "None", "ebit": "1234000000", "ebitda": "1421000000", "netIncome": "657000000"}, {"fiscalDateEnding": "2021-12-31", "reportedCurrency": "USD", "grossProfit": "3681000000", "totalRevenue": "3844000000", "costOfRevenue": "163000000", "costofGoodsAndServicesSold": "163000000", "operatingIncome": "921000000", "sellingGeneralAndAdministrative": "1394000000", "researchAndDevelopment": "None", "operatingExpenses": "2760000000", "investmentIncomeNet": "None", "netInterestIncome": "-402000000", "interestIncome": "391000000", "interestExpense": "422000000", "nonInterestIncome": "None", "otherNonOperatingIncome": "61000000", "depreciation": "None", "depreciationAndAmortization": "479000000", "incomeBeforeTax": "535000000", "incomeTaxExpense": "144000000", "interestAndDebtExpense": "None", "netIncomeFromContinuingOperations": "712000000", "comprehensiveIncomeNetOfTax": "None", "ebit": "1181000000", "ebitda": "1660000000", "netIncome": "615000000"}, {"fiscalDateEnding": "2021-09-30", "reportedCurrency": "USD", "grossProfit": "2793000000", "totalRevenue": "3013000000", "costOfRevenue": "220000000", "costofGoodsAndServicesSold": "220000000", "operatingIncome": "504000000", "sellingGeneralAndAdministrative": "1224000000", "researchAndDevelopment": "None", "operatingExpenses": "2289000000", "investmentIncomeNet": "None", "netInterestIncome": "-241000000", "interestIncome": "18000000", "interestExpense": "259000000", "nonInterestIncome": "None", "otherNonOperatingIncome": "-39000000", "depreciation": "None", "depreciationAndAmortization": "471000000", "incomeBeforeTax": "-1365000000", "incomeTaxExpense": "-342000000", "interestAndDebtExpense": "None", "netIncomeFromContinuingOperations": "-632000000", "comprehensiveIncomeNetOfTax": "None", "ebit": "-720000000", "ebitda": "-249000000", "netIncome": "-637000000"}, {"fiscalDateEnding": "2021-06-30", "reportedCurrency": "USD", "grossProfit": "2622000000", "totalRevenue": "2741000000", "costOfRevenue": "119000000", "costofGoodsAndServicesSold": "119000000", "operatingIncome": "452000000", "sellingGeneralAndAdministrative": "1162000000", "researchAndDevelopment": "None", "operatingExpenses": "2170000000", "investmentIncomeNet": "None", "netInterestIncome": "-241000000", "interestIncome": "17000000", "interestExpense": "258000000", "nonInterestIncome": "None", "otherNonOperatingIncome": "87000000", "depreciation": "None", "depreciationAndAmortization": "463000000", "incomeBeforeTax": "281000000", "incomeTaxExpense": "139000000", "interestAndDebtExpense": "None", "netIncomeFromContinuingOperations": "455000000", "comprehensiveIncomeNetOfTax": "None", "ebit": "842000000", "ebitda": "1305000000", "netIncome": "445000000"}, {"fiscalDateEnding": "2021-03-31", "reportedCurrency": "USD", "grossProfit": "3150000000", "totalRevenue": "3259000000", "costOfRevenue": "109000000", "costofGoodsAndServicesSold": "109000000", "operatingIncome": "973000000", "sellingGeneralAndAdministrative": "1154000000", "researchAndDevelopment": "None", "operatingExpenses": "2177000000", "investmentIncomeNet": "None", "netInterestIncome": "-239000000", "interestIncome": "240000000", "interestExpense": "259000000", "nonInterestIncome": "None", "otherNonOperatingIncome": "54000000", "depreciation": "None", "depreciationAndAmortization": "442000000", "incomeBeforeTax": "768000000", "incomeTaxExpense": "158000000", "interestAndDebtExpense": "None", "netIncomeFromContinuingOperations": "928000000", "comprehensiveIncomeNetOfTax": "None", "ebit": "1312000000", "ebitda": "1754000000", "netIncome": "928000000"}, {"fiscalDateEnding": "2020-12-31", "reportedCurrency": "USD", "grossProfit": "847000000", "totalRevenue": "3179000000", "costOfRevenue": "2332000000", "costofGoodsAndServicesSold": "2332000000", "operatingIncome": "701000000", "sellingGeneralAndAdministrative": "1193000000", "researchAndDevelopment": "None", "operatingExpenses": "146000000", "investmentIncomeNet": "None", "netInterestIncome": "-242000000", "interestIncome": "21000000", "interestExpense": "260000000", "nonInterestIncome": "None", "otherNonOperatingIncome": "132000000", "depreciation": "None", "depreciationAndAmortization": "424000000", "incomeBeforeTax": "621000000", "incomeTaxExpense": "189000000", "interestAndDebtExpense": "None", "netIncomeFromContinuingOperations": "432000000", "comprehensiveIncomeNetOfTax": "None", "ebit": "688000000", "ebitda": "1112000000", "netIncome": "471000000"}, {"fiscalDateEnding": "2020-09-30", "reportedCurrency": "USD", "grossProfit": "547000000", "totalRevenue": "2683000000", "costOfRevenue": "2136000000", "costofGoodsAndServicesSold": "2136000000", "operatingIncome": "408000000", "sellingGeneralAndAdministrative": "1183000000", "researchAndDevelopment": "None", "operatingExpenses": "139000000", "investmentIncomeNet": "None", "netInterestIncome": "-237000000", "interestIncome": "237000000", "interestExpense": "261000000", "nonInterestIncome": "None", "otherNonOperatingIncome": "56000000", "depreciation": "None", "depreciationAndAmortization": "418000000", "incomeBeforeTax": "527000000", "incomeTaxExpense": "99000000", "interestAndDebtExpense": "None", "netIncomeFromContinuingOperations": "428000000", "comprehensiveIncomeNetOfTax": "None", "ebit": "462000000", "ebitda": "880000000", "netIncome": "399000000"}, {"fiscalDateEnding": "2020-06-30", "reportedCurrency": "USD", "grossProfit": "773000000", "totalRevenue": "2513000000", "costOfRevenue": "1740000000", "costofGoodsAndServicesSold": "1740000000", "operatingIncome": "652000000", "sellingGeneralAndAdministrative": "1019000000", "researchAndDevelopment": "None", "operatingExpenses": "121000000", "investmentIncomeNet": "None", "netInterestIncome": "-241000000", "interestIncome": "33000000", "interestExpense": "285000000", "nonInterestIncome": "None", "otherNonOperatingIncome": "84000000", "depreciation": "None", "depreciationAndAmortization": "412000000", "incomeBeforeTax": "696000000", "incomeTaxExpense": "168000000", "interestAndDebtExpense": "None", "netIncomeFromContinuingOperations": "528000000", "comprehensiveIncomeNetOfTax": "None", "ebit": "748000000", "ebitda": "1160000000", "netIncome": "2277000000"}, {"fiscalDateEnding": "2020-03-31", "reportedCurrency": "USD", "grossProfit": "982000000", "totalRevenue": "2976000000", "costOfRevenue": "1994000000", "costofGoodsAndServicesSold": "1994000000", "operatingIncome": "845000000", "sellingGeneralAndAdministrative": "1088000000", "researchAndDevelopment": "None", "operatingExpenses": "137000000", "investmentIncomeNet": "None", "netInterestIncome": "-251000000", "interestIncome": "29000000", "interestExpense": "282000000", "nonInterestIncome": "None", "otherNonOperatingIncome": "-227000000", "depreciation": "None", "depreciationAndAmortization": "412000000", "incomeBeforeTax": "660000000", "incomeTaxExpense": "-207000000", "interestAndDebtExpense": "None", "netIncomeFromContinuingOperations": "867000000", "comprehensiveIncomeNetOfTax": "None", "ebit": "679000000", "ebitda": "1091000000", "netIncome": "796000000"}, {"fiscalDateEnding": "2019-12-31", "reportedCurrency": "USD", "grossProfit": "1036000000", "totalRevenue": "2940000000", "costOfRevenue": "1904000000", "costofGoodsAndServicesSold": "1904000000", "operatingIncome": "909000000", "sellingGeneralAndAdministrative": "1078000000", "researchAndDevelopment": "None", "operatingExpenses": "127000000", "investmentIncomeNet": "None", "netInterestIncome": "-252000000", "interestIncome": "28000000", "interestExpense": "279000000", "nonInterestIncome": "None", "otherNonOperatingIncome": "60000000", "depreciation": "None", "depreciationAndAmortization": "395000000", "incomeBeforeTax": "594000000", "incomeTaxExpense": "165000000", "interestAndDebtExpense": "None", "netIncomeFromContinuingOperations": "429000000", "comprehensiveIncomeNetOfTax": "None", "ebit": "778000000", "ebitda": "1173000000", "netIncome": "482000000"}, {"fiscalDateEnding": "2019-09-30", "reportedCurrency": "USD", "grossProfit": "867000000", "totalRevenue": "2758000000", "costOfRevenue": "1891000000", "costofGoodsAndServicesSold": "1891000000", "operatingIncome": "740000000", "sellingGeneralAndAdministrative": "972000000", "researchAndDevelopment": "None", "operatingExpenses": "127000000", "investmentIncomeNet": "None", "netInterestIncome": "-253000000", "interestIncome": "26000000", "interestExpense": "278000000", "nonInterestIncome": "None", "otherNonOperatingIncome": "15000000", "depreciation": "None", "depreciationAndAmortization": "402000000", "incomeBeforeTax": "714000000", "incomeTaxExpense": "61000000", "interestAndDebtExpense": "None", "netIncomeFromContinuingOperations": "653000000", "comprehensiveIncomeNetOfTax": "None", "ebit": "726000000", "ebitda": "1128000000", "netIncome": "849000000"}, {"fiscalDateEnding": "2019-06-30", "reportedCurrency": "USD", "grossProfit": "551000000", "totalRevenue": "2213000000", "costOfRevenue": "1662000000", "costofGoodsAndServicesSold": "1662000000", "operatingIncome": "439000000", "sellingGeneralAndAdministrative": "950000000", "researchAndDevelopment": "None", "operatingExpenses": "112000000", "investmentIncomeNet": "None", "netInterestIncome": "-231000000", "interestIncome": "27000000", "interestExpense": "258000000", "nonInterestIncome": "None", "otherNonOperatingIncome": "49000000", "depreciation": "None", "depreciationAndAmortization": "389000000", "incomeBeforeTax": "404000000", "incomeTaxExpense": "47000000", "interestAndDebtExpense": "None", "netIncomeFromContinuingOperations": "357000000", "comprehensiveIncomeNetOfTax": "None", "ebit": "544000000", "ebitda": "933000000", "netIncome": "390000000"}, {"fiscalDateEnding": "2019-03-31", "reportedCurrency": "USD", "grossProfit": "785000000", "totalRevenue": "2899000000", "costOfRevenue": "2114000000", "costofGoodsAndServicesSold": "2114000000", "operatingIncome": "655000000", "sellingGeneralAndAdministrative": "962000000", "researchAndDevelopment": "None", "operatingExpenses": "130000000", "investmentIncomeNet": "None", "netInterestIncome": "-240000000", "interestIncome": "225000000", "interestExpense": "259000000", "nonInterestIncome": "None", "otherNonOperatingIncome": "103000000", "depreciation": "None", "depreciationAndAmortization": "383000000", "incomeBeforeTax": "602000000", "incomeTaxExpense": "42000000", "interestAndDebtExpense": "None", "netIncomeFromContinuingOperations": "560000000", "comprehensiveIncomeNetOfTax": "None", "ebit": "760000000", "ebitda": "1143000000", "netIncome": "477000000"}, {"fiscalDateEnding": "2018-12-31", "reportedCurrency": "USD", "grossProfit": "489000000", "totalRevenue": "2800000000", "costOfRevenue": "2311000000", "costofGoodsAndServicesSold": "2311000000", "operatingIncome": "369000000", "sellingGeneralAndAdministrative": "1046000000", "researchAndDevelopment": "0", "operatingExpenses": "120000000", "investmentIncomeNet": "None", "netInterestIncome": "None", "interestIncome": "None", "interestExpense": "230000000", "nonInterestIncome": "None", "otherNonOperatingIncome": "428000000", "depreciation": "None", "depreciationAndAmortization": "376000000", "incomeBeforeTax": "1085000000", "incomeTaxExpense": "172000000", "interestAndDebtExpense": "None", "netIncomeFromContinuingOperations": "838000000", "comprehensiveIncomeNetOfTax": "None", "ebit": "1189000000", "ebitda": "1565000000", "netIncome": "900000000"}, {"fiscalDateEnding": "2018-09-30", "reportedCurrency": "USD", "grossProfit": "516000000", "totalRevenue": "2556000000", "costOfRevenue": "2040000000", "costofGoodsAndServicesSold": "2040000000", "operatingIncome": "385000000", "sellingGeneralAndAdministrative": "950000000", "researchAndDevelopment": "0", "operatingExpenses": "131000000", "investmentIncomeNet": "None", "netInterestIncome": "None", "interestIncome": "None", "interestExpense": "222000000", "nonInterestIncome": "None", "otherNonOperatingIncome": "119000000", "depreciation": "None", "depreciationAndAmortization": "366000000", "incomeBeforeTax": "419000000", "incomeTaxExpense": "139000000", "interestAndDebtExpense": "None", "netIncomeFromContinuingOperations": "260000000", "comprehensiveIncomeNetOfTax": "None", "ebit": "567000000", "ebitda": "933000000", "netIncome": "310000000"}, {"fiscalDateEnding": "2018-06-30", "reportedCurrency": "USD", "grossProfit": "480000000", "totalRevenue": "2174000000", "costOfRevenue": "1694000000", "costofGoodsAndServicesSold": "1694000000", "operatingIncome": "376000000", "sellingGeneralAndAdministrative": "887000000", "researchAndDevelopment": "0", "operatingExpenses": "104000000", "investmentIncomeNet": "None", "netInterestIncome": "None", "interestIncome": "None", "interestExpense": "227000000", "nonInterestIncome": "None", "otherNonOperatingIncome": "-33000000", "depreciation": "None", "depreciationAndAmortization": "377000000", "incomeBeforeTax": "-1187000000", "incomeTaxExpense": "-602000000", "interestAndDebtExpense": "None", "netIncomeFromContinuingOperations": "-526000000", "comprehensiveIncomeNetOfTax": "None", "ebit": "-956000000", "ebitda": "-579000000", "netIncome": "-535000000"}, {"fiscalDateEnding": "2018-03-31", "reportedCurrency": "USD", "grossProfit": "741000000", "totalRevenue": "2545000000", "costOfRevenue": "1804000000", "costofGoodsAndServicesSold": "1804000000", "operatingIncome": "624000000", "sellingGeneralAndAdministrative": "898000000", "researchAndDevelopment": "0", "operatingExpenses": "117000000", "investmentIncomeNet": "None", "netInterestIncome": "None", "interestIncome": "None", "interestExpense": "208000000", "nonInterestIncome": "None", "otherNonOperatingIncome": "186000000", "depreciation": "None", "depreciationAndAmortization": "372000000", "incomeBeforeTax": "572000000", "incomeTaxExpense": "242000000", "interestAndDebtExpense": "None", "netIncomeFromContinuingOperations": "378000000", "comprehensiveIncomeNetOfTax": "None", "ebit": "801000000", "ebitda": "1173000000", "netIncome": "375000000"}, {"fiscalDateEnding": "2017-12-31", "reportedCurrency": "USD", "grossProfit": "750000000", "totalRevenue": "2990000000", "costOfRevenue": "2240000000", "costofGoodsAndServicesSold": "2240000000", "operatingIncome": "639000000", "sellingGeneralAndAdministrative": "1021000000", "researchAndDevelopment": "0", "operatingExpenses": "111000000", "investmentIncomeNet": "None", "netInterestIncome": "None", "interestIncome": "None", "interestExpense": "166000000", "nonInterestIncome": "None", "otherNonOperatingIncome": "24000000", "depreciation": "None", "depreciationAndAmortization": "384000000", "incomeBeforeTax": "447000000", "incomeTaxExpense": "898000000", "interestAndDebtExpense": "None", "netIncomeFromContinuingOperations": "-498000000", "comprehensiveIncomeNetOfTax": "None", "ebit": "563000000", "ebitda": "947000000", "netIncome": "-501000000"}, {"fiscalDateEnding": "2017-09-30", "reportedCurrency": "USD", "grossProfit": "520000000", "totalRevenue": "2676000000", "costOfRevenue": "2156000000", "costofGoodsAndServicesSold": "2156000000", "operatingIncome": "406000000", "sellingGeneralAndAdministrative": "876000000", "researchAndDevelopment": "0", "operatingExpenses": "114000000", "investmentIncomeNet": "None", "netInterestIncome": "None", "interestIncome": "None", "interestExpense": "165000000", "nonInterestIncome": "None", "otherNonOperatingIncome": "68000000", "depreciation": "None", "depreciationAndAmortization": "378000000", "incomeBeforeTax": "18000000", "incomeTaxExpense": "-84000000", "interestAndDebtExpense": "None", "netIncomeFromContinuingOperations": "99000000", "comprehensiveIncomeNetOfTax": "None", "ebit": "180000000", "ebitda": "558000000", "netIncome": "57000000"}, {"fiscalDateEnding": "2017-06-30", "reportedCurrency": "USD", "grossProfit": "603000000", "totalRevenue": "2530000000", "costOfRevenue": "1927000000", "costofGoodsAndServicesSold": "1927000000", "operatingIncome": "519000000", "sellingGeneralAndAdministrative": "832000000", "researchAndDevelopment": "0", "operatingExpenses": "84000000", "investmentIncomeNet": "None", "netInterestIncome": "None", "interestIncome": "None", "interestExpense": "159000000", "nonInterestIncome": "None", "otherNonOperatingIncome": "117000000", "depreciation": "None", "depreciationAndAmortization": "368000000", "incomeBeforeTax": "415000000", "incomeTaxExpense": "167000000", "interestAndDebtExpense": "None", "netIncomeFromContinuingOperations": "248000000", "comprehensiveIncomeNetOfTax": "None", "ebit": "556000000", "ebitda": "924000000", "netIncome": "260000000"}, {"fiscalDateEnding": "2017-03-31", "reportedCurrency": "USD", "grossProfit": "881000000", "totalRevenue": "3026000000", "costOfRevenue": "2145000000", "costofGoodsAndServicesSold": "2145000000", "operatingIncome": "771000000", "sellingGeneralAndAdministrative": "824000000", "researchAndDevelopment": "0", "operatingExpenses": "110000000", "investmentIncomeNet": "None", "netInterestIncome": "None", "interestIncome": "None", "interestExpense": "169000000", "nonInterestIncome": "None", "otherNonOperatingIncome": "170000000", "depreciation": "None", "depreciationAndAmortization": "360000000", "incomeBeforeTax": "755000000", "incomeTaxExpense": "295000000", "interestAndDebtExpense": "None", "netIncomeFromContinuingOperations": "460000000", "comprehensiveIncomeNetOfTax": "None", "ebit": "924000000", "ebitda": "1284000000", "netIncome": "441000000"}, {"fiscalDateEnding": "2016-12-31", "reportedCurrency": "USD", "grossProfit": "659000000", "totalRevenue": "2863000000", "costOfRevenue": "2204000000", "costofGoodsAndServicesSold": "2204000000", "operatingIncome": "548000000", "sellingGeneralAndAdministrative": "950000000", "researchAndDevelopment": "0", "operatingExpenses": "111000000", "investmentIncomeNet": "None", "netInterestIncome": "None", "interestIncome": "None", "interestExpense": "126000000", "nonInterestIncome": "None", "otherNonOperatingIncome": "55000000", "depreciation": "None", "depreciationAndAmortization": "342000000", "incomeBeforeTax": "505000000", "incomeTaxExpense": "105000000", "interestAndDebtExpense": "None", "netIncomeFromContinuingOperations": "434000000", "comprehensiveIncomeNetOfTax": "None", "ebit": "631000000", "ebitda": "973000000", "netIncome": "379000000"}, {"fiscalDateEnding": "2016-09-30", "reportedCurrency": "USD", "grossProfit": "680000000", "totalRevenue": "2532000000", "costOfRevenue": "1852000000", "costofGoodsAndServicesSold": "1852000000", "operatingIncome": "573000000", "sellingGeneralAndAdministrative": "811000000", "researchAndDevelopment": "0", "operatingExpenses": "107000000", "investmentIncomeNet": "None", "netInterestIncome": "None", "interestIncome": "None", "interestExpense": "132000000", "nonInterestIncome": "None", "otherNonOperatingIncome": "812000000", "depreciation": "None", "depreciationAndAmortization": "328000000", "incomeBeforeTax": "982000000", "incomeTaxExpense": "282000000", "interestAndDebtExpense": "None", "netIncomeFromContinuingOperations": "700000000", "comprehensiveIncomeNetOfTax": "None", "ebit": "1114000000", "ebitda": "1442000000", "netIncome": "622000000"}, {"fiscalDateEnding": "2016-06-30", "reportedCurrency": "USD", "grossProfit": "397000000", "totalRevenue": "2156000000", "costOfRevenue": "1759000000", "costofGoodsAndServicesSold": "1759000000", "operatingIncome": "8000000", "sellingGeneralAndAdministrative": "823000000", "researchAndDevelopment": "0", "operatingExpenses": "410000000", "investmentIncomeNet": "None", "netInterestIncome": "None", "interestIncome": "None", "interestExpense": "142000000", "nonInterestIncome": "None", "otherNonOperatingIncome": "76000000", "depreciation": "None", "depreciationAndAmortization": "314000000", "incomeBeforeTax": "-80000000", "incomeTaxExpense": "-106000000", "interestAndDebtExpense": "None", "netIncomeFromContinuingOperations": "-6000000", "comprehensiveIncomeNetOfTax": "None", "ebit": "8000000", "ebitda": "322000000", "netIncome": "16000000"}, {"fiscalDateEnding": "2016-03-31", "reportedCurrency": "USD", "grossProfit": "1004000000", "totalRevenue": "2622000000", "costOfRevenue": "1618000000", "costofGoodsAndServicesSold": "1618000000", "operatingIncome": "565000000", "sellingGeneralAndAdministrative": "812000000", "researchAndDevelopment": "0", "operatingExpenses": "439000000", "investmentIncomeNet": "None", "netInterestIncome": "None", "interestIncome": "None", "interestExpense": "143000000", "nonInterestIncome": "None", "otherNonOperatingIncome": "50000000", "depreciation": "None", "depreciationAndAmortization": "328000000", "incomeBeforeTax": "455000000", "incomeTaxExpense": "108000000", "interestAndDebtExpense": "None", "netIncomeFromContinuingOperations": "313000000", "comprehensiveIncomeNetOfTax": "None", "ebit": "565000000", "ebitda": "893000000", "netIncome": "353000000"}, {"fiscalDateEnding": "2015-12-31", "reportedCurrency": "USD", "grossProfit": "913000000", "totalRevenue": "2701000000", "costOfRevenue": "1788000000", "costofGoodsAndServicesSold": "1788000000", "operatingIncome": "495000000", "sellingGeneralAndAdministrative": "953000000", "researchAndDevelopment": "0", "operatingExpenses": "434000000", "investmentIncomeNet": "None", "netInterestIncome": "None", "interestIncome": "None", "interestExpense": "145000000", "nonInterestIncome": "None", "otherNonOperatingIncome": "98000000", "depreciation": "None", "depreciationAndAmortization": "325000000", "incomeBeforeTax": "432000000", "incomeTaxExpense": "65000000", "interestAndDebtExpense": "None", "netIncomeFromContinuingOperations": "367000000", "comprehensiveIncomeNetOfTax": "None", "ebit": "510000000", "ebitda": "835000000", "netIncome": "369000000"}, {"fiscalDateEnding": "2015-09-30", "reportedCurrency": "USD", "grossProfit": "788000000", "totalRevenue": "2481000000", "costOfRevenue": "1693000000", "costofGoodsAndServicesSold": "1693000000", "operatingIncome": "678000000", "sellingGeneralAndAdministrative": "812000000", "researchAndDevelopment": "0", "operatingExpenses": "426000000", "investmentIncomeNet": "None", "netInterestIncome": "None", "interestIncome": "None", "interestExpense": "143000000", "nonInterestIncome": "None", "otherNonOperatingIncome": "78000000", "depreciation": "None", "depreciationAndAmortization": "315000000", "incomeBeforeTax": "270000000", "incomeTaxExpense": "15000000", "interestAndDebtExpense": "None", "netIncomeFromContinuingOperations": "255000000", "comprehensiveIncomeNetOfTax": "None", "ebit": "363000000", "ebitda": "678000000", "netIncome": "248000000"}, {"fiscalDateEnding": "2015-06-30", "reportedCurrency": "USD", "grossProfit": "802000000", "totalRevenue": "2367000000", "costOfRevenue": "1565000000", "costofGoodsAndServicesSold": "1565000000", "operatingIncome": "700000000", "sellingGeneralAndAdministrative": "809000000", "researchAndDevelopment": "0", "operatingExpenses": "403000000", "investmentIncomeNet": "None", "netInterestIncome": "None", "interestIncome": "None", "interestExpense": "139000000", "nonInterestIncome": "None", "otherNonOperatingIncome": "158000000", "depreciation": "None", "depreciationAndAmortization": "307000000", "incomeBeforeTax": "396000000", "incomeTaxExpense": "98000000", "interestAndDebtExpense": "None", "netIncomeFromContinuingOperations": "298000000", "comprehensiveIncomeNetOfTax": "None", "ebit": "393000000", "ebitda": "700000000", "netIncome": "295000000"}, {"fiscalDateEnding": "2015-03-31", "reportedCurrency": "USD", "grossProfit": "1064000000", "totalRevenue": "2682000000", "costOfRevenue": "1618000000", "costofGoodsAndServicesSold": "1618000000", "operatingIncome": "654000000", "sellingGeneralAndAdministrative": "744000000", "researchAndDevelopment": "0", "operatingExpenses": "410000000", "investmentIncomeNet": "None", "netInterestIncome": "None", "interestIncome": "None", "interestExpense": "134000000", "nonInterestIncome": "None", "otherNonOperatingIncome": "80000000", "depreciation": "None", "depreciationAndAmortization": "303000000", "incomeBeforeTax": "606000000", "incomeTaxExpense": "163000000", "interestAndDebtExpense": "None", "netIncomeFromContinuingOperations": "443000000", "comprehensiveIncomeNetOfTax": "None", "ebit": "654000000", "ebitda": "957000000", "netIncome": "437000000"}, {"fiscalDateEnding": "2014-12-31", "reportedCurrency": "USD", "grossProfit": "778000000", "totalRevenue": "2747000000", "costOfRevenue": "1969000000", "costofGoodsAndServicesSold": "1969000000", "operatingIncome": "410000000", "sellingGeneralAndAdministrative": "911000000", "researchAndDevelopment": "0", "operatingExpenses": "807000000", "investmentIncomeNet": "None", "netInterestIncome": "None", "interestIncome": "None", "interestExpense": "136000000", "nonInterestIncome": "None", "otherNonOperatingIncome": "75000000", "depreciation": "None", "depreciationAndAmortization": "290000000", "incomeBeforeTax": "314000000", "incomeTaxExpense": "9000000", "interestAndDebtExpense": "None", "netIncomeFromContinuingOperations": "305000000", "comprehensiveIncomeNetOfTax": "None", "ebit": "410000000", "ebitda": "700000000", "netIncome": "297000000"}, {"fiscalDateEnding": "2014-09-30", "reportedCurrency": "USD", "grossProfit": "911000000", "totalRevenue": "2815000000", "costOfRevenue": "1904000000", "costofGoodsAndServicesSold": "1904000000", "operatingIncome": "515000000", "sellingGeneralAndAdministrative": "830000000", "researchAndDevelopment": "0", "operatingExpenses": "396000000", "investmentIncomeNet": "None", "netInterestIncome": "None", "interestIncome": "None", "interestExpense": "144000000", "nonInterestIncome": "None", "otherNonOperatingIncome": "83000000", "depreciation": "None", "depreciationAndAmortization": "292000000", "incomeBeforeTax": "447000000", "incomeTaxExpense": "71000000", "interestAndDebtExpense": "None", "netIncomeFromContinuingOperations": "376000000", "comprehensiveIncomeNetOfTax": "None", "ebit": "515000000", "ebitda": "807000000", "netIncome": "348000000"}, {"fiscalDateEnding": "2014-06-30", "reportedCurrency": "USD", "grossProfit": "815000000", "totalRevenue": "2678000000", "costOfRevenue": "1863000000", "costofGoodsAndServicesSold": "1863000000", "operatingIncome": "723000000", "sellingGeneralAndAdministrative": "821000000", "researchAndDevelopment": "0", "operatingExpenses": "380000000", "investmentIncomeNet": "None", "netInterestIncome": "None", "interestIncome": "None", "interestExpense": "138000000", "nonInterestIncome": "None", "otherNonOperatingIncome": "88000000", "depreciation": "None", "depreciationAndAmortization": "288000000", "incomeBeforeTax": "376000000", "incomeTaxExpense": "93000000", "interestAndDebtExpense": "None", "netIncomeFromContinuingOperations": "283000000", "comprehensiveIncomeNetOfTax": "None", "ebit": "435000000", "ebitda": "723000000", "netIncome": "269000000"}, {"fiscalDateEnding": "2014-03-31", "reportedCurrency": "USD", "grossProfit": "813000000", "totalRevenue": "2795000000", "costOfRevenue": "1982000000", "costofGoodsAndServicesSold": "1982000000", "operatingIncome": "708000000", "sellingGeneralAndAdministrative": "781000000", "researchAndDevelopment": "0", "operatingExpenses": "391000000", "investmentIncomeNet": "None", "netInterestIncome": "None", "interestIncome": "None", "interestExpense": "136000000", "nonInterestIncome": "None", "otherNonOperatingIncome": "94000000", "depreciation": "None", "depreciationAndAmortization": "286000000", "incomeBeforeTax": "387000000", "incomeTaxExpense": "127000000", "interestAndDebtExpense": "None", "netIncomeFromContinuingOperations": "260000000", "comprehensiveIncomeNetOfTax": "None", "ebit": "422000000", "ebitda": "708000000", "netIncome": "247000000"}, {"fiscalDateEnding": "2013-12-31", "reportedCurrency": "USD", "grossProfit": "790000000", "totalRevenue": "2705000000", "costOfRevenue": "1915000000", "costofGoodsAndServicesSold": "1915000000", "operatingIncome": "417000000", "sellingGeneralAndAdministrative": "0", "researchAndDevelopment": "0", "operatingExpenses": "376000000", "investmentIncomeNet": "None", "netInterestIncome": "None", "interestIncome": "None", "interestExpense": "146000000", "nonInterestIncome": "None", "otherNonOperatingIncome": "None", "depreciation": "None", "depreciationAndAmortization": "285000000", "incomeBeforeTax": "348000000", "incomeTaxExpense": "39000000", "interestAndDebtExpense": "None", "netIncomeFromContinuingOperations": "0", "comprehensiveIncomeNetOfTax": "None", "ebit": "424000000", "ebitda": "709000000", "netIncome": "282000000"}, {"fiscalDateEnding": "2013-09-30", "reportedCurrency": "USD", "grossProfit": "888000000", "totalRevenue": "2551000000", "costOfRevenue": "1663000000", "costofGoodsAndServicesSold": "1663000000", "operatingIncome": "506000000", "sellingGeneralAndAdministrative": "794000000", "researchAndDevelopment": "0", "operatingExpenses": "382000000", "investmentIncomeNet": "None", "netInterestIncome": "None", "interestIncome": "None", "interestExpense": "137000000", "nonInterestIncome": "None", "otherNonOperatingIncome": "68000000", "depreciation": "None", "depreciationAndAmortization": "286000000", "incomeBeforeTax": "432000000", "incomeTaxExpense": "117000000", "interestAndDebtExpense": "None", "netIncomeFromContinuingOperations": "315000000", "comprehensiveIncomeNetOfTax": "None", "ebit": "499000000", "ebitda": "785000000", "netIncome": "296000000"}, {"fiscalDateEnding": "2013-06-30", "reportedCurrency": "USD", "grossProfit": "926000000", "totalRevenue": "2651000000", "costOfRevenue": "1725000000", "costofGoodsAndServicesSold": "1725000000", "operatingIncome": "598000000", "sellingGeneralAndAdministrative": "0", "researchAndDevelopment": "0", "operatingExpenses": "328000000", "investmentIncomeNet": "None", "netInterestIncome": "None", "interestIncome": "None", "interestExpense": "138000000", "nonInterestIncome": "None", "otherNonOperatingIncome": "None", "depreciation": "None", "depreciationAndAmortization": "247000000", "incomeBeforeTax": "298000000", "incomeTaxExpense": "32000000", "interestAndDebtExpense": "None", "netIncomeFromContinuingOperations": "0", "comprehensiveIncomeNetOfTax": "None", "ebit": "436000000", "ebitda": "683000000", "netIncome": "246000000"}, {"fiscalDateEnding": "2013-03-31", "reportedCurrency": "USD", "grossProfit": "764000000", "totalRevenue": "2650000000", "costOfRevenue": "1886000000", "costofGoodsAndServicesSold": "1886000000", "operatingIncome": "363000000", "sellingGeneralAndAdministrative": "0", "researchAndDevelopment": "0", "operatingExpenses": "401000000", "investmentIncomeNet": "None", "netInterestIncome": "None", "interestIncome": "None", "interestExpense": "138000000", "nonInterestIncome": "None", "otherNonOperatingIncome": "None", "depreciation": "None", "depreciationAndAmortization": "295000000", "incomeBeforeTax": "354000000", "incomeTaxExpense": "178000000", "interestAndDebtExpense": "None", "netIncomeFromContinuingOperations": "0", "comprehensiveIncomeNetOfTax": "None", "ebit": "490000000", "ebitda": "785000000", "netIncome": "180000000"}, {"fiscalDateEnding": "2012-12-31", "reportedCurrency": "USD", "grossProfit": "-1366000000", "totalRevenue": "2668000000", "costOfRevenue": "4034000000", "costofGoodsAndServicesSold": "4034000000", "operatingIncome": "349000000", "sellingGeneralAndAdministrative": "0", "researchAndDevelopment": "0", "operatingExpenses": "-1366000000", "investmentIncomeNet": "None", "netInterestIncome": "None", "interestIncome": "None", "interestExpense": "141000000", "nonInterestIncome": "None", "otherNonOperatingIncome": "None", "depreciation": "None", "depreciationAndAmortization": "287000000", "incomeBeforeTax": "309000000", "incomeTaxExpense": "11000000", "interestAndDebtExpense": "None", "netIncomeFromContinuingOperations": "0", "comprehensiveIncomeNetOfTax": "None", "ebit": "349000000", "ebitda": "636000000", "netIncome": "293000000"}, {"fiscalDateEnding": "2012-09-30", "reportedCurrency": "USD", "grossProfit": "869000000", "totalRevenue": "2507000000", "costOfRevenue": "1638000000", "costofGoodsAndServicesSold": "1638000000", "operatingIncome": "500000000", "sellingGeneralAndAdministrative": "0", "researchAndDevelopment": "0", "operatingExpenses": "869000000", "investmentIncomeNet": "None", "netInterestIncome": "None", "interestIncome": "None", "interestExpense": "126000000", "nonInterestIncome": "None", "otherNonOperatingIncome": "None", "depreciation": "None", "depreciationAndAmortization": "280000000", "incomeBeforeTax": "337000000", "incomeTaxExpense": "49000000", "interestAndDebtExpense": "None", "netIncomeFromContinuingOperations": "0", "comprehensiveIncomeNetOfTax": "None", "ebit": "455000000", "ebitda": "735000000", "netIncome": "270000000"}, {"fiscalDateEnding": "2012-06-30", "reportedCurrency": "USD", "grossProfit": "677000000", "totalRevenue": "2089000000", "costOfRevenue": "1412000000", "costofGoodsAndServicesSold": "1412000000", "operatingIncome": "325000000", "sellingGeneralAndAdministrative": "0", "researchAndDevelopment": "0", "operatingExpenses": "670000000", "investmentIncomeNet": "None", "netInterestIncome": "None", "interestIncome": "None", "interestExpense": "113000000", "nonInterestIncome": "None", "otherNonOperatingIncome": "None", "depreciation": "None", "depreciationAndAmortization": "-266000000", "incomeBeforeTax": "-52000000", "incomeTaxExpense": "-118000000", "interestAndDebtExpense": "None", "netIncomeFromContinuingOperations": "0", "comprehensiveIncomeNetOfTax": "None", "ebit": "593000000", "ebitda": "327000000", "netIncome": "63000000"}, {"fiscalDateEnding": "2012-03-31", "reportedCurrency": "USD", "grossProfit": "731000000", "totalRevenue": "2383000000", "costOfRevenue": "1652000000", "costofGoodsAndServicesSold": "1652000000", "operatingIncome": "378000000", "sellingGeneralAndAdministrative": "0", "researchAndDevelopment": "0", "operatingExpenses": "731000000", "investmentIncomeNet": "None", "netInterestIncome": "None", "interestIncome": "None", "interestExpense": "113000000", "nonInterestIncome": "None", "otherNonOperatingIncome": "None", "depreciation": "None", "depreciationAndAmortization": "257000000", "incomeBeforeTax": "357000000", "incomeTaxExpense": "117000000", "interestAndDebtExpense": "None", "netIncomeFromContinuingOperations": "0", "comprehensiveIncomeNetOfTax": "None", "ebit": "470000000", "ebitda": "727000000", "netIncome": "238000000"}, {"fiscalDateEnding": "2011-12-31", "reportedCurrency": "USD", "grossProfit": "1618000000", "totalRevenue": "2604000000", "costOfRevenue": "986000000", "costofGoodsAndServicesSold": "986000000", "operatingIncome": "471000000", "sellingGeneralAndAdministrative": "0", "researchAndDevelopment": "0", "operatingExpenses": "1147000000", "investmentIncomeNet": "None", "netInterestIncome": "None", "interestIncome": "None", "interestExpense": "121000000", "nonInterestIncome": "None", "otherNonOperatingIncome": "None", "depreciation": "None", "depreciationAndAmortization": "248000000", "incomeBeforeTax": "405000000", "incomeTaxExpense": "97000000", "interestAndDebtExpense": "None", "netIncomeFromContinuingOperations": "0", "comprehensiveIncomeNetOfTax": "None", "ebit": "526000000", "ebitda": "774000000", "netIncome": "292000000"}, {"fiscalDateEnding": "2011-09-30", "reportedCurrency": "USD", "grossProfit": "1526000000", "totalRevenue": "2576000000", "costOfRevenue": "1050000000", "costofGoodsAndServicesSold": "1050000000", "operatingIncome": "500000000", "sellingGeneralAndAdministrative": "0", "researchAndDevelopment": "0", "operatingExpenses": "1009000000", "investmentIncomeNet": "None", "netInterestIncome": "None", "interestIncome": "None", "interestExpense": "118000000", "nonInterestIncome": "None", "otherNonOperatingIncome": "None", "depreciation": "None", "depreciationAndAmortization": "251000000", "incomeBeforeTax": "388000000", "incomeTaxExpense": "75000000", "interestAndDebtExpense": "None", "netIncomeFromContinuingOperations": "0", "comprehensiveIncomeNetOfTax": "None", "ebit": "506000000", "ebitda": "757000000", "netIncome": "289000000"}, {"fiscalDateEnding": "2011-06-30", "reportedCurrency": "USD", "grossProfit": "1378000000", "totalRevenue": "2422000000", "costOfRevenue": "1044000000", "costofGoodsAndServicesSold": "1044000000", "operatingIncome": "377000000", "sellingGeneralAndAdministrative": "0", "researchAndDevelopment": "0", "operatingExpenses": "995000000", "investmentIncomeNet": "None", "netInterestIncome": "None", "interestIncome": "None", "interestExpense": "118000000", "nonInterestIncome": "None", "otherNonOperatingIncome": "None", "depreciation": "None", "depreciationAndAmortization": "248000000", "incomeBeforeTax": "586000000", "incomeTaxExpense": "92000000", "interestAndDebtExpense": "None", "netIncomeFromContinuingOperations": "0", "comprehensiveIncomeNetOfTax": "None", "ebit": "704000000", "ebitda": "952000000", "netIncome": "503000000"}, {"fiscalDateEnding": "2011-03-31", "reportedCurrency": "USD", "grossProfit": "1368000000", "totalRevenue": "2434000000", "costOfRevenue": "1066000000", "costofGoodsAndServicesSold": "1066000000", "operatingIncome": "404000000", "sellingGeneralAndAdministrative": "0", "researchAndDevelopment": "0", "operatingExpenses": "958000000", "investmentIncomeNet": "None", "netInterestIncome": "None", "interestIncome": "None", "interestExpense": "108000000", "nonInterestIncome": "None", "otherNonOperatingIncome": "None", "depreciation": "None", "depreciationAndAmortization": "231000000", "incomeBeforeTax": "342000000", "incomeTaxExpense": "-109000000", "interestAndDebtExpense": "None", "netIncomeFromContinuingOperations": "0", "comprehensiveIncomeNetOfTax": "None", "ebit": "450000000", "ebitda": "681000000", "netIncome": "254000000"}, {"fiscalDateEnding": "2010-12-31", "reportedCurrency": "USD", "grossProfit": "1399000000", "totalRevenue": "2345000000", "costOfRevenue": "946000000", "costofGoodsAndServicesSold": "946000000", "operatingIncome": "374000000", "sellingGeneralAndAdministrative": "168000000", "researchAndDevelopment": "0", "operatingExpenses": "1025000000", "investmentIncomeNet": "None", "netInterestIncome": "None", "interestIncome": "None", "interestExpense": "113000000", "nonInterestIncome": "None", "otherNonOperatingIncome": "None", "depreciation": "None", "depreciationAndAmortization": "224000000", "incomeBeforeTax": "311000000", "incomeTaxExpense": "17000000", "interestAndDebtExpense": "None", "netIncomeFromContinuingOperations": "0", "comprehensiveIncomeNetOfTax": "None", "ebit": "424000000", "ebitda": "648000000", "netIncome": "280000000"}, {"fiscalDateEnding": "2010-09-30", "reportedCurrency": "USD", "grossProfit": "1313000000", "totalRevenue": "2116000000", "costOfRevenue": "803000000", "costofGoodsAndServicesSold": "803000000", "operatingIncome": "429000000", "sellingGeneralAndAdministrative": "0", "researchAndDevelopment": "0", "operatingExpenses": "884000000", "investmentIncomeNet": "None", "netInterestIncome": "None", "interestIncome": "None", "interestExpense": "111000000", "nonInterestIncome": "None", "otherNonOperatingIncome": "None", "depreciation": "None", "depreciationAndAmortization": "218000000", "incomeBeforeTax": "99000000", "incomeTaxExpense": "-32000000", "interestAndDebtExpense": "None", "netIncomeFromContinuingOperations": "0", "comprehensiveIncomeNetOfTax": "None", "ebit": "210000000", "ebitda": "428000000", "netIncome": "131000000"}, {"fiscalDateEnding": "2010-06-30", "reportedCurrency": "USD", "grossProfit": "1243000000", "totalRevenue": "2008000000", "costOfRevenue": "765000000", "costofGoodsAndServicesSold": "765000000", "operatingIncome": "335000000", "sellingGeneralAndAdministrative": "0", "researchAndDevelopment": "0", "operatingExpenses": "908000000", "investmentIncomeNet": "None", "netInterestIncome": "None", "interestIncome": "None", "interestExpense": "103000000", "nonInterestIncome": "None", "otherNonOperatingIncome": "None", "depreciation": "None", "depreciationAndAmortization": "215000000", "incomeBeforeTax": "237000000", "incomeTaxExpense": "-59000000", "interestAndDebtExpense": "None", "netIncomeFromContinuingOperations": "0", "comprehensiveIncomeNetOfTax": "None", "ebit": "340000000", "ebitda": "555000000", "netIncome": "222000000"}, {"fiscalDateEnding": "2010-03-31", "reportedCurrency": "USD", "grossProfit": "1265000000", "totalRevenue": "2534000000", "costOfRevenue": "1269000000", "costofGoodsAndServicesSold": "1269000000", "operatingIncome": "389000000", "sellingGeneralAndAdministrative": "168000000", "researchAndDevelopment": "0", "operatingExpenses": "1265000000", "investmentIncomeNet": "None", "netInterestIncome": "None", "interestIncome": "None", "interestExpense": "109000000", "nonInterestIncome": "None", "otherNonOperatingIncome": "None", "depreciation": "None", "depreciationAndAmortization": "210000000", "incomeBeforeTax": "139000000", "incomeTaxExpense": "-58000000", "interestAndDebtExpense": "None", "netIncomeFromContinuingOperations": "0", "comprehensiveIncomeNetOfTax": "None", "ebit": "248000000", "ebitda": "458000000", "netIncome": "106000000"}, {"fiscalDateEnding": "2009-12-31", "reportedCurrency": "USD", "grossProfit": "1430000000", "totalRevenue": "2456000000", "costOfRevenue": "1026000000", "costofGoodsAndServicesSold": "1026000000", "operatingIncome": "357000000", "sellingGeneralAndAdministrative": "0", "researchAndDevelopment": "0", "operatingExpenses": "1073000000", "investmentIncomeNet": "None", "netInterestIncome": "None", "interestIncome": "None", "interestExpense": "110000000", "nonInterestIncome": "None", "otherNonOperatingIncome": "None", "depreciation": "None", "depreciationAndAmortization": "207000000", "incomeBeforeTax": "392000000", "incomeTaxExpense": "95000000", "interestAndDebtExpense": "None", "netIncomeFromContinuingOperations": "0", "comprehensiveIncomeNetOfTax": "None", "ebit": "502000000", "ebitda": "709000000", "netIncome": "288000000"}, {"fiscalDateEnding": "2009-09-30", "reportedCurrency": "USD", "grossProfit": "1198000000", "totalRevenue": "1853000000", "costOfRevenue": "655000000", "costofGoodsAndServicesSold": "655000000", "operatingIncome": "354000000", "sellingGeneralAndAdministrative": "0", "researchAndDevelopment": "0", "operatingExpenses": "844000000", "investmentIncomeNet": "None", "netInterestIncome": "None", "interestIncome": "None", "interestExpense": "96000000", "nonInterestIncome": "None", "otherNonOperatingIncome": "None", "depreciation": "None", "depreciationAndAmortization": "196000000", "incomeBeforeTax": "410000000", "incomeTaxExpense": "-128000000", "interestAndDebtExpense": "None", "netIncomeFromContinuingOperations": "0", "comprehensiveIncomeNetOfTax": "None", "ebit": "506000000", "ebitda": "702000000", "netIncome": "317000000"}, {"fiscalDateEnding": "2009-06-30", "reportedCurrency": "USD", "grossProfit": "1108000000", "totalRevenue": "1689000000", "costOfRevenue": "581000000", "costofGoodsAndServicesSold": "581000000", "operatingIncome": "268000000", "sellingGeneralAndAdministrative": "0", "researchAndDevelopment": "0", "operatingExpenses": "847000000", "investmentIncomeNet": "None", "netInterestIncome": "None", "interestIncome": "None", "interestExpense": "79000000", "nonInterestIncome": "None", "otherNonOperatingIncome": "None", "depreciation": "None", "depreciationAndAmortization": "189000000", "incomeBeforeTax": "256000000", "incomeTaxExpense": "-90000000", "interestAndDebtExpense": "None", "netIncomeFromContinuingOperations": "0", "comprehensiveIncomeNetOfTax": "None", "ebit": "335000000", "ebitda": "524000000", "netIncome": "198000000"}, {"fiscalDateEnding": "2009-03-31", "reportedCurrency": "USD", "grossProfit": "1112000000", "totalRevenue": "2108000000", "costOfRevenue": "996000000", "costofGoodsAndServicesSold": "996000000", "operatingIncome": "331000000", "sellingGeneralAndAdministrative": "0", "researchAndDevelopment": "0", "operatingExpenses": "781000000", "investmentIncomeNet": "None", "netInterestIncome": "None", "interestIncome": "None", "interestExpense": "82000000", "nonInterestIncome": "None", "otherNonOperatingIncome": "None", "depreciation": "None", "depreciationAndAmortization": "183000000", "incomeBeforeTax": "418000000", "incomeTaxExpense": "109000000", "interestAndDebtExpense": "None", "netIncomeFromContinuingOperations": "0", "comprehensiveIncomeNetOfTax": "None", "ebit": "500000000", "ebitda": "683000000", "netIncome": "316000000"}, {"fiscalDateEnding": "2008-12-31", "reportedCurrency": "USD", "grossProfit": "1051000000", "totalRevenue": "2293000000", "costOfRevenue": "1242000000", "costofGoodsAndServicesSold": "1242000000", "operatingIncome": "238000000", "sellingGeneralAndAdministrative": "0", "researchAndDevelopment": "0", "operatingExpenses": "813000000", "investmentIncomeNet": "None", "netInterestIncome": "None", "interestIncome": "None", "interestExpense": "197000000", "nonInterestIncome": "None", "otherNonOperatingIncome": "None", "depreciation": "None", "depreciationAndAmortization": "179000000", "incomeBeforeTax": "344000000", "incomeTaxExpense": "15000000", "interestAndDebtExpense": "None", "netIncomeFromContinuingOperations": "0", "comprehensiveIncomeNetOfTax": "None", "ebit": "826000000", "ebitda": "1005000000", "netIncome": "319000000"}, {"fiscalDateEnding": "2008-09-30", "reportedCurrency": "USD", "grossProfit": "1261000000", "totalRevenue": "2692000000", "costOfRevenue": "1431000000", "costofGoodsAndServicesSold": "1431000000", "operatingIncome": "444000000", "sellingGeneralAndAdministrative": "0", "researchAndDevelopment": "0", "operatingExpenses": "802000000", "investmentIncomeNet": "None", "netInterestIncome": "None", "interestIncome": "None", "interestExpense": "67000000", "nonInterestIncome": "None", "otherNonOperatingIncome": "None", "depreciation": "None", "depreciationAndAmortization": "162000000", "incomeBeforeTax": "378000000", "incomeTaxExpense": "94000000", "interestAndDebtExpense": "None", "netIncomeFromContinuingOperations": "0", "comprehensiveIncomeNetOfTax": "None", "ebit": "445000000", "ebitda": "607000000", "netIncome": "308000000"}, {"fiscalDateEnding": "2008-06-30", "reportedCurrency": "USD", "grossProfit": "986000000", "totalRevenue": "2503000000", "costOfRevenue": "1517000000", "costofGoodsAndServicesSold": "1517000000", "operatingIncome": "178000000", "sellingGeneralAndAdministrative": "0", "researchAndDevelopment": "0", "operatingExpenses": "808000000", "investmentIncomeNet": "None", "netInterestIncome": "None", "interestIncome": "None", "interestExpense": "38000000", "nonInterestIncome": "None", "otherNonOperatingIncome": "None", "depreciation": "None", "depreciationAndAmortization": "171000000", "incomeBeforeTax": "446000000", "incomeTaxExpense": "184000000", "interestAndDebtExpense": "None", "netIncomeFromContinuingOperations": "0", "comprehensiveIncomeNetOfTax": "None", "ebit": "-121000000", "ebitda": "50000000", "netIncome": "244000000"}, {"fiscalDateEnding": "2008-03-31", "reportedCurrency": "USD", "grossProfit": "1463000000", "totalRevenue": "3270000000", "costOfRevenue": "1807000000", "costofGoodsAndServicesSold": "1807000000", "operatingIncome": "371000000", "sellingGeneralAndAdministrative": "0", "researchAndDevelopment": "0", "operatingExpenses": "1092000000", "investmentIncomeNet": "None", "netInterestIncome": "None", "interestIncome": "None", "interestExpense": "60000000", "nonInterestIncome": "None", "otherNonOperatingIncome": "None", "depreciation": "None", "depreciationAndAmortization": "175000000", "incomeBeforeTax": "369000000", "incomeTaxExpense": "127000000", "interestAndDebtExpense": "None", "netIncomeFromContinuingOperations": "0", "comprehensiveIncomeNetOfTax": "None", "ebit": "410000000", "ebitda": "585000000", "netIncome": "242000000"}, {"fiscalDateEnding": "2007-12-31", "reportedCurrency": "USD", "grossProfit": "3131000000", "totalRevenue": "3110000000", "costOfRevenue": "-21000000", "costofGoodsAndServicesSold": "-21000000", "operatingIncome": "493000000", "sellingGeneralAndAdministrative": "0", "researchAndDevelopment": "0", "operatingExpenses": "2638000000", "investmentIncomeNet": "None", "netInterestIncome": "None", "interestIncome": "None", "interestExpense": "247000000", "nonInterestIncome": "None", "otherNonOperatingIncome": "None", "depreciation": "None", "depreciationAndAmortization": "172000000", "incomeBeforeTax": "471000000", "incomeTaxExpense": "183000000", "interestAndDebtExpense": "None", "netIncomeFromContinuingOperations": "0", "comprehensiveIncomeNetOfTax": "None", "ebit": "493000000", "ebitda": "665000000", "netIncome": "289000000"}, {"fiscalDateEnding": "2007-09-30", "reportedCurrency": "USD", "grossProfit": "1759000000", "totalRevenue": "2663000000", "costOfRevenue": "904000000", "costofGoodsAndServicesSold": "904000000", "operatingIncome": "499000000", "sellingGeneralAndAdministrative": "0", "researchAndDevelopment": "0", "operatingExpenses": "1260000000", "investmentIncomeNet": "None", "netInterestIncome": "None", "interestIncome": "None", "interestExpense": "68000000", "nonInterestIncome": "None", "otherNonOperatingIncome": "None", "depreciation": "None", "depreciationAndAmortization": "174000000", "incomeBeforeTax": "465000000", "incomeTaxExpense": "135000000", "interestAndDebtExpense": "None", "netIncomeFromContinuingOperations": "0", "comprehensiveIncomeNetOfTax": "None", "ebit": "499000000", "ebitda": "673000000", "netIncome": "305000000"}, {"fiscalDateEnding": "2007-06-30", "reportedCurrency": "USD", "grossProfit": "1617000000", "totalRevenue": "2661000000", "costOfRevenue": "1044000000", "costofGoodsAndServicesSold": "1044000000", "operatingIncome": "414000000", "sellingGeneralAndAdministrative": "0", "researchAndDevelopment": "0", "operatingExpenses": "1203000000", "investmentIncomeNet": "None", "netInterestIncome": "None", "interestIncome": "None", "interestExpense": "69000000", "nonInterestIncome": "None", "otherNonOperatingIncome": "None", "depreciation": "None", "depreciationAndAmortization": "171000000", "incomeBeforeTax": "423000000", "incomeTaxExpense": "143000000", "interestAndDebtExpense": "None", "netIncomeFromContinuingOperations": "0", "comprehensiveIncomeNetOfTax": "None", "ebit": "414000000", "ebitda": "585000000", "netIncome": "277000000"}, {"fiscalDateEnding": "2007-03-31", "reportedCurrency": "USD", "grossProfit": "2519000000", "totalRevenue": "3004000000", "costOfRevenue": "485000000", "costofGoodsAndServicesSold": "485000000", "operatingIncome": "267000000", "sellingGeneralAndAdministrative": "0", "researchAndDevelopment": "0", "operatingExpenses": "2519000000", "investmentIncomeNet": "None", "netInterestIncome": "None", "interestIncome": "None", "interestExpense": "70000000", "nonInterestIncome": "None", "otherNonOperatingIncome": "None", "depreciation": "None", "depreciationAndAmortization": "169000000", "incomeBeforeTax": "290000000", "incomeTaxExpense": "63000000", "interestAndDebtExpense": "None", "netIncomeFromContinuingOperations": "0", "comprehensiveIncomeNetOfTax": "None", "ebit": "267000000", "ebitda": "436000000", "netIncome": "228000000"}, {"fiscalDateEnding": "2006-12-31", "reportedCurrency": "USD", "grossProfit": "2411000000", "totalRevenue": "3245000000", "costOfRevenue": "834000000", "costofGoodsAndServicesSold": "834000000", "operatingIncome": "568000000", "sellingGeneralAndAdministrative": "0", "researchAndDevelopment": "0", "operatingExpenses": "1843000000", "investmentIncomeNet": "None", "netInterestIncome": "None", "interestIncome": "None", "interestExpense": "78000000", "nonInterestIncome": "None", "otherNonOperatingIncome": "None", "depreciation": "None", "depreciationAndAmortization": "166000000", "incomeBeforeTax": "309000000", "incomeTaxExpense": "180000000", "interestAndDebtExpense": "None", "netIncomeFromContinuingOperations": "0", "comprehensiveIncomeNetOfTax": "None", "ebit": "568000000", "ebitda": "734000000", "netIncome": "125000000"}, {"fiscalDateEnding": "2006-09-30", "reportedCurrency": "USD", "grossProfit": "2079000000", "totalRevenue": "2694000000", "costOfRevenue": "615000000", "costofGoodsAndServicesSold": "615000000", "operatingIncome": "464000000", "sellingGeneralAndAdministrative": "0", "researchAndDevelopment": "0", "operatingExpenses": "1615000000", "investmentIncomeNet": "None", "netInterestIncome": "None", "interestIncome": "None", "interestExpense": "90000000", "nonInterestIncome": "None", "otherNonOperatingIncome": "None", "depreciation": "None", "depreciationAndAmortization": "163000000", "incomeBeforeTax": "800000000", "incomeTaxExpense": "257000000", "interestAndDebtExpense": "None", "netIncomeFromContinuingOperations": "0", "comprehensiveIncomeNetOfTax": "None", "ebit": "464000000", "ebitda": "627000000", "netIncome": "653000000"}, {"fiscalDateEnding": "2006-06-30", "reportedCurrency": "USD", "grossProfit": "1798000000", "totalRevenue": "2486000000", "costOfRevenue": "688000000", "costofGoodsAndServicesSold": "688000000", "operatingIncome": "337000000", "sellingGeneralAndAdministrative": "0", "researchAndDevelopment": "0", "operatingExpenses": "1798000000", "investmentIncomeNet": "None", "netInterestIncome": "None", "interestIncome": "None", "interestExpense": "87000000", "nonInterestIncome": "None", "otherNonOperatingIncome": "None", "depreciation": "None", "depreciationAndAmortization": "171000000", "incomeBeforeTax": "281000000", "incomeTaxExpense": "96000000", "interestAndDebtExpense": "None", "netIncomeFromContinuingOperations": "0", "comprehensiveIncomeNetOfTax": "None", "ebit": "337000000", "ebitda": "508000000", "netIncome": "373000000"}, {"fiscalDateEnding": "2006-03-31", "reportedCurrency": "USD", "grossProfit": "2009000000", "totalRevenue": "3349000000", "costOfRevenue": "1340000000", "costofGoodsAndServicesSold": "1340000000", "operatingIncome": "412000000", "sellingGeneralAndAdministrative": "0", "researchAndDevelopment": "0", "operatingExpenses": "1593000000", "investmentIncomeNet": "None", "netInterestIncome": "None", "interestIncome": "None", "interestExpense": "96000000", "nonInterestIncome": "None", "otherNonOperatingIncome": "None", "depreciation": "None", "depreciationAndAmortization": "157000000", "incomeBeforeTax": "342000000", "incomeTaxExpense": "108000000", "interestAndDebtExpense": "None", "netIncomeFromContinuingOperations": "0", "comprehensiveIncomeNetOfTax": "None", "ebit": "412000000", "ebitda": "569000000", "netIncome": "255000000"}, {"fiscalDateEnding": "2005-12-31", "reportedCurrency": "USD", "grossProfit": "2688000000", "totalRevenue": "4047000000", "costOfRevenue": "1359000000", "costofGoodsAndServicesSold": "1359000000", "operatingIncome": "513000000", "sellingGeneralAndAdministrative": "0", "researchAndDevelopment": "0", "operatingExpenses": "2175000000", "investmentIncomeNet": "None", "netInterestIncome": "None", "interestIncome": "None", "interestExpense": "83000000", "nonInterestIncome": "None", "otherNonOperatingIncome": "None", "depreciation": "None", "depreciationAndAmortization": "165000000", "incomeBeforeTax": "419000000", "incomeTaxExpense": "58000000", "interestAndDebtExpense": "None", "netIncomeFromContinuingOperations": "0", "comprehensiveIncomeNetOfTax": "None", "ebit": "513000000", "ebitda": "678000000", "netIncome": "355000000"}, {"fiscalDateEnding": "2005-09-30", "reportedCurrency": "USD", "grossProfit": "2033000000", "totalRevenue": "2726000000", "costOfRevenue": "693000000", "costofGoodsAndServicesSold": "693000000", "operatingIncome": "67000000", "sellingGeneralAndAdministrative": "0", "researchAndDevelopment": "0", "operatingExpenses": "2017000000", "investmentIncomeNet": "None", "netInterestIncome": "None", "interestIncome": "None", "interestExpense": "83000000", "nonInterestIncome": "None", "otherNonOperatingIncome": "None", "depreciation": "None", "depreciationAndAmortization": "152000000", "incomeBeforeTax": "153000000", "incomeTaxExpense": "-63000000", "interestAndDebtExpense": "None", "netIncomeFromContinuingOperations": "0", "comprehensiveIncomeNetOfTax": "None", "ebit": "67000000", "ebitda": "219000000", "netIncome": "221000000"}]}