{"symbol": "AIMDW", "annualReports": [{"fiscalDateEnding": "2024-12-31", "reportedCurrency": "USD", "grossProfit": "-31866", "totalRevenue": "20729", "costOfRevenue": "52595", "costofGoodsAndServicesSold": "52595", "operatingIncome": "-13841204", "sellingGeneralAndAdministrative": "5395415", "researchAndDevelopment": "8413923", "operatingExpenses": "13809338", "investmentIncomeNet": "None", "netInterestIncome": "-616467", "interestIncome": "None", "interestExpense": "616467", "nonInterestIncome": "None", "otherNonOperatingIncome": "None", "depreciation": "None", "depreciationAndAmortization": "4801716", "incomeBeforeTax": "-14862361", "incomeTaxExpense": "800", "interestAndDebtExpense": "None", "netIncomeFromContinuingOperations": "-14863161", "comprehensiveIncomeNetOfTax": "None", "ebit": "-14245894", "ebitda": "-9444178", "netIncome": "-14863161"}, {"fiscalDateEnding": "2023-12-31", "reportedCurrency": "USD", "grossProfit": "-253733", "totalRevenue": "122112", "costOfRevenue": "375845", "costofGoodsAndServicesSold": "375845", "operatingIncome": "-13206396", "sellingGeneralAndAdministrative": "5576152", "researchAndDevelopment": "7317388", "operatingExpenses": "12952663", "investmentIncomeNet": "None", "netInterestIncome": "-102076", "interestIncome": "None", "interestExpense": "144193", "nonInterestIncome": "None", "otherNonOperatingIncome": "None", "depreciation": "None", "depreciationAndAmortization": "4871057", "incomeBeforeTax": "-13769749", "incomeTaxExpense": "800", "interestAndDebtExpense": "None", "netIncomeFromContinuingOperations": "-9977056", "comprehensiveIncomeNetOfTax": "None", "ebit": "-13644155", "ebitda": "-8773098", "netIncome": "-13770549"}, {"fiscalDateEnding": "2022-12-31", "reportedCurrency": "USD", "grossProfit": "1405343", "totalRevenue": "3519627", "costOfRevenue": "2114284", "costofGoodsAndServicesSold": "2114284", "operatingIncome": "-13976212", "sellingGeneralAndAdministrative": "8535591", "researchAndDevelopment": "6845964", "operatingExpenses": "15381555", "investmentIncomeNet": "None", "netInterestIncome": "-53528", "interestIncome": "None", "interestExpense": "53528", "nonInterestIncome": "None", "otherNonOperatingIncome": "None", "depreciation": "None", "depreciationAndAmortization": "4813708", "incomeBeforeTax": "-14006690", "incomeTaxExpense": "30478", "interestAndDebtExpense": "None", "netIncomeFromContinuingOperations": "-14006690", "comprehensiveIncomeNetOfTax": "None", "ebit": "-13953162", "ebitda": "-9139454", "netIncome": "-14006690"}, {"fiscalDateEnding": "2021-12-31", "reportedCurrency": "USD", "grossProfit": "410382", "totalRevenue": "594563", "costOfRevenue": "184181", "costofGoodsAndServicesSold": "184181", "operatingIncome": "-3867426", "sellingGeneralAndAdministrative": "2357163", "researchAndDevelopment": "1920645", "operatingExpenses": "4277808", "investmentIncomeNet": "None", "netInterestIncome": "-18689", "interestIncome": "None", "interestExpense": "18689", "nonInterestIncome": "None", "otherNonOperatingIncome": "None", "depreciation": "None", "depreciationAndAmortization": "2044447", "incomeBeforeTax": "-3872520", "incomeTaxExpense": "16141", "interestAndDebtExpense": "None", "netIncomeFromContinuingOperations": "-3888662", "comprehensiveIncomeNetOfTax": "None", "ebit": "-3869973", "ebitda": "-1825526", "netIncome": "-3888661"}, {"fiscalDateEnding": "2020-12-31", "reportedCurrency": "USD", "grossProfit": "5286", "totalRevenue": "16563", "costOfRevenue": "11277", "costofGoodsAndServicesSold": "11277", "operatingIncome": "-1440435", "sellingGeneralAndAdministrative": "1445332", "researchAndDevelopment": "389", "operatingExpenses": "1445721", "investmentIncomeNet": "None", "netInterestIncome": "-10188", "interestIncome": "None", "interestExpense": "10188", "nonInterestIncome": "None", "otherNonOperatingIncome": "None", "depreciation": "None", "depreciationAndAmortization": "14698", "incomeBeforeTax": "-1450623", "incomeTaxExpense": "10188", "interestAndDebtExpense": "None", "netIncomeFromContinuingOperations": "-1450623", "comprehensiveIncomeNetOfTax": "None", "ebit": "-1440435", "ebitda": "-1425737", "netIncome": "-1450623"}, {"fiscalDateEnding": "2019-12-31", "reportedCurrency": "USD", "grossProfit": "2959", "totalRevenue": "11731", "costOfRevenue": "8772", "costofGoodsAndServicesSold": "8772", "operatingIncome": "-1580413", "sellingGeneralAndAdministrative": "1530862", "researchAndDevelopment": "52510", "operatingExpenses": "1583372", "investmentIncomeNet": "None", "netInterestIncome": "-885", "interestIncome": "None", "interestExpense": "885", "nonInterestIncome": "None", "otherNonOperatingIncome": "None", "depreciation": "None", "depreciationAndAmortization": "22241", "incomeBeforeTax": "-1581298", "incomeTaxExpense": "885", "interestAndDebtExpense": "None", "netIncomeFromContinuingOperations": "-1581298", "comprehensiveIncomeNetOfTax": "None", "ebit": "-1580413", "ebitda": "-1558172", "netIncome": "-1582183"}, {"fiscalDateEnding": "2018-12-31", "reportedCurrency": "USD", "grossProfit": "12847", "totalRevenue": "77724", "costOfRevenue": "64877", "costofGoodsAndServicesSold": "64877", "operatingIncome": "-1334676", "sellingGeneralAndAdministrative": "1314932", "researchAndDevelopment": "32591", "operatingExpenses": "1347523", "investmentIncomeNet": "None", "netInterestIncome": "-3963", "interestIncome": "None", "interestExpense": "3963", "nonInterestIncome": "None", "otherNonOperatingIncome": "None", "depreciation": "None", "depreciationAndAmortization": "56191", "incomeBeforeTax": "-1338639", "incomeTaxExpense": "-104947", "interestAndDebtExpense": "None", "netIncomeFromContinuingOperations": "-1338639", "comprehensiveIncomeNetOfTax": "None", "ebit": "-1334673", "ebitda": "-1278482", "netIncome": "-1338639"}, {"fiscalDateEnding": "2017-12-31", "reportedCurrency": "USD", "grossProfit": "190612", "totalRevenue": "250928", "costOfRevenue": "60316", "costofGoodsAndServicesSold": "60316", "operatingIncome": "-579763", "sellingGeneralAndAdministrative": "None", "researchAndDevelopment": "None", "operatingExpenses": "770375", "investmentIncomeNet": "None", "netInterestIncome": "None", "interestIncome": "None", "interestExpense": "37612", "nonInterestIncome": "None", "otherNonOperatingIncome": "None", "depreciation": "None", "depreciationAndAmortization": "39990", "incomeBeforeTax": "-617375", "incomeTaxExpense": "37612", "interestAndDebtExpense": "None", "netIncomeFromContinuingOperations": "None", "comprehensiveIncomeNetOfTax": "None", "ebit": "-579763", "ebitda": "-539773", "netIncome": "-617375"}, {"fiscalDateEnding": "2016-12-31", "reportedCurrency": "USD", "grossProfit": "-25956", "totalRevenue": "None", "costOfRevenue": "25956", "costofGoodsAndServicesSold": "25956", "operatingIncome": "-667111", "sellingGeneralAndAdministrative": "None", "researchAndDevelopment": "None", "operatingExpenses": "667111", "investmentIncomeNet": "None", "netInterestIncome": "None", "interestIncome": "None", "interestExpense": "2871", "nonInterestIncome": "None", "otherNonOperatingIncome": "None", "depreciation": "None", "depreciationAndAmortization": "25956", "incomeBeforeTax": "-669982", "incomeTaxExpense": "2871", "interestAndDebtExpense": "None", "netIncomeFromContinuingOperations": "None", "comprehensiveIncomeNetOfTax": "None", "ebit": "-667111", "ebitda": "-641155", "netIncome": "-669982"}, {"fiscalDateEnding": "2015-12-31", "reportedCurrency": "USD", "grossProfit": "-17797", "totalRevenue": "1975", "costOfRevenue": "19772", "costofGoodsAndServicesSold": "19772", "operatingIncome": "-519821", "sellingGeneralAndAdministrative": "None", "researchAndDevelopment": "None", "operatingExpenses": "521796", "investmentIncomeNet": "None", "netInterestIncome": "None", "interestIncome": "None", "interestExpense": "2053", "nonInterestIncome": "None", "otherNonOperatingIncome": "None", "depreciation": "None", "depreciationAndAmortization": "19772", "incomeBeforeTax": "-521874", "incomeTaxExpense": "2053", "interestAndDebtExpense": "None", "netIncomeFromContinuingOperations": "None", "comprehensiveIncomeNetOfTax": "None", "ebit": "-519821", "ebitda": "-500049", "netIncome": "-521874"}, {"fiscalDateEnding": "2014-12-31", "reportedCurrency": "USD", "grossProfit": "None", "totalRevenue": "None", "costOfRevenue": "None", "costofGoodsAndServicesSold": "None", "operatingIncome": "-622602", "sellingGeneralAndAdministrative": "None", "researchAndDevelopment": "132962", "operatingExpenses": "566155", "investmentIncomeNet": "None", "netInterestIncome": "None", "interestIncome": "None", "interestExpense": "103366", "nonInterestIncome": "None", "otherNonOperatingIncome": "None", "depreciation": "None", "depreciationAndAmortization": "17541", "incomeBeforeTax": "-622602", "incomeTaxExpense": "3291205", "interestAndDebtExpense": "None", "netIncomeFromContinuingOperations": "None", "comprehensiveIncomeNetOfTax": "None", "ebit": "-622602", "ebitda": "-622602", "netIncome": "-622602"}, {"fiscalDateEnding": "2013-12-31", "reportedCurrency": "USD", "grossProfit": "None", "totalRevenue": "None", "costOfRevenue": "None", "costofGoodsAndServicesSold": "None", "operatingIncome": "-566155", "sellingGeneralAndAdministrative": "None", "researchAndDevelopment": "132962", "operatingExpenses": "566155", "investmentIncomeNet": "None", "netInterestIncome": "None", "interestIncome": "None", "interestExpense": "103366", "nonInterestIncome": "None", "otherNonOperatingIncome": "None", "depreciation": "None", "depreciationAndAmortization": "16120", "incomeBeforeTax": "-622602", "incomeTaxExpense": "103366", "interestAndDebtExpense": "None", "netIncomeFromContinuingOperations": "None", "comprehensiveIncomeNetOfTax": "None", "ebit": "-566155", "ebitda": "-550035", "netIncome": "-622602"}, {"fiscalDateEnding": "2012-12-31", "reportedCurrency": "USD", "grossProfit": "318", "totalRevenue": "530", "costOfRevenue": "212", "costofGoodsAndServicesSold": "212", "operatingIncome": "-554608", "sellingGeneralAndAdministrative": "None", "researchAndDevelopment": "199599", "operatingExpenses": "554926", "investmentIncomeNet": "None", "netInterestIncome": "None", "interestIncome": "None", "interestExpense": "155555", "nonInterestIncome": "None", "otherNonOperatingIncome": "None", "depreciation": "None", "depreciationAndAmortization": "15572", "incomeBeforeTax": "-650847", "incomeTaxExpense": "155555", "interestAndDebtExpense": "None", "netIncomeFromContinuingOperations": "None", "comprehensiveIncomeNetOfTax": "None", "ebit": "-495292", "ebitda": "-479720", "netIncome": "-650847"}, {"fiscalDateEnding": "2011-12-31", "reportedCurrency": "USD", "grossProfit": "54041", "totalRevenue": "58395", "costOfRevenue": "4354", "costofGoodsAndServicesSold": "4354", "operatingIncome": "-1145880", "sellingGeneralAndAdministrative": "None", "researchAndDevelopment": "281107", "operatingExpenses": "1199921", "investmentIncomeNet": "None", "netInterestIncome": "None", "interestIncome": "None", "interestExpense": "211718", "nonInterestIncome": "None", "otherNonOperatingIncome": "None", "depreciation": "None", "depreciationAndAmortization": "16597", "incomeBeforeTax": "-1313773", "incomeTaxExpense": "211718", "interestAndDebtExpense": "None", "netIncomeFromContinuingOperations": "None", "comprehensiveIncomeNetOfTax": "None", "ebit": "-1102055", "ebitda": "-1085458", "netIncome": "-1313773"}, {"fiscalDateEnding": "2010-12-31", "reportedCurrency": "USD", "grossProfit": "2207", "totalRevenue": "5150", "costOfRevenue": "2943", "costofGoodsAndServicesSold": "2943", "operatingIncome": "-1069314", "sellingGeneralAndAdministrative": "None", "researchAndDevelopment": "433357", "operatingExpenses": "1071521", "investmentIncomeNet": "None", "netInterestIncome": "None", "interestIncome": "None", "interestExpense": "93950", "nonInterestIncome": "None", "otherNonOperatingIncome": "None", "depreciation": "None", "depreciationAndAmortization": "19851", "incomeBeforeTax": "506312", "incomeTaxExpense": "-1575626", "interestAndDebtExpense": "None", "netIncomeFromContinuingOperations": "None", "comprehensiveIncomeNetOfTax": "None", "ebit": "600262", "ebitda": "620113", "netIncome": "506312"}, {"fiscalDateEnding": "2009-12-31", "reportedCurrency": "USD", "grossProfit": "26443", "totalRevenue": "52254", "costOfRevenue": "25811", "costofGoodsAndServicesSold": "25811", "operatingIncome": "-1641048", "sellingGeneralAndAdministrative": "None", "researchAndDevelopment": "464789", "operatingExpenses": "1667491", "investmentIncomeNet": "None", "netInterestIncome": "None", "interestIncome": "None", "interestExpense": "93159", "nonInterestIncome": "None", "otherNonOperatingIncome": "None", "depreciation": "None", "depreciationAndAmortization": "21978", "incomeBeforeTax": "-2971207", "incomeTaxExpense": "1330159", "interestAndDebtExpense": "None", "netIncomeFromContinuingOperations": "None", "comprehensiveIncomeNetOfTax": "None", "ebit": "-1663026", "ebitda": "-1641048", "netIncome": "-2971207"}, {"fiscalDateEnding": "2008-12-31", "reportedCurrency": "USD", "grossProfit": "55221", "totalRevenue": "109836", "costOfRevenue": "54615", "costofGoodsAndServicesSold": "54615", "operatingIncome": "-1836758", "sellingGeneralAndAdministrative": "None", "researchAndDevelopment": "525903", "operatingExpenses": "1891979", "investmentIncomeNet": "None", "netInterestIncome": "None", "interestIncome": "None", "interestExpense": "92435", "nonInterestIncome": "None", "otherNonOperatingIncome": "None", "depreciation": "None", "depreciationAndAmortization": "19774", "incomeBeforeTax": "-1923067", "incomeTaxExpense": "1923067", "interestAndDebtExpense": "None", "netIncomeFromContinuingOperations": "None", "comprehensiveIncomeNetOfTax": "None", "ebit": "-1830632", "ebitda": "-1810858", "netIncome": "-1923067"}, {"fiscalDateEnding": "2007-12-31", "reportedCurrency": "USD", "grossProfit": "69389", "totalRevenue": "70069", "costOfRevenue": "680", "costofGoodsAndServicesSold": "680", "operatingIncome": "-2418316", "sellingGeneralAndAdministrative": "None", "researchAndDevelopment": "530867", "operatingExpenses": "2487705", "investmentIncomeNet": "None", "netInterestIncome": "None", "interestIncome": "None", "interestExpense": "90648", "nonInterestIncome": "None", "otherNonOperatingIncome": "None", "depreciation": "None", "depreciationAndAmortization": "18783", "incomeBeforeTax": "-2506073", "incomeTaxExpense": "2506073", "interestAndDebtExpense": "None", "netIncomeFromContinuingOperations": "None", "comprehensiveIncomeNetOfTax": "None", "ebit": "-2415425", "ebitda": "-2396642", "netIncome": "-2506073"}, {"fiscalDateEnding": "2006-12-31", "reportedCurrency": "USD", "grossProfit": "133684", "totalRevenue": "133942", "costOfRevenue": "258", "costofGoodsAndServicesSold": "258", "operatingIncome": "-2689436", "sellingGeneralAndAdministrative": "None", "researchAndDevelopment": "535075", "operatingExpenses": "2823120", "investmentIncomeNet": "None", "netInterestIncome": "None", "interestIncome": "None", "interestExpense": "93149", "nonInterestIncome": "None", "otherNonOperatingIncome": "None", "depreciation": "None", "depreciationAndAmortization": "15178", "incomeBeforeTax": "-2777661", "incomeTaxExpense": "88225", "interestAndDebtExpense": "None", "netIncomeFromContinuingOperations": "None", "comprehensiveIncomeNetOfTax": "None", "ebit": "-2684512", "ebitda": "-2669334", "netIncome": "-2777661"}, {"fiscalDateEnding": "2005-12-31", "reportedCurrency": "USD", "grossProfit": "132109", "totalRevenue": "154565", "costOfRevenue": "22456", "costofGoodsAndServicesSold": "22456", "operatingIncome": "-548360", "sellingGeneralAndAdministrative": "None", "researchAndDevelopment": "187810", "operatingExpenses": "680469", "investmentIncomeNet": "None", "netInterestIncome": "None", "interestIncome": "None", "interestExpense": "120651", "nonInterestIncome": "None", "otherNonOperatingIncome": "None", "depreciation": "None", "depreciationAndAmortization": "12439", "incomeBeforeTax": "-669011", "incomeTaxExpense": "669011", "interestAndDebtExpense": "None", "netIncomeFromContinuingOperations": "None", "comprehensiveIncomeNetOfTax": "None", "ebit": "-548360", "ebitda": "-535921", "netIncome": "-669011"}], "quarterlyReports": [{"fiscalDateEnding": "2025-09-30", "reportedCurrency": "USD", "grossProfit": "1690", "totalRevenue": "2167", "costOfRevenue": "477", "costofGoodsAndServicesSold": "477", "operatingIncome": "-2784193", "sellingGeneralAndAdministrative": "795253", "researchAndDevelopment": "1990630", "operatingExpenses": "2785883", "investmentIncomeNet": "None", "netInterestIncome": "-176584", "interestIncome": "None", "interestExpense": "176584", "nonInterestIncome": "None", "otherNonOperatingIncome": "None", "depreciation": "None", "depreciationAndAmortization": "1206641", "incomeBeforeTax": "-2931702", "incomeTaxExpense": "None", "interestAndDebtExpense": "None", "netIncomeFromContinuingOperations": "-2931702", "comprehensiveIncomeNetOfTax": "None", "ebit": "-2755118", "ebitda": "-1548477", "netIncome": "-2931702"}, {"fiscalDateEnding": "2025-06-30", "reportedCurrency": "USD", "grossProfit": "3726", "totalRevenue": "4663", "costOfRevenue": "937", "costofGoodsAndServicesSold": "937", "operatingIncome": "-3745687", "sellingGeneralAndAdministrative": "1837613", "researchAndDevelopment": "1911800", "operatingExpenses": "3749413", "investmentIncomeNet": "None", "netInterestIncome": "-177957", "interestIncome": "None", "interestExpense": "177957", "nonInterestIncome": "None", "otherNonOperatingIncome": "None", "depreciation": "None", "depreciationAndAmortization": "1194172", "incomeBeforeTax": "-4084990", "incomeTaxExpense": "None", "interestAndDebtExpense": "None", "netIncomeFromContinuingOperations": "-4084990", "comprehensiveIncomeNetOfTax": "None", "ebit": "-3907033", "ebitda": "-2712861", "netIncome": "-4084990"}, {"fiscalDateEnding": "2025-03-31", "reportedCurrency": "USD", "grossProfit": "87974", "totalRevenue": "106207", "costOfRevenue": "18233", "costofGoodsAndServicesSold": "18233", "operatingIncome": "-3162871", "sellingGeneralAndAdministrative": "1526761", "researchAndDevelopment": "1724084", "operatingExpenses": "3250845", "investmentIncomeNet": "None", "netInterestIncome": "-180445", "interestIncome": "None", "interestExpense": "180445", "nonInterestIncome": "None", "otherNonOperatingIncome": "None", "depreciation": "None", "depreciationAndAmortization": "1177270", "incomeBeforeTax": "-3286022", "incomeTaxExpense": "None", "interestAndDebtExpense": "None", "netIncomeFromContinuingOperations": "-3286022", "comprehensiveIncomeNetOfTax": "None", "ebit": "-3105581", "ebitda": "-1928311", "netIncome": "-3286022"}, {"fiscalDateEnding": "2024-12-31", "reportedCurrency": "USD", "grossProfit": "79", "totalRevenue": "0", "costOfRevenue": "-79", "costofGoodsAndServicesSold": "-79", "operatingIncome": "-4633555", "sellingGeneralAndAdministrative": "2305359", "researchAndDevelopment": "2328275", "operatingExpenses": "4633634", "investmentIncomeNet": "None", "netInterestIncome": "-184370", "interestIncome": "None", "interestExpense": "184370", "nonInterestIncome": "None", "otherNonOperatingIncome": "None", "depreciation": "None", "depreciationAndAmortization": "1191329", "incomeBeforeTax": "-4653212", "incomeTaxExpense": "800", "interestAndDebtExpense": "None", "netIncomeFromContinuingOperations": "-4654012", "comprehensiveIncomeNetOfTax": "None", "ebit": "-4468842", "ebitda": "-3277513", "netIncome": "-4654012"}, {"fiscalDateEnding": "2024-09-30", "reportedCurrency": "USD", "grossProfit": "-547", "totalRevenue": "0", "costOfRevenue": "547", "costofGoodsAndServicesSold": "547", "operatingIncome": "-3038549", "sellingGeneralAndAdministrative": "1015758", "researchAndDevelopment": "2022244", "operatingExpenses": "3038000", "investmentIncomeNet": "None", "netInterestIncome": "-264642", "interestIncome": "None", "interestExpense": "264642", "nonInterestIncome": "None", "otherNonOperatingIncome": "None", "depreciation": "None", "depreciationAndAmortization": "1211691", "incomeBeforeTax": "-3699317", "incomeTaxExpense": "None", "interestAndDebtExpense": "None", "netIncomeFromContinuingOperations": "-3699317", "comprehensiveIncomeNetOfTax": "None", "ebit": "-3434675", "ebitda": "-2222984", "netIncome": "-3699317"}, {"fiscalDateEnding": "2024-06-30", "reportedCurrency": "USD", "grossProfit": "-25373", "totalRevenue": "0", "costOfRevenue": "25373", "costofGoodsAndServicesSold": "25373", "operatingIncome": "-3049009", "sellingGeneralAndAdministrative": "1044880", "researchAndDevelopment": "1978756", "operatingExpenses": "3023636", "investmentIncomeNet": "None", "netInterestIncome": "-118759", "interestIncome": "None", "interestExpense": "118759", "nonInterestIncome": "None", "otherNonOperatingIncome": "None", "depreciation": "None", "depreciationAndAmortization": "1197587", "incomeBeforeTax": "-3195022", "incomeTaxExpense": "3", "interestAndDebtExpense": "None", "netIncomeFromContinuingOperations": "-3195022", "comprehensiveIncomeNetOfTax": "None", "ebit": "-3076263", "ebitda": "-1878676", "netIncome": "-3195022"}, {"fiscalDateEnding": "2024-03-31", "reportedCurrency": "USD", "grossProfit": "-6025", "totalRevenue": "20729", "costOfRevenue": "26754", "costofGoodsAndServicesSold": "26754", "operatingIncome": "-3120091", "sellingGeneralAndAdministrative": "1029418", "researchAndDevelopment": "2084648", "operatingExpenses": "3114066", "investmentIncomeNet": "None", "netInterestIncome": "-48696", "interestIncome": "None", "interestExpense": "48696", "nonInterestIncome": "None", "otherNonOperatingIncome": "None", "depreciation": "None", "depreciationAndAmortization": "1201109", "incomeBeforeTax": "-3314810", "incomeTaxExpense": "1", "interestAndDebtExpense": "None", "netIncomeFromContinuingOperations": "-3314810", "comprehensiveIncomeNetOfTax": "None", "ebit": "-3266111", "ebitda": "-2065002", "netIncome": "-3314810"}, {"fiscalDateEnding": "2023-12-31", "reportedCurrency": "USD", "grossProfit": "-111403", "totalRevenue": "19904", "costOfRevenue": "131307", "costofGoodsAndServicesSold": "131307", "operatingIncome": "-5701100", "sellingGeneralAndAdministrative": "2094813", "researchAndDevelopment": "2237053", "operatingExpenses": "5589697", "investmentIncomeNet": "None", "netInterestIncome": "-50341", "interestIncome": "None", "interestExpense": "50341", "nonInterestIncome": "None", "otherNonOperatingIncome": "None", "depreciation": "None", "depreciationAndAmortization": "1217311", "incomeBeforeTax": "-5923701", "incomeTaxExpense": "800", "interestAndDebtExpense": "None", "netIncomeFromContinuingOperations": "-5924501", "comprehensiveIncomeNetOfTax": "None", "ebit": "-5891962", "ebitda": "-4674651", "netIncome": "-5924501"}, {"fiscalDateEnding": "2023-09-30", "reportedCurrency": "USD", "grossProfit": "-63384", "totalRevenue": "24489", "costOfRevenue": "87873", "costofGoodsAndServicesSold": "87873", "operatingIncome": "-2675666", "sellingGeneralAndAdministrative": "902017", "researchAndDevelopment": "1710265", "operatingExpenses": "2612282", "investmentIncomeNet": "None", "netInterestIncome": "-44267", "interestIncome": "None", "interestExpense": "44267", "nonInterestIncome": "None", "otherNonOperatingIncome": "None", "depreciation": "None", "depreciationAndAmortization": "1230472", "incomeBeforeTax": "-2975846", "incomeTaxExpense": "49321", "interestAndDebtExpense": "None", "netIncomeFromContinuingOperations": "-2975846", "comprehensiveIncomeNetOfTax": "None", "ebit": "-2670612", "ebitda": "-1440140", "netIncome": "-2975846"}, {"fiscalDateEnding": "2023-06-30", "reportedCurrency": "USD", "grossProfit": "-27262", "totalRevenue": "28555", "costOfRevenue": "55817", "costofGoodsAndServicesSold": "55817", "operatingIncome": "-2316598", "sellingGeneralAndAdministrative": "618149", "researchAndDevelopment": "1671187", "operatingExpenses": "2289336", "investmentIncomeNet": "None", "netInterestIncome": "-40311", "interestIncome": "None", "interestExpense": "40311", "nonInterestIncome": "None", "otherNonOperatingIncome": "None", "depreciation": "None", "depreciationAndAmortization": "1218665", "incomeBeforeTax": "-2349727", "incomeTaxExpense": "47493", "interestAndDebtExpense": "None", "netIncomeFromContinuingOperations": "-2349727", "comprehensiveIncomeNetOfTax": "None", "ebit": "-2309418", "ebitda": "-1090753", "netIncome": "-2349727"}, {"fiscalDateEnding": "2023-03-31", "reportedCurrency": "USD", "grossProfit": "-51684", "totalRevenue": "49164", "costOfRevenue": "100848", "costofGoodsAndServicesSold": "100848", "operatingIncome": "-2513032", "sellingGeneralAndAdministrative": "762465", "researchAndDevelopment": "1698883", "operatingExpenses": "2461348", "investmentIncomeNet": "None", "netInterestIncome": "-9273", "interestIncome": "None", "interestExpense": "9273", "nonInterestIncome": "None", "otherNonOperatingIncome": "None", "depreciation": "None", "depreciationAndAmortization": "1204609", "incomeBeforeTax": "-2520475", "incomeTaxExpense": "16716", "interestAndDebtExpense": "None", "netIncomeFromContinuingOperations": "-2520475", "comprehensiveIncomeNetOfTax": "None", "ebit": "-2511202", "ebitda": "-1306593", "netIncome": "-2520475"}, {"fiscalDateEnding": "2022-12-31", "reportedCurrency": "USD", "grossProfit": "459815", "totalRevenue": "1038025", "costOfRevenue": "578210", "costofGoodsAndServicesSold": "578210", "operatingIncome": "-2126584", "sellingGeneralAndAdministrative": "787531", "researchAndDevelopment": "1798868", "operatingExpenses": "3164609", "investmentIncomeNet": "None", "netInterestIncome": "-8224", "interestIncome": "None", "interestExpense": "8224", "nonInterestIncome": "None", "otherNonOperatingIncome": "None", "depreciation": "None", "depreciationAndAmortization": "None", "incomeBeforeTax": "-2131008", "incomeTaxExpense": "None", "interestAndDebtExpense": "None", "netIncomeFromContinuingOperations": "-2131008", "comprehensiveIncomeNetOfTax": "None", "ebit": "None", "ebitda": "-897436", "netIncome": "-2131008"}, {"fiscalDateEnding": "2022-09-30", "reportedCurrency": "USD", "grossProfit": "581742", "totalRevenue": "1757774", "costOfRevenue": "1176032", "costofGoodsAndServicesSold": "1176032", "operatingIncome": "-7822271", "sellingGeneralAndAdministrative": "6569227", "researchAndDevelopment": "1834786", "operatingExpenses": "8404013", "investmentIncomeNet": "None", "netInterestIncome": "-9821", "interestIncome": "None", "interestExpense": "9821", "nonInterestIncome": "None", "otherNonOperatingIncome": "None", "depreciation": "None", "depreciationAndAmortization": "1229245", "incomeBeforeTax": "-7821756", "incomeTaxExpense": "-515", "interestAndDebtExpense": "None", "netIncomeFromContinuingOperations": "-7821756", "comprehensiveIncomeNetOfTax": "None", "ebit": "-7811931", "ebitda": "-6582686", "netIncome": "-7821241"}, {"fiscalDateEnding": "2022-06-30", "reportedCurrency": "USD", "grossProfit": "317664", "totalRevenue": "636627", "costOfRevenue": "318963", "costofGoodsAndServicesSold": "318963", "operatingIncome": "-1944296", "sellingGeneralAndAdministrative": "627104", "researchAndDevelopment": "1634856", "operatingExpenses": "2261960", "investmentIncomeNet": "None", "netInterestIncome": "-18796", "interestIncome": "None", "interestExpense": "18796", "nonInterestIncome": "None", "otherNonOperatingIncome": "None", "depreciation": "None", "depreciationAndAmortization": "1210062", "incomeBeforeTax": "-1954032", "incomeTaxExpense": "9736", "interestAndDebtExpense": "None", "netIncomeFromContinuingOperations": "-1954032", "comprehensiveIncomeNetOfTax": "None", "ebit": "-1935236", "ebitda": "-725174", "netIncome": "-1963768"}, {"fiscalDateEnding": "2022-03-31", "reportedCurrency": "USD", "grossProfit": "46122", "totalRevenue": "87200", "costOfRevenue": "41078", "costofGoodsAndServicesSold": "41078", "operatingIncome": "-2083062", "sellingGeneralAndAdministrative": "551730", "researchAndDevelopment": "1577454", "operatingExpenses": "2129184", "investmentIncomeNet": "None", "netInterestIncome": "-16687", "interestIncome": "None", "interestExpense": "16687", "nonInterestIncome": "None", "otherNonOperatingIncome": "None", "depreciation": "None", "depreciationAndAmortization": "1168773", "incomeBeforeTax": "-2099895", "incomeTaxExpense": "16833", "interestAndDebtExpense": "None", "netIncomeFromContinuingOperations": "-2099895", "comprehensiveIncomeNetOfTax": "None", "ebit": "-2083212", "ebitda": "-914439", "netIncome": "-2099895"}, {"fiscalDateEnding": "2021-12-31", "reportedCurrency": "USD", "grossProfit": "16613", "totalRevenue": "26399", "costOfRevenue": "9786", "costofGoodsAndServicesSold": "9786", "operatingIncome": "-1435428", "sellingGeneralAndAdministrative": "178194", "researchAndDevelopment": "1273847", "operatingExpenses": "1452041", "investmentIncomeNet": "None", "netInterestIncome": "-9328", "interestIncome": "None", "interestExpense": "9328", "nonInterestIncome": "None", "otherNonOperatingIncome": "None", "depreciation": "None", "depreciationAndAmortization": "865754", "incomeBeforeTax": "-1444756", "incomeTaxExpense": "14", "interestAndDebtExpense": "None", "netIncomeFromContinuingOperations": "-1444771", "comprehensiveIncomeNetOfTax": "None", "ebit": "-1435443", "ebitda": "-569689", "netIncome": "-1444770"}, {"fiscalDateEnding": "2021-09-30", "reportedCurrency": "USD", "grossProfit": "259414", "totalRevenue": "363052", "costOfRevenue": "103638", "costofGoodsAndServicesSold": "103638", "operatingIncome": "-1183342", "sellingGeneralAndAdministrative": "795958", "researchAndDevelopment": "646798", "operatingExpenses": "1442756", "investmentIncomeNet": "None", "netInterestIncome": "23517", "interestIncome": "23517", "interestExpense": "23517", "nonInterestIncome": "None", "otherNonOperatingIncome": "None", "depreciation": "None", "depreciationAndAmortization": "663843", "incomeBeforeTax": "-1160110", "incomeTaxExpense": "-687360", "interestAndDebtExpense": "None", "netIncomeFromContinuingOperations": "-1160110", "comprehensiveIncomeNetOfTax": "None", "ebit": "-1183342", "ebitda": "-519499", "netIncome": "-1160110"}, {"fiscalDateEnding": "2021-06-30", "reportedCurrency": "USD", "grossProfit": "133484", "totalRevenue": "202992", "costOfRevenue": "69508", "costofGoodsAndServicesSold": "69508", "operatingIncome": "-726546", "sellingGeneralAndAdministrative": "860030", "researchAndDevelopment": "0", "operatingExpenses": "860030", "investmentIncomeNet": "None", "netInterestIncome": "-20981", "interestIncome": "None", "interestExpense": "20981", "nonInterestIncome": "None", "otherNonOperatingIncome": "None", "depreciation": "None", "depreciationAndAmortization": "510945", "incomeBeforeTax": "-749774", "incomeTaxExpense": "-489964", "interestAndDebtExpense": "None", "netIncomeFromContinuingOperations": "-749774", "comprehensiveIncomeNetOfTax": "None", "ebit": "-728793", "ebitda": "-217848", "netIncome": "-749774"}, {"fiscalDateEnding": "2021-03-31", "reportedCurrency": "USD", "grossProfit": "872", "totalRevenue": "2121", "costOfRevenue": "1249", "costofGoodsAndServicesSold": "1249", "operatingIncome": "-522109", "sellingGeneralAndAdministrative": "None", "researchAndDevelopment": "None", "operatingExpenses": "522981", "investmentIncomeNet": "None", "netInterestIncome": "None", "interestIncome": "None", "interestExpense": "11897", "nonInterestIncome": "None", "otherNonOperatingIncome": "None", "depreciation": "None", "depreciationAndAmortization": "3905", "incomeBeforeTax": "-534006", "incomeTaxExpense": "-3905", "interestAndDebtExpense": "None", "netIncomeFromContinuingOperations": "None", "comprehensiveIncomeNetOfTax": "None", "ebit": "-522109", "ebitda": "-518204", "netIncome": "-534006"}, {"fiscalDateEnding": "2020-12-31", "reportedCurrency": "USD", "grossProfit": "631", "totalRevenue": "687", "costOfRevenue": "56", "costofGoodsAndServicesSold": "56", "operatingIncome": "-442808", "sellingGeneralAndAdministrative": "None", "researchAndDevelopment": "None", "operatingExpenses": "443439", "investmentIncomeNet": "None", "netInterestIncome": "None", "interestIncome": "None", "interestExpense": "5685", "nonInterestIncome": "None", "otherNonOperatingIncome": "None", "depreciation": "None", "depreciationAndAmortization": "3675", "incomeBeforeTax": "-448493", "incomeTaxExpense": "-3675", "interestAndDebtExpense": "None", "netIncomeFromContinuingOperations": "None", "comprehensiveIncomeNetOfTax": "None", "ebit": "-442808", "ebitda": "-439133", "netIncome": "-448493"}, {"fiscalDateEnding": "2020-09-30", "reportedCurrency": "USD", "grossProfit": "69", "totalRevenue": "192", "costOfRevenue": "123", "costofGoodsAndServicesSold": "123", "operatingIncome": "-321084", "sellingGeneralAndAdministrative": "None", "researchAndDevelopment": "None", "operatingExpenses": "321153", "investmentIncomeNet": "None", "netInterestIncome": "None", "interestIncome": "None", "interestExpense": "2201", "nonInterestIncome": "None", "otherNonOperatingIncome": "None", "depreciation": "None", "depreciationAndAmortization": "5560", "incomeBeforeTax": "-323285", "incomeTaxExpense": "-5560", "interestAndDebtExpense": "None", "netIncomeFromContinuingOperations": "None", "comprehensiveIncomeNetOfTax": "None", "ebit": "-321084", "ebitda": "-315524", "netIncome": "-323285"}, {"fiscalDateEnding": "2020-06-30", "reportedCurrency": "USD", "grossProfit": "192", "totalRevenue": "484", "costOfRevenue": "292", "costofGoodsAndServicesSold": "292", "operatingIncome": "-300669", "sellingGeneralAndAdministrative": "None", "researchAndDevelopment": "389", "operatingExpenses": "300861", "investmentIncomeNet": "None", "netInterestIncome": "None", "interestIncome": "None", "interestExpense": "1297", "nonInterestIncome": "None", "otherNonOperatingIncome": "None", "depreciation": "None", "depreciationAndAmortization": "5560", "incomeBeforeTax": "-301966", "incomeTaxExpense": "-5560", "interestAndDebtExpense": "None", "netIncomeFromContinuingOperations": "None", "comprehensiveIncomeNetOfTax": "None", "ebit": "-300669", "ebitda": "-295109", "netIncome": "-301966"}, {"fiscalDateEnding": "2020-03-31", "reportedCurrency": "USD", "grossProfit": "4394", "totalRevenue": "15200", "costOfRevenue": "10806", "costofGoodsAndServicesSold": "10806", "operatingIncome": "-375874", "sellingGeneralAndAdministrative": "None", "researchAndDevelopment": "None", "operatingExpenses": "380268", "investmentIncomeNet": "None", "netInterestIncome": "None", "interestIncome": "None", "interestExpense": "1005", "nonInterestIncome": "None", "otherNonOperatingIncome": "None", "depreciation": "None", "depreciationAndAmortization": "5560", "incomeBeforeTax": "-376879", "incomeTaxExpense": "-5560", "interestAndDebtExpense": "None", "netIncomeFromContinuingOperations": "None", "comprehensiveIncomeNetOfTax": "None", "ebit": "-375874", "ebitda": "-370314", "netIncome": "-376879"}, {"fiscalDateEnding": "2019-12-31", "reportedCurrency": "USD", "grossProfit": "140", "totalRevenue": "2263", "costOfRevenue": "2123", "costofGoodsAndServicesSold": "2123", "operatingIncome": "-369405", "sellingGeneralAndAdministrative": "None", "researchAndDevelopment": "None", "operatingExpenses": "369545", "investmentIncomeNet": "None", "netInterestIncome": "None", "interestIncome": "None", "interestExpense": "713", "nonInterestIncome": "None", "otherNonOperatingIncome": "None", "depreciation": "None", "depreciationAndAmortization": "5560", "incomeBeforeTax": "-370118", "incomeTaxExpense": "-5560", "interestAndDebtExpense": "None", "netIncomeFromContinuingOperations": "None", "comprehensiveIncomeNetOfTax": "None", "ebit": "-369405", "ebitda": "-363845", "netIncome": "-370118"}, {"fiscalDateEnding": "2019-09-30", "reportedCurrency": "USD", "grossProfit": "1418", "totalRevenue": "4786", "costOfRevenue": "3368", "costofGoodsAndServicesSold": "3368", "operatingIncome": "-365406", "sellingGeneralAndAdministrative": "None", "researchAndDevelopment": "None", "operatingExpenses": "366824", "investmentIncomeNet": "None", "netInterestIncome": "None", "interestIncome": "None", "interestExpense": "809", "nonInterestIncome": "None", "otherNonOperatingIncome": "None", "depreciation": "None", "depreciationAndAmortization": "14049", "incomeBeforeTax": "-366215", "incomeTaxExpense": "-14049", "interestAndDebtExpense": "None", "netIncomeFromContinuingOperations": "None", "comprehensiveIncomeNetOfTax": "None", "ebit": "-379455", "ebitda": "-365406", "netIncome": "-366215"}, {"fiscalDateEnding": "2019-06-30", "reportedCurrency": "USD", "grossProfit": "43", "totalRevenue": "606", "costOfRevenue": "563", "costofGoodsAndServicesSold": "563", "operatingIncome": "-455039", "sellingGeneralAndAdministrative": "None", "researchAndDevelopment": "50124", "operatingExpenses": "455082", "investmentIncomeNet": "None", "netInterestIncome": "None", "interestIncome": "None", "interestExpense": "1522", "nonInterestIncome": "None", "otherNonOperatingIncome": "None", "depreciation": "None", "depreciationAndAmortization": "14049", "incomeBeforeTax": "-453517", "incomeTaxExpense": "-14049", "interestAndDebtExpense": "None", "netIncomeFromContinuingOperations": "None", "comprehensiveIncomeNetOfTax": "None", "ebit": "-469088", "ebitda": "-455039", "netIncome": "-453517"}, {"fiscalDateEnding": "2019-03-31", "reportedCurrency": "USD", "grossProfit": "1358", "totalRevenue": "4076", "costOfRevenue": "2718", "costofGoodsAndServicesSold": "2718", "operatingIncome": "-390504", "sellingGeneralAndAdministrative": "None", "researchAndDevelopment": "2386", "operatingExpenses": "391862", "investmentIncomeNet": "None", "netInterestIncome": "None", "interestIncome": "None", "interestExpense": "885", "nonInterestIncome": "None", "otherNonOperatingIncome": "None", "depreciation": "None", "depreciationAndAmortization": "14049", "incomeBeforeTax": "-391389", "incomeTaxExpense": "-14049", "interestAndDebtExpense": "None", "netIncomeFromContinuingOperations": "None", "comprehensiveIncomeNetOfTax": "None", "ebit": "-404553", "ebitda": "-390504", "netIncome": "-391389"}, {"fiscalDateEnding": "2018-12-31", "reportedCurrency": "USD", "grossProfit": "1936", "totalRevenue": "5976", "costOfRevenue": "4040", "costofGoodsAndServicesSold": "4040", "operatingIncome": "-485631", "sellingGeneralAndAdministrative": "None", "researchAndDevelopment": "None", "operatingExpenses": "487567", "investmentIncomeNet": "None", "netInterestIncome": "None", "interestIncome": "None", "interestExpense": "419", "nonInterestIncome": "None", "otherNonOperatingIncome": "None", "depreciation": "None", "depreciationAndAmortization": "-18321", "incomeBeforeTax": "-486050", "incomeTaxExpense": "18321", "interestAndDebtExpense": "None", "netIncomeFromContinuingOperations": "None", "comprehensiveIncomeNetOfTax": "None", "ebit": "-467310", "ebitda": "-485631", "netIncome": "-504371"}, {"fiscalDateEnding": "2018-09-30", "reportedCurrency": "USD", "grossProfit": "-1883", "totalRevenue": "14908", "costOfRevenue": "16791", "costofGoodsAndServicesSold": "16791", "operatingIncome": "-308848", "sellingGeneralAndAdministrative": "None", "researchAndDevelopment": "None", "operatingExpenses": "306965", "investmentIncomeNet": "None", "netInterestIncome": "None", "interestIncome": "None", "interestExpense": "1191", "nonInterestIncome": "None", "otherNonOperatingIncome": "None", "depreciation": "None", "depreciationAndAmortization": "9998", "incomeBeforeTax": "-310039", "incomeTaxExpense": "-9998", "interestAndDebtExpense": "None", "netIncomeFromContinuingOperations": "None", "comprehensiveIncomeNetOfTax": "None", "ebit": "-318846", "ebitda": "-308848", "netIncome": "-310039"}, {"fiscalDateEnding": "2018-06-30", "reportedCurrency": "USD", "grossProfit": "-457", "totalRevenue": "250", "costOfRevenue": "707", "costofGoodsAndServicesSold": "707", "operatingIncome": "-354139", "sellingGeneralAndAdministrative": "None", "researchAndDevelopment": "None", "operatingExpenses": "353682", "investmentIncomeNet": "None", "netInterestIncome": "None", "interestIncome": "None", "interestExpense": "973", "nonInterestIncome": "None", "otherNonOperatingIncome": "None", "depreciation": "None", "depreciationAndAmortization": "9998", "incomeBeforeTax": "-355112", "incomeTaxExpense": "-23313", "interestAndDebtExpense": "None", "netIncomeFromContinuingOperations": "None", "comprehensiveIncomeNetOfTax": "None", "ebit": "-364137", "ebitda": "-354139", "netIncome": "-331799"}, {"fiscalDateEnding": "2018-03-31", "reportedCurrency": "USD", "grossProfit": "13251", "totalRevenue": "56590", "costOfRevenue": "43339", "costofGoodsAndServicesSold": "43339", "operatingIncome": "-186058", "sellingGeneralAndAdministrative": "78981", "researchAndDevelopment": "None", "operatingExpenses": "199309", "investmentIncomeNet": "None", "netInterestIncome": "None", "interestIncome": "None", "interestExpense": "1380", "nonInterestIncome": "None", "otherNonOperatingIncome": "None", "depreciation": "None", "depreciationAndAmortization": "9998", "incomeBeforeTax": "-187438", "incomeTaxExpense": "4992", "interestAndDebtExpense": "None", "netIncomeFromContinuingOperations": "None", "comprehensiveIncomeNetOfTax": "None", "ebit": "-196056", "ebitda": "-186058", "netIncome": "-192430"}, {"fiscalDateEnding": "2017-12-31", "reportedCurrency": "USD", "grossProfit": "-1089", "totalRevenue": "426", "costOfRevenue": "1515", "costofGoodsAndServicesSold": "1515", "operatingIncome": "-178642", "sellingGeneralAndAdministrative": "None", "researchAndDevelopment": "None", "operatingExpenses": "177553", "investmentIncomeNet": "None", "netInterestIncome": "None", "interestIncome": "None", "interestExpense": "29982", "nonInterestIncome": "None", "otherNonOperatingIncome": "None", "depreciation": "None", "depreciationAndAmortization": "None", "incomeBeforeTax": "-208624", "incomeTaxExpense": "None", "interestAndDebtExpense": "None", "netIncomeFromContinuingOperations": "None", "comprehensiveIncomeNetOfTax": "None", "ebit": "None", "ebitda": "-178642", "netIncome": "-208624"}, {"fiscalDateEnding": "2017-09-30", "reportedCurrency": "USD", "grossProfit": "None", "totalRevenue": "None", "costOfRevenue": "None", "costofGoodsAndServicesSold": "None", "operatingIncome": "-230875", "sellingGeneralAndAdministrative": "32811", "researchAndDevelopment": "None", "operatingExpenses": "230875", "investmentIncomeNet": "None", "netInterestIncome": "None", "interestIncome": "None", "interestExpense": "1929", "nonInterestIncome": "None", "otherNonOperatingIncome": "None", "depreciation": "None", "depreciationAndAmortization": "6489", "incomeBeforeTax": "-232804", "incomeTaxExpense": "-6489", "interestAndDebtExpense": "None", "netIncomeFromContinuingOperations": "None", "comprehensiveIncomeNetOfTax": "None", "ebit": "-237364", "ebitda": "-230875", "netIncome": "-232804"}, {"fiscalDateEnding": "2017-06-30", "reportedCurrency": "USD", "grossProfit": "191701", "totalRevenue": "250502", "costOfRevenue": "58801", "costofGoodsAndServicesSold": "58801", "operatingIncome": "14766", "sellingGeneralAndAdministrative": "27245", "researchAndDevelopment": "None", "operatingExpenses": "176935", "investmentIncomeNet": "None", "netInterestIncome": "None", "interestIncome": "None", "interestExpense": "1742", "nonInterestIncome": "None", "otherNonOperatingIncome": "None", "depreciation": "None", "depreciationAndAmortization": "6489", "incomeBeforeTax": "13024", "incomeTaxExpense": "-6489", "interestAndDebtExpense": "None", "netIncomeFromContinuingOperations": "None", "comprehensiveIncomeNetOfTax": "None", "ebit": "8277", "ebitda": "14766", "netIncome": "13024"}, {"fiscalDateEnding": "2017-03-31", "reportedCurrency": "USD", "grossProfit": "-9500", "totalRevenue": "-4400", "costOfRevenue": "5100", "costofGoodsAndServicesSold": "5100", "operatingIncome": "-185013", "sellingGeneralAndAdministrative": "None", "researchAndDevelopment": "None", "operatingExpenses": "185013", "investmentIncomeNet": "None", "netInterestIncome": "None", "interestIncome": "None", "interestExpense": "3959", "nonInterestIncome": "None", "otherNonOperatingIncome": "None", "depreciation": "None", "depreciationAndAmortization": "6489", "incomeBeforeTax": "-188972", "incomeTaxExpense": "-6489", "interestAndDebtExpense": "None", "netIncomeFromContinuingOperations": "None", "comprehensiveIncomeNetOfTax": "None", "ebit": "-191502", "ebitda": "-185013", "netIncome": "-188972"}, {"fiscalDateEnding": "2016-12-31", "reportedCurrency": "USD", "grossProfit": "700", "totalRevenue": "-4400", "costOfRevenue": "-5100", "costofGoodsAndServicesSold": "-5100", "operatingIncome": "-232235", "sellingGeneralAndAdministrative": "None", "researchAndDevelopment": "None", "operatingExpenses": "232935", "investmentIncomeNet": "None", "netInterestIncome": "None", "interestIncome": "None", "interestExpense": "614", "nonInterestIncome": "None", "otherNonOperatingIncome": "None", "depreciation": "None", "depreciationAndAmortization": "None", "incomeBeforeTax": "-232849", "incomeTaxExpense": "None", "interestAndDebtExpense": "None", "netIncomeFromContinuingOperations": "None", "comprehensiveIncomeNetOfTax": "None", "ebit": "None", "ebitda": "-232235", "netIncome": "-232849"}, {"fiscalDateEnding": "2016-09-30", "reportedCurrency": "USD", "grossProfit": "None", "totalRevenue": "None", "costOfRevenue": "None", "costofGoodsAndServicesSold": "None", "operatingIncome": "-178470", "sellingGeneralAndAdministrative": "None", "researchAndDevelopment": "None", "operatingExpenses": "178470", "investmentIncomeNet": "None", "netInterestIncome": "None", "interestIncome": "None", "interestExpense": "798", "nonInterestIncome": "None", "otherNonOperatingIncome": "None", "depreciation": "None", "depreciationAndAmortization": "4943", "incomeBeforeTax": "-179268", "incomeTaxExpense": "-4943", "interestAndDebtExpense": "None", "netIncomeFromContinuingOperations": "None", "comprehensiveIncomeNetOfTax": "None", "ebit": "-183413", "ebitda": "-178470", "netIncome": "-179268"}, {"fiscalDateEnding": "2016-06-30", "reportedCurrency": "USD", "grossProfit": "2016", "totalRevenue": "2016", "costOfRevenue": "None", "costofGoodsAndServicesSold": "None", "operatingIncome": "-135127", "sellingGeneralAndAdministrative": "None", "researchAndDevelopment": "None", "operatingExpenses": "135127", "investmentIncomeNet": "None", "netInterestIncome": "None", "interestIncome": "None", "interestExpense": "1097", "nonInterestIncome": "None", "otherNonOperatingIncome": "None", "depreciation": "None", "depreciationAndAmortization": "4943", "incomeBeforeTax": "-136224", "incomeTaxExpense": "-4943", "interestAndDebtExpense": "None", "netIncomeFromContinuingOperations": "None", "comprehensiveIncomeNetOfTax": "None", "ebit": "-140070", "ebitda": "-135127", "netIncome": "-136224"}, {"fiscalDateEnding": "2016-03-31", "reportedCurrency": "USD", "grossProfit": "-700", "totalRevenue": "4400", "costOfRevenue": "5100", "costofGoodsAndServicesSold": "5100", "operatingIncome": "-121279", "sellingGeneralAndAdministrative": "None", "researchAndDevelopment": "None", "operatingExpenses": "120579", "investmentIncomeNet": "None", "netInterestIncome": "None", "interestIncome": "None", "interestExpense": "362", "nonInterestIncome": "None", "otherNonOperatingIncome": "None", "depreciation": "None", "depreciationAndAmortization": "4943", "incomeBeforeTax": "-121641", "incomeTaxExpense": "-4943", "interestAndDebtExpense": "None", "netIncomeFromContinuingOperations": "None", "comprehensiveIncomeNetOfTax": "None", "ebit": "-126222", "ebitda": "-121279", "netIncome": "-121641"}, {"fiscalDateEnding": "2015-12-31", "reportedCurrency": "USD", "grossProfit": "1975", "totalRevenue": "1975", "costOfRevenue": "None", "costofGoodsAndServicesSold": "None", "operatingIncome": "-192348", "sellingGeneralAndAdministrative": "None", "researchAndDevelopment": "None", "operatingExpenses": "194323", "investmentIncomeNet": "None", "netInterestIncome": "None", "interestIncome": "None", "interestExpense": "439", "nonInterestIncome": "None", "otherNonOperatingIncome": "None", "depreciation": "None", "depreciationAndAmortization": "4943", "incomeBeforeTax": "-192787", "incomeTaxExpense": "-4943", "interestAndDebtExpense": "None", "netIncomeFromContinuingOperations": "None", "comprehensiveIncomeNetOfTax": "None", "ebit": "-197291", "ebitda": "-192348", "netIncome": "-192787"}, {"fiscalDateEnding": "2015-09-30", "reportedCurrency": "USD", "grossProfit": "None", "totalRevenue": "None", "costOfRevenue": "None", "costofGoodsAndServicesSold": "None", "operatingIncome": "-113552", "sellingGeneralAndAdministrative": "None", "researchAndDevelopment": "None", "operatingExpenses": "113552", "investmentIncomeNet": "None", "netInterestIncome": "None", "interestIncome": "None", "interestExpense": "596", "nonInterestIncome": "None", "otherNonOperatingIncome": "None", "depreciation": "None", "depreciationAndAmortization": "4385", "incomeBeforeTax": "-114148", "incomeTaxExpense": "-4385", "interestAndDebtExpense": "None", "netIncomeFromContinuingOperations": "None", "comprehensiveIncomeNetOfTax": "None", "ebit": "-113552", "ebitda": "-109167", "netIncome": "-114148"}, {"fiscalDateEnding": "2015-06-30", "reportedCurrency": "USD", "grossProfit": "None", "totalRevenue": "None", "costOfRevenue": "None", "costofGoodsAndServicesSold": "None", "operatingIncome": "-102103", "sellingGeneralAndAdministrative": "None", "researchAndDevelopment": "None", "operatingExpenses": "102103", "investmentIncomeNet": "None", "netInterestIncome": "None", "interestIncome": "None", "interestExpense": "746", "nonInterestIncome": "None", "otherNonOperatingIncome": "None", "depreciation": "None", "depreciationAndAmortization": "4385", "incomeBeforeTax": "-102849", "incomeTaxExpense": "-4385", "interestAndDebtExpense": "None", "netIncomeFromContinuingOperations": "None", "comprehensiveIncomeNetOfTax": "None", "ebit": "-102103", "ebitda": "-97718", "netIncome": "-102849"}, {"fiscalDateEnding": "2015-03-31", "reportedCurrency": "USD", "grossProfit": "None", "totalRevenue": "None", "costOfRevenue": "None", "costofGoodsAndServicesSold": "None", "operatingIncome": "-111818", "sellingGeneralAndAdministrative": "None", "researchAndDevelopment": "117692", "operatingExpenses": "111818", "investmentIncomeNet": "None", "netInterestIncome": "None", "interestIncome": "None", "interestExpense": "271", "nonInterestIncome": "None", "otherNonOperatingIncome": "None", "depreciation": "None", "depreciationAndAmortization": "4385", "incomeBeforeTax": "-112089", "incomeTaxExpense": "4588", "interestAndDebtExpense": "None", "netIncomeFromContinuingOperations": "None", "comprehensiveIncomeNetOfTax": "None", "ebit": "-111818", "ebitda": "-107433", "netIncome": "-112089"}, {"fiscalDateEnding": "2014-09-30", "reportedCurrency": "USD", "grossProfit": "None", "totalRevenue": "None", "costOfRevenue": "None", "costofGoodsAndServicesSold": "None", "operatingIncome": "-103747", "sellingGeneralAndAdministrative": "None", "researchAndDevelopment": "33659", "operatingExpenses": "103747", "investmentIncomeNet": "None", "netInterestIncome": "None", "interestIncome": "None", "interestExpense": "590", "nonInterestIncome": "None", "otherNonOperatingIncome": "None", "depreciation": "None", "depreciationAndAmortization": "4030", "incomeBeforeTax": "-104337", "incomeTaxExpense": "-4030", "interestAndDebtExpense": "None", "netIncomeFromContinuingOperations": "None", "comprehensiveIncomeNetOfTax": "None", "ebit": "-103747", "ebitda": "-99717", "netIncome": "-104337"}, {"fiscalDateEnding": "2014-06-30", "reportedCurrency": "USD", "grossProfit": "None", "totalRevenue": "None", "costOfRevenue": "None", "costofGoodsAndServicesSold": "None", "operatingIncome": "-186203", "sellingGeneralAndAdministrative": "None", "researchAndDevelopment": "37662", "operatingExpenses": "186203", "investmentIncomeNet": "None", "netInterestIncome": "None", "interestIncome": "None", "interestExpense": "684", "nonInterestIncome": "None", "otherNonOperatingIncome": "None", "depreciation": "None", "depreciationAndAmortization": "4030", "incomeBeforeTax": "-186887", "incomeTaxExpense": "-4030", "interestAndDebtExpense": "None", "netIncomeFromContinuingOperations": "None", "comprehensiveIncomeNetOfTax": "None", "ebit": "-186203", "ebitda": "-182173", "netIncome": "-186887"}, {"fiscalDateEnding": "2014-03-31", "reportedCurrency": "USD", "grossProfit": "None", "totalRevenue": "None", "costOfRevenue": "None", "costofGoodsAndServicesSold": "None", "operatingIncome": "-175014", "sellingGeneralAndAdministrative": "None", "researchAndDevelopment": "15270", "operatingExpenses": "175014", "investmentIncomeNet": "None", "netInterestIncome": "None", "interestIncome": "None", "interestExpense": "46", "nonInterestIncome": "None", "otherNonOperatingIncome": "None", "depreciation": "None", "depreciationAndAmortization": "4030", "incomeBeforeTax": "-175060", "incomeTaxExpense": "-115553", "interestAndDebtExpense": "None", "netIncomeFromContinuingOperations": "None", "comprehensiveIncomeNetOfTax": "None", "ebit": "-175014", "ebitda": "-170984", "netIncome": "-175060"}, {"fiscalDateEnding": "2013-12-31", "reportedCurrency": "USD", "grossProfit": "None", "totalRevenue": "None", "costOfRevenue": "None", "costofGoodsAndServicesSold": "None", "operatingIncome": "-158124", "sellingGeneralAndAdministrative": "None", "researchAndDevelopment": "27512", "operatingExpenses": "158124", "investmentIncomeNet": "None", "netInterestIncome": "None", "interestIncome": "None", "interestExpense": "11957", "nonInterestIncome": "None", "otherNonOperatingIncome": "None", "depreciation": "None", "depreciationAndAmortization": "42702", "incomeBeforeTax": "-127379", "incomeTaxExpense": "127379", "interestAndDebtExpense": "None", "netIncomeFromContinuingOperations": "None", "comprehensiveIncomeNetOfTax": "None", "ebit": "-196609", "ebitda": "-153907", "netIncome": "-127379"}, {"fiscalDateEnding": "2013-09-30", "reportedCurrency": "USD", "grossProfit": "30", "totalRevenue": "50", "costOfRevenue": "20", "costofGoodsAndServicesSold": "20", "operatingIncome": "-84452", "sellingGeneralAndAdministrative": "None", "researchAndDevelopment": "33659", "operatingExpenses": "84452", "investmentIncomeNet": "None", "netInterestIncome": "None", "interestIncome": "None", "interestExpense": "31101", "nonInterestIncome": "None", "otherNonOperatingIncome": "None", "depreciation": "None", "depreciationAndAmortization": "3893", "incomeBeforeTax": "-146775", "incomeTaxExpense": "-31222", "interestAndDebtExpense": "None", "netIncomeFromContinuingOperations": "None", "comprehensiveIncomeNetOfTax": "None", "ebit": "-84452", "ebitda": "-80559", "netIncome": "-115553"}, {"fiscalDateEnding": "2013-06-30", "reportedCurrency": "USD", "grossProfit": "144", "totalRevenue": "240", "costOfRevenue": "96", "costofGoodsAndServicesSold": "96", "operatingIncome": "-162288", "sellingGeneralAndAdministrative": "None", "researchAndDevelopment": "37662", "operatingExpenses": "162288", "investmentIncomeNet": "None", "netInterestIncome": "None", "interestIncome": "None", "interestExpense": "30825", "nonInterestIncome": "None", "otherNonOperatingIncome": "None", "depreciation": "None", "depreciationAndAmortization": "3893", "incomeBeforeTax": "-193113", "incomeTaxExpense": "-3893", "interestAndDebtExpense": "None", "netIncomeFromContinuingOperations": "None", "comprehensiveIncomeNetOfTax": "None", "ebit": "-162288", "ebitda": "-158395", "netIncome": "-193113"}, {"fiscalDateEnding": "2013-03-31", "reportedCurrency": "USD", "grossProfit": "None", "totalRevenue": "None", "costOfRevenue": "None", "costofGoodsAndServicesSold": "None", "operatingIncome": "-161291", "sellingGeneralAndAdministrative": "None", "researchAndDevelopment": "34129", "operatingExpenses": "161291", "investmentIncomeNet": "None", "netInterestIncome": "None", "interestIncome": "None", "interestExpense": "29483", "nonInterestIncome": "None", "otherNonOperatingIncome": "None", "depreciation": "None", "depreciationAndAmortization": "3893", "incomeBeforeTax": "-186557", "incomeTaxExpense": "25590", "interestAndDebtExpense": "None", "netIncomeFromContinuingOperations": "None", "comprehensiveIncomeNetOfTax": "None", "ebit": "-161291", "ebitda": "-157398", "netIncome": "-186557"}, {"fiscalDateEnding": "2012-12-31", "reportedCurrency": "USD", "grossProfit": "None", "totalRevenue": "None", "costOfRevenue": "None", "costofGoodsAndServicesSold": "None", "operatingIncome": "-119564", "sellingGeneralAndAdministrative": "None", "researchAndDevelopment": "44149", "operatingExpenses": "119564", "investmentIncomeNet": "None", "netInterestIncome": "None", "interestIncome": "None", "interestExpense": "26113", "nonInterestIncome": "None", "otherNonOperatingIncome": "None", "depreciation": "None", "depreciationAndAmortization": "6346", "incomeBeforeTax": "-139331", "incomeTaxExpense": "-6346", "interestAndDebtExpense": "None", "netIncomeFromContinuingOperations": "None", "comprehensiveIncomeNetOfTax": "None", "ebit": "-125910", "ebitda": "-119564", "netIncome": "-139331"}, {"fiscalDateEnding": "2012-09-30", "reportedCurrency": "USD", "grossProfit": "30", "totalRevenue": "50", "costOfRevenue": "20", "costofGoodsAndServicesSold": "20", "operatingIncome": "-131605", "sellingGeneralAndAdministrative": "None", "researchAndDevelopment": "70809", "operatingExpenses": "131635", "investmentIncomeNet": "None", "netInterestIncome": "None", "interestIncome": "None", "interestExpense": "30266", "nonInterestIncome": "None", "otherNonOperatingIncome": "None", "depreciation": "None", "depreciationAndAmortization": "4149", "incomeBeforeTax": "-146775", "incomeTaxExpense": "26117", "interestAndDebtExpense": "None", "netIncomeFromContinuingOperations": "None", "comprehensiveIncomeNetOfTax": "None", "ebit": "-135754", "ebitda": "-131605", "netIncome": "-146775"}, {"fiscalDateEnding": "2012-06-30", "reportedCurrency": "USD", "grossProfit": "144", "totalRevenue": "240", "costOfRevenue": "96", "costofGoodsAndServicesSold": "96", "operatingIncome": "-145396", "sellingGeneralAndAdministrative": "None", "researchAndDevelopment": "88750", "operatingExpenses": "145540", "investmentIncomeNet": "None", "netInterestIncome": "None", "interestIncome": "None", "interestExpense": "29516", "nonInterestIncome": "None", "otherNonOperatingIncome": "None", "depreciation": "None", "depreciationAndAmortization": "46285", "incomeBeforeTax": "-128627", "incomeTaxExpense": "-46285", "interestAndDebtExpense": "None", "netIncomeFromContinuingOperations": "None", "comprehensiveIncomeNetOfTax": "None", "ebit": "-191681", "ebitda": "-145396", "netIncome": "-128627"}, {"fiscalDateEnding": "2012-03-31", "reportedCurrency": "USD", "grossProfit": "144", "totalRevenue": "240", "costOfRevenue": "96", "costofGoodsAndServicesSold": "96", "operatingIncome": "-158043", "sellingGeneralAndAdministrative": "None", "researchAndDevelopment": "84189", "operatingExpenses": "158187", "investmentIncomeNet": "None", "netInterestIncome": "None", "interestIncome": "None", "interestExpense": "69660", "nonInterestIncome": "None", "otherNonOperatingIncome": "None", "depreciation": "None", "depreciationAndAmortization": "-9122", "incomeBeforeTax": "-236114", "incomeTaxExpense": "-534807", "interestAndDebtExpense": "None", "netIncomeFromContinuingOperations": "None", "comprehensiveIncomeNetOfTax": "None", "ebit": "-140250", "ebitda": "-158043", "netIncome": "-236114"}, {"fiscalDateEnding": "2011-12-31", "reportedCurrency": "USD", "grossProfit": "217", "totalRevenue": "360", "costOfRevenue": "143", "costofGoodsAndServicesSold": "143", "operatingIncome": "-193197", "sellingGeneralAndAdministrative": "None", "researchAndDevelopment": "12785", "operatingExpenses": "193414", "investmentIncomeNet": "None", "netInterestIncome": "None", "interestIncome": "None", "interestExpense": "89710", "nonInterestIncome": "None", "otherNonOperatingIncome": "None", "depreciation": "None", "depreciationAndAmortization": "52497", "incomeBeforeTax": "-230410", "incomeTaxExpense": "230410", "interestAndDebtExpense": "None", "netIncomeFromContinuingOperations": "None", "comprehensiveIncomeNetOfTax": "None", "ebit": "-254816", "ebitda": "-202319", "netIncome": "-230410"}, {"fiscalDateEnding": "2011-09-30", "reportedCurrency": "USD", "grossProfit": "50288", "totalRevenue": "50480", "costOfRevenue": "192", "costofGoodsAndServicesSold": "192", "operatingIncome": "-464270", "sellingGeneralAndAdministrative": "None", "researchAndDevelopment": "88093", "operatingExpenses": "514558", "investmentIncomeNet": "None", "netInterestIncome": "None", "interestIncome": "None", "interestExpense": "60583", "nonInterestIncome": "None", "otherNonOperatingIncome": "None", "depreciation": "None", "depreciationAndAmortization": "9954", "incomeBeforeTax": "-534807", "incomeTaxExpense": "60583", "interestAndDebtExpense": "None", "netIncomeFromContinuingOperations": "None", "comprehensiveIncomeNetOfTax": "None", "ebit": "-474224", "ebitda": "-464270", "netIncome": "-534807"}, {"fiscalDateEnding": "2011-06-30", "reportedCurrency": "USD", "grossProfit": "2247", "totalRevenue": "4835", "costOfRevenue": "2588", "costofGoodsAndServicesSold": "2588", "operatingIncome": "-291533", "sellingGeneralAndAdministrative": "None", "researchAndDevelopment": "93284", "operatingExpenses": "293780", "investmentIncomeNet": "None", "netInterestIncome": "None", "interestIncome": "None", "interestExpense": "38362", "nonInterestIncome": "None", "otherNonOperatingIncome": "None", "depreciation": "None", "depreciationAndAmortization": "150", "incomeBeforeTax": "-328303", "incomeTaxExpense": "38212", "interestAndDebtExpense": "None", "netIncomeFromContinuingOperations": "None", "comprehensiveIncomeNetOfTax": "None", "ebit": "-291533", "ebitda": "-291383", "netIncome": "-328303"}, {"fiscalDateEnding": "2011-03-31", "reportedCurrency": "USD", "grossProfit": "1289", "totalRevenue": "2720", "costOfRevenue": "1431", "costofGoodsAndServicesSold": "1431", "operatingIncome": "-196880", "sellingGeneralAndAdministrative": "None", "researchAndDevelopment": "86945", "operatingExpenses": "198169", "investmentIncomeNet": "None", "netInterestIncome": "None", "interestIncome": "None", "interestExpense": "23063", "nonInterestIncome": "None", "otherNonOperatingIncome": "None", "depreciation": "None", "depreciationAndAmortization": "300", "incomeBeforeTax": "-220253", "incomeTaxExpense": "68537", "interestAndDebtExpense": "None", "netIncomeFromContinuingOperations": "None", "comprehensiveIncomeNetOfTax": "None", "ebit": "-197180", "ebitda": "-196880", "netIncome": "-220253"}, {"fiscalDateEnding": "2010-12-31", "reportedCurrency": "USD", "grossProfit": "1432", "totalRevenue": "3775", "costOfRevenue": "2343", "costofGoodsAndServicesSold": "2343", "operatingIncome": "-774283", "sellingGeneralAndAdministrative": "None", "researchAndDevelopment": "331089", "operatingExpenses": "775715", "investmentIncomeNet": "None", "netInterestIncome": "None", "interestIncome": "None", "interestExpense": "69777", "nonInterestIncome": "None", "otherNonOperatingIncome": "None", "depreciation": "None", "depreciationAndAmortization": "1521021", "incomeBeforeTax": "676961", "incomeTaxExpense": "-676961", "interestAndDebtExpense": "None", "netIncomeFromContinuingOperations": "None", "comprehensiveIncomeNetOfTax": "None", "ebit": "-3963640", "ebitda": "-2442619", "netIncome": "676961"}, {"fiscalDateEnding": "2010-09-30", "reportedCurrency": "USD", "grossProfit": "1800", "totalRevenue": "4495", "costOfRevenue": "2695", "costofGoodsAndServicesSold": "2695", "operatingIncome": "-805691", "sellingGeneralAndAdministrative": "None", "researchAndDevelopment": "301386", "operatingExpenses": "807491", "investmentIncomeNet": "None", "netInterestIncome": "None", "interestIncome": "None", "interestExpense": "70517", "nonInterestIncome": "None", "otherNonOperatingIncome": "None", "depreciation": "None", "depreciationAndAmortization": "140", "incomeBeforeTax": "120277", "incomeTaxExpense": "70377", "interestAndDebtExpense": "None", "netIncomeFromContinuingOperations": "None", "comprehensiveIncomeNetOfTax": "None", "ebit": "-295171", "ebitda": "-295031", "netIncome": "120277"}, {"fiscalDateEnding": "2010-06-30", "reportedCurrency": "USD", "grossProfit": "986", "totalRevenue": "3024", "costOfRevenue": "2038", "costofGoodsAndServicesSold": "2038", "operatingIncome": "-234248", "sellingGeneralAndAdministrative": "None", "researchAndDevelopment": "97831", "operatingExpenses": "235234", "investmentIncomeNet": "None", "netInterestIncome": "None", "interestIncome": "None", "interestExpense": "23575", "nonInterestIncome": "None", "otherNonOperatingIncome": "None", "depreciation": "None", "depreciationAndAmortization": "140", "incomeBeforeTax": "526373", "incomeTaxExpense": "23435", "interestAndDebtExpense": "None", "netIncomeFromContinuingOperations": "None", "comprehensiveIncomeNetOfTax": "None", "ebit": "-234248", "ebitda": "-234108", "netIncome": "526373"}, {"fiscalDateEnding": "2010-03-31", "reportedCurrency": "USD", "grossProfit": "39", "totalRevenue": "96", "costOfRevenue": "57", "costofGoodsAndServicesSold": "57", "operatingIncome": "-276411", "sellingGeneralAndAdministrative": "None", "researchAndDevelopment": "101288", "operatingExpenses": "276450", "investmentIncomeNet": "None", "netInterestIncome": "None", "interestIncome": "None", "interestExpense": "22769", "nonInterestIncome": "None", "otherNonOperatingIncome": "None", "depreciation": "None", "depreciationAndAmortization": "-1496252", "incomeBeforeTax": "-235447", "incomeTaxExpense": "-4085628", "interestAndDebtExpense": "None", "netIncomeFromContinuingOperations": "None", "comprehensiveIncomeNetOfTax": "None", "ebit": "-358084", "ebitda": "-276411", "netIncome": "-235447"}, {"fiscalDateEnding": "2009-12-31", "reportedCurrency": "USD", "grossProfit": "1866", "totalRevenue": "3195", "costOfRevenue": "1329", "costofGoodsAndServicesSold": "1329", "operatingIncome": "-358084", "sellingGeneralAndAdministrative": "None", "researchAndDevelopment": "74820", "operatingExpenses": "359950", "investmentIncomeNet": "None", "netInterestIncome": "None", "interestIncome": "None", "interestExpense": "23753", "nonInterestIncome": "None", "otherNonOperatingIncome": "None", "depreciation": "None", "depreciationAndAmortization": "1496258", "incomeBeforeTax": "1114421", "incomeTaxExpense": "-1114421", "interestAndDebtExpense": "None", "netIncomeFromContinuingOperations": "None", "comprehensiveIncomeNetOfTax": "None", "ebit": "-3350594", "ebitda": "-1854336", "netIncome": "1114421"}, {"fiscalDateEnding": "2009-09-30", "reportedCurrency": "USD", "grossProfit": "24006", "totalRevenue": "48036", "costOfRevenue": "24030", "costofGoodsAndServicesSold": "24030", "operatingIncome": "-321510", "sellingGeneralAndAdministrative": "None", "researchAndDevelopment": "110032", "operatingExpenses": "345516", "investmentIncomeNet": "None", "netInterestIncome": "None", "interestIncome": "None", "interestExpense": "23697", "nonInterestIncome": "None", "otherNonOperatingIncome": "None", "depreciation": "None", "depreciationAndAmortization": "744913", "incomeBeforeTax": "-1090120", "incomeTaxExpense": "23697", "interestAndDebtExpense": "None", "netIncomeFromContinuingOperations": "None", "comprehensiveIncomeNetOfTax": "None", "ebit": "-321510", "ebitda": "423403", "netIncome": "-1090120"}, {"fiscalDateEnding": "2009-06-30", "reportedCurrency": "USD", "grossProfit": "74", "totalRevenue": "109", "costOfRevenue": "35", "costofGoodsAndServicesSold": "35", "operatingIncome": "-543476", "sellingGeneralAndAdministrative": "None", "researchAndDevelopment": "108986", "operatingExpenses": "543550", "investmentIncomeNet": "None", "netInterestIncome": "None", "interestIncome": "None", "interestExpense": "22855", "nonInterestIncome": "None", "otherNonOperatingIncome": "None", "depreciation": "None", "depreciationAndAmortization": "1867012", "incomeBeforeTax": "-2431912", "incomeTaxExpense": "21424", "interestAndDebtExpense": "None", "netIncomeFromContinuingOperations": "None", "comprehensiveIncomeNetOfTax": "None", "ebit": "-2410488", "ebitda": "-543476", "netIncome": "-2431912"}, {"fiscalDateEnding": "2009-03-31", "reportedCurrency": "USD", "grossProfit": "498", "totalRevenue": "914", "costOfRevenue": "416", "costofGoodsAndServicesSold": "416", "operatingIncome": "-417977", "sellingGeneralAndAdministrative": "None", "researchAndDevelopment": "170951", "operatingExpenses": "418475", "investmentIncomeNet": "None", "netInterestIncome": "None", "interestIncome": "None", "interestExpense": "22855", "nonInterestIncome": "None", "otherNonOperatingIncome": "None", "depreciation": "None", "depreciationAndAmortization": "124724", "incomeBeforeTax": "-563596", "incomeTaxExpense": "20895", "interestAndDebtExpense": "None", "netIncomeFromContinuingOperations": "None", "comprehensiveIncomeNetOfTax": "None", "ebit": "-542701", "ebitda": "-417977", "netIncome": "-563596"}, {"fiscalDateEnding": "2008-12-31", "reportedCurrency": "USD", "grossProfit": "-5757", "totalRevenue": "48318", "costOfRevenue": "54075", "costofGoodsAndServicesSold": "54075", "operatingIncome": "-394643", "sellingGeneralAndAdministrative": "None", "researchAndDevelopment": "137889", "operatingExpenses": "388886", "investmentIncomeNet": "None", "netInterestIncome": "None", "interestIncome": "None", "interestExpense": "23911", "nonInterestIncome": "None", "otherNonOperatingIncome": "None", "depreciation": "None", "depreciationAndAmortization": "-20481", "incomeBeforeTax": "-1923067", "incomeTaxExpense": "-1507944", "interestAndDebtExpense": "None", "netIncomeFromContinuingOperations": "None", "comprehensiveIncomeNetOfTax": "None", "ebit": "-374162", "ebitda": "-394643", "netIncome": "-415124"}, {"fiscalDateEnding": "2008-09-30", "reportedCurrency": "USD", "grossProfit": "30130", "totalRevenue": "30234", "costOfRevenue": "104", "costofGoodsAndServicesSold": "104", "operatingIncome": "-308372", "sellingGeneralAndAdministrative": "None", "researchAndDevelopment": "42398", "operatingExpenses": "338502", "investmentIncomeNet": "None", "netInterestIncome": "None", "interestIncome": "None", "interestExpense": "23568", "nonInterestIncome": "None", "otherNonOperatingIncome": "None", "depreciation": "None", "depreciationAndAmortization": "-23568", "incomeBeforeTax": "-331940", "incomeTaxExpense": "331940", "interestAndDebtExpense": "None", "netIncomeFromContinuingOperations": "None", "comprehensiveIncomeNetOfTax": "None", "ebit": "-284804", "ebitda": "-308372", "netIncome": "-331940"}, {"fiscalDateEnding": "2008-06-30", "reportedCurrency": "USD", "grossProfit": "30260", "totalRevenue": "30396", "costOfRevenue": "136", "costofGoodsAndServicesSold": "136", "operatingIncome": "-514755", "sellingGeneralAndAdministrative": "None", "researchAndDevelopment": "129724", "operatingExpenses": "545015", "investmentIncomeNet": "None", "netInterestIncome": "None", "interestIncome": "None", "interestExpense": "22482", "nonInterestIncome": "None", "otherNonOperatingIncome": "None", "depreciation": "None", "depreciationAndAmortization": "-21157", "incomeBeforeTax": "-535912", "incomeTaxExpense": "535912", "interestAndDebtExpense": "None", "netIncomeFromContinuingOperations": "None", "comprehensiveIncomeNetOfTax": "None", "ebit": "-493598", "ebitda": "-514755", "netIncome": "-535912"}, {"fiscalDateEnding": "2008-03-31", "reportedCurrency": "USD", "grossProfit": "587", "totalRevenue": "888", "costOfRevenue": "301", "costofGoodsAndServicesSold": "301", "operatingIncome": "-618989", "sellingGeneralAndAdministrative": "None", "researchAndDevelopment": "215892", "operatingExpenses": "619576", "investmentIncomeNet": "None", "netInterestIncome": "None", "interestIncome": "None", "interestExpense": "22474", "nonInterestIncome": "None", "otherNonOperatingIncome": "None", "depreciation": "None", "depreciationAndAmortization": "-21103", "incomeBeforeTax": "-640092", "incomeTaxExpense": "640092", "interestAndDebtExpense": "None", "netIncomeFromContinuingOperations": "None", "comprehensiveIncomeNetOfTax": "None", "ebit": "-597886", "ebitda": "-618989", "netIncome": "-640092"}, {"fiscalDateEnding": "2007-12-31", "reportedCurrency": "USD", "grossProfit": "28595", "totalRevenue": "11404", "costOfRevenue": "-17191", "costofGoodsAndServicesSold": "-17191", "operatingIncome": "-2488385", "sellingGeneralAndAdministrative": "None", "researchAndDevelopment": "287624", "operatingExpenses": "1133219", "investmentIncomeNet": "None", "netInterestIncome": "None", "interestIncome": "None", "interestExpense": "113084", "nonInterestIncome": "None", "otherNonOperatingIncome": "None", "depreciation": "None", "depreciationAndAmortization": "None", "incomeBeforeTax": "-2506073", "incomeTaxExpense": "-1983333", "interestAndDebtExpense": "None", "netIncomeFromContinuingOperations": "None", "comprehensiveIncomeNetOfTax": "None", "ebit": "None", "ebitda": "-2488385", "netIncome": "-522740"}, {"fiscalDateEnding": "2007-09-30", "reportedCurrency": "USD", "grossProfit": "17313", "totalRevenue": "17517", "costOfRevenue": "204", "costofGoodsAndServicesSold": "204", "operatingIncome": "17517", "sellingGeneralAndAdministrative": "None", "researchAndDevelopment": "141351", "operatingExpenses": "693339", "investmentIncomeNet": "None", "netInterestIncome": "None", "interestIncome": "None", "interestExpense": "22898", "nonInterestIncome": "None", "otherNonOperatingIncome": "None", "depreciation": "None", "depreciationAndAmortization": "-644035", "incomeBeforeTax": "-715658", "incomeTaxExpense": "-89140", "interestAndDebtExpense": "None", "netIncomeFromContinuingOperations": "None", "comprehensiveIncomeNetOfTax": "None", "ebit": "661552", "ebitda": "17517", "netIncome": "-626518"}, {"fiscalDateEnding": "2007-06-30", "reportedCurrency": "USD", "grossProfit": "428", "totalRevenue": "614", "costOfRevenue": "186", "costofGoodsAndServicesSold": "186", "operatingIncome": "-590151", "sellingGeneralAndAdministrative": "None", "researchAndDevelopment": "112231", "operatingExpenses": "590579", "investmentIncomeNet": "None", "netInterestIncome": "None", "interestIncome": "None", "interestExpense": "22436", "nonInterestIncome": "None", "otherNonOperatingIncome": "None", "depreciation": "None", "depreciationAndAmortization": "-21458", "incomeBeforeTax": "-611609", "incomeTaxExpense": "611609", "interestAndDebtExpense": "None", "netIncomeFromContinuingOperations": "None", "comprehensiveIncomeNetOfTax": "None", "ebit": "-568693", "ebitda": "-590151", "netIncome": "-611609"}, {"fiscalDateEnding": "2007-03-31", "reportedCurrency": "USD", "grossProfit": "40366", "totalRevenue": "40534", "costOfRevenue": "168", "costofGoodsAndServicesSold": "168", "operatingIncome": "-724221", "sellingGeneralAndAdministrative": "None", "researchAndDevelopment": "131012", "operatingExpenses": "764587", "investmentIncomeNet": "None", "netInterestIncome": "None", "interestIncome": "None", "interestExpense": "22238", "nonInterestIncome": "None", "otherNonOperatingIncome": "None", "depreciation": "None", "depreciationAndAmortization": "-20985", "incomeBeforeTax": "-745206", "incomeTaxExpense": "745206", "interestAndDebtExpense": "None", "netIncomeFromContinuingOperations": "None", "comprehensiveIncomeNetOfTax": "None", "ebit": "-703236", "ebitda": "-724221", "netIncome": "-745206"}, {"fiscalDateEnding": "2006-12-31", "reportedCurrency": "USD", "grossProfit": "40807", "totalRevenue": "41065", "costOfRevenue": "258", "costofGoodsAndServicesSold": "258", "operatingIncome": "-478139", "sellingGeneralAndAdministrative": "None", "researchAndDevelopment": "104769", "operatingExpenses": "518946", "investmentIncomeNet": "None", "netInterestIncome": "None", "interestIncome": "None", "interestExpense": "22956", "nonInterestIncome": "None", "otherNonOperatingIncome": "None", "depreciation": "None", "depreciationAndAmortization": "-19327", "incomeBeforeTax": "-2777661", "incomeTaxExpense": "-2344516", "interestAndDebtExpense": "None", "netIncomeFromContinuingOperations": "None", "comprehensiveIncomeNetOfTax": "None", "ebit": "-458812", "ebitda": "-478139", "netIncome": "-497466"}, {"fiscalDateEnding": "2006-09-30", "reportedCurrency": "USD", "grossProfit": "609", "totalRevenue": "609", "costOfRevenue": "None", "costofGoodsAndServicesSold": "None", "operatingIncome": "-762936", "sellingGeneralAndAdministrative": "None", "researchAndDevelopment": "174371", "operatingExpenses": "763545", "investmentIncomeNet": "None", "netInterestIncome": "None", "interestIncome": "None", "interestExpense": "23062", "nonInterestIncome": "None", "otherNonOperatingIncome": "None", "depreciation": "None", "depreciationAndAmortization": "-21767", "incomeBeforeTax": "-784703", "incomeTaxExpense": "784703", "interestAndDebtExpense": "None", "netIncomeFromContinuingOperations": "None", "comprehensiveIncomeNetOfTax": "None", "ebit": "-741169", "ebitda": "-762936", "netIncome": "-784703"}, {"fiscalDateEnding": "2006-06-30", "reportedCurrency": "USD", "grossProfit": "53607", "totalRevenue": "61415", "costOfRevenue": "7808", "costofGoodsAndServicesSold": "7808", "operatingIncome": "-765855", "sellingGeneralAndAdministrative": "None", "researchAndDevelopment": "159697", "operatingExpenses": "827270", "investmentIncomeNet": "None", "netInterestIncome": "None", "interestIncome": "None", "interestExpense": "22950", "nonInterestIncome": "None", "otherNonOperatingIncome": "None", "depreciation": "None", "depreciationAndAmortization": "-22950", "incomeBeforeTax": "-76658", "incomeTaxExpense": "712147", "interestAndDebtExpense": "None", "netIncomeFromContinuingOperations": "None", "comprehensiveIncomeNetOfTax": "None", "ebit": "-742905", "ebitda": "-765855", "netIncome": "-788805"}, {"fiscalDateEnding": "2006-03-31", "reportedCurrency": "USD", "grossProfit": "30853", "totalRevenue": "30853", "costOfRevenue": "5000", "costofGoodsAndServicesSold": "5000", "operatingIncome": "-746827", "sellingGeneralAndAdministrative": "None", "researchAndDevelopment": "96238", "operatingExpenses": "777680", "investmentIncomeNet": "None", "netInterestIncome": "None", "interestIncome": "None", "interestExpense": "24181", "nonInterestIncome": "None", "otherNonOperatingIncome": "None", "depreciation": "None", "depreciationAndAmortization": "-24181", "incomeBeforeTax": "-771008", "incomeTaxExpense": "-421635", "interestAndDebtExpense": "None", "netIncomeFromContinuingOperations": "None", "comprehensiveIncomeNetOfTax": "None", "ebit": "-722646", "ebitda": "-746827", "netIncome": "-771008"}, {"fiscalDateEnding": "2005-12-31", "reportedCurrency": "USD", "grossProfit": "-964", "totalRevenue": "4036", "costOfRevenue": "5000", "costofGoodsAndServicesSold": "5000", "operatingIncome": "-200645", "sellingGeneralAndAdministrative": "None", "researchAndDevelopment": "65122", "operatingExpenses": "199681", "investmentIncomeNet": "None", "netInterestIncome": "None", "interestIncome": "None", "interestExpense": "46729", "nonInterestIncome": "None", "otherNonOperatingIncome": "None", "depreciation": "None", "depreciationAndAmortization": "-46729", "incomeBeforeTax": "-247374", "incomeTaxExpense": "247374", "interestAndDebtExpense": "None", "netIncomeFromContinuingOperations": "None", "comprehensiveIncomeNetOfTax": "None", "ebit": "-153916", "ebitda": "-200645", "netIncome": "-247374"}, {"fiscalDateEnding": "2005-09-30", "reportedCurrency": "USD", "grossProfit": "44367", "totalRevenue": "54008", "costOfRevenue": "9641", "costofGoodsAndServicesSold": "9641", "operatingIncome": "-121827", "sellingGeneralAndAdministrative": "None", "researchAndDevelopment": "38924", "operatingExpenses": "166194", "investmentIncomeNet": "None", "netInterestIncome": "None", "interestIncome": "None", "interestExpense": "121827", "nonInterestIncome": "None", "otherNonOperatingIncome": "None", "depreciation": "None", "depreciationAndAmortization": "-25351", "incomeBeforeTax": "-147178", "incomeTaxExpense": "147178", "interestAndDebtExpense": "None", "netIncomeFromContinuingOperations": "None", "comprehensiveIncomeNetOfTax": "None", "ebit": "-96476", "ebitda": "-121827", "netIncome": "-147178"}, {"fiscalDateEnding": "2005-06-30", "reportedCurrency": "USD", "grossProfit": "87838", "totalRevenue": "95646", "costOfRevenue": "7808", "costofGoodsAndServicesSold": "7808", "operatingIncome": "-51878", "sellingGeneralAndAdministrative": "None", "researchAndDevelopment": "42142", "operatingExpenses": "139716", "investmentIncomeNet": "None", "netInterestIncome": "None", "interestIncome": "None", "interestExpense": "24780", "nonInterestIncome": "None", "otherNonOperatingIncome": "None", "depreciation": "None", "depreciationAndAmortization": "-24780", "incomeBeforeTax": "-76658", "incomeTaxExpense": "76658", "interestAndDebtExpense": "None", "netIncomeFromContinuingOperations": "None", "comprehensiveIncomeNetOfTax": "None", "ebit": "-27098", "ebitda": "-51878", "netIncome": "-76658"}]}