{"symbol": "DIS", "annualReports": [{"fiscalDateEnding": "2025-09-30", "reportedCurrency": "USD", "grossProfit": "35659000000", "totalRevenue": "94425000000", "costOfRevenue": "58766000000", "costofGoodsAndServicesSold": "58766000000", "operatingIncome": "13832000000", "sellingGeneralAndAdministrative": "16501000000", "researchAndDevelopment": "None", "operatingExpenses": "21827000000", "investmentIncomeNet": "None", "netInterestIncome": "-1305000000", "interestIncome": "507000000", "interestExpense": "1812000000", "nonInterestIncome": "None", "otherNonOperatingIncome": "None", "depreciation": "None", "depreciationAndAmortization": "5326000000", "incomeBeforeTax": "12003000000", "incomeTaxExpense": "-1428000000", "interestAndDebtExpense": "None", "netIncomeFromContinuingOperations": "13431000000", "comprehensiveIncomeNetOfTax": "None", "ebit": "13815000000", "ebitda": "19141000000", "netIncome": "12404000000"}, {"fiscalDateEnding": "2024-09-30", "reportedCurrency": "USD", "grossProfit": "32663000000", "totalRevenue": "91361000000", "costOfRevenue": "58698000000", "costofGoodsAndServicesSold": "58698000000", "operatingIncome": "11914000000", "sellingGeneralAndAdministrative": "15759000000", "researchAndDevelopment": "None", "operatingExpenses": "20749000000", "investmentIncomeNet": "None", "netInterestIncome": "-1260000000", "interestIncome": "406000000", "interestExpense": "1447000000", "nonInterestIncome": "None", "otherNonOperatingIncome": "None", "depreciation": "None", "depreciationAndAmortization": "4990000000", "incomeBeforeTax": "7569000000", "incomeTaxExpense": "1796000000", "interestAndDebtExpense": "None", "netIncomeFromContinuingOperations": "5773000000", "comprehensiveIncomeNetOfTax": "None", "ebit": "9639000000", "ebitda": "14629000000", "netIncome": "4972000000"}, {"fiscalDateEnding": "2023-09-30", "reportedCurrency": "USD", "grossProfit": "29697000000", "totalRevenue": "88898000000", "costOfRevenue": "59201000000", "costofGoodsAndServicesSold": "59201000000", "operatingIncome": "8992000000", "sellingGeneralAndAdministrative": "15336000000", "researchAndDevelopment": "None", "operatingExpenses": "20705000000", "investmentIncomeNet": "None", "netInterestIncome": "-1209000000", "interestIncome": "427000000", "interestExpense": "1458000000", "nonInterestIncome": "None", "otherNonOperatingIncome": "None", "depreciation": "None", "depreciationAndAmortization": "5369000000", "incomeBeforeTax": "4769000000", "incomeTaxExpense": "1379000000", "interestAndDebtExpense": "None", "netIncomeFromContinuingOperations": "3390000000", "comprehensiveIncomeNetOfTax": "None", "ebit": "6742000000", "ebitda": "12111000000", "netIncome": "2354000000"}, {"fiscalDateEnding": "2022-09-30", "reportedCurrency": "USD", "grossProfit": "28321000000", "totalRevenue": "82722000000", "costOfRevenue": "54401000000", "costofGoodsAndServicesSold": "54401000000", "operatingIncome": "6770000000", "sellingGeneralAndAdministrative": "16388000000", "researchAndDevelopment": "None", "operatingExpenses": "21551000000", "investmentIncomeNet": "None", "netInterestIncome": "-1397000000", "interestIncome": "581000000", "interestExpense": "1549000000", "nonInterestIncome": "None", "otherNonOperatingIncome": "None", "depreciation": "None", "depreciationAndAmortization": "5163000000", "incomeBeforeTax": "5285000000", "incomeTaxExpense": "1732000000", "interestAndDebtExpense": "None", "netIncomeFromContinuingOperations": "3553000000", "comprehensiveIncomeNetOfTax": "None", "ebit": "6834000000", "ebitda": "11997000000", "netIncome": "3145000000"}, {"fiscalDateEnding": "2021-09-30", "reportedCurrency": "USD", "grossProfit": "22287000000", "totalRevenue": "67418000000", "costOfRevenue": "45131000000", "costofGoodsAndServicesSold": "45131000000", "operatingIncome": "3659000000", "sellingGeneralAndAdministrative": "13517000000", "researchAndDevelopment": "None", "operatingExpenses": "18628000000", "investmentIncomeNet": "None", "netInterestIncome": "-1406000000", "interestIncome": "645000000", "interestExpense": "1546000000", "nonInterestIncome": "None", "otherNonOperatingIncome": "962000000", "depreciation": "None", "depreciationAndAmortization": "5111000000", "incomeBeforeTax": "2561000000", "incomeTaxExpense": "25000000", "interestAndDebtExpense": "None", "netIncomeFromContinuingOperations": "2536000000", "comprehensiveIncomeNetOfTax": "None", "ebit": "3967000000", "ebitda": "9078000000", "netIncome": "1995000000"}, {"fiscalDateEnding": "2020-09-30", "reportedCurrency": "USD", "grossProfit": "21508000000", "totalRevenue": "65388000000", "costOfRevenue": "43880000000", "costofGoodsAndServicesSold": "43880000000", "operatingIncome": "3794000000", "sellingGeneralAndAdministrative": "2642000000", "researchAndDevelopment": "None", "operatingExpenses": "17714000000", "investmentIncomeNet": "None", "netInterestIncome": "-1491000000", "interestIncome": "198000000", "interestExpense": "1647000000", "nonInterestIncome": "None", "otherNonOperatingIncome": "1689000000", "depreciation": "None", "depreciationAndAmortization": "5345000000", "incomeBeforeTax": "-1743000000", "incomeTaxExpense": "699000000", "interestAndDebtExpense": "None", "netIncomeFromContinuingOperations": "-2442000000", "comprehensiveIncomeNetOfTax": "None", "ebit": "-252000000", "ebitda": "5093000000", "netIncome": "-2864000000"}, {"fiscalDateEnding": "2019-09-30", "reportedCurrency": "USD", "grossProfit": "27546000000", "totalRevenue": "69607000000", "costOfRevenue": "42061000000", "costofGoodsAndServicesSold": "42061000000", "operatingIncome": "11830000000", "sellingGeneralAndAdministrative": "11541000000", "researchAndDevelopment": "None", "operatingExpenses": "15716000000", "investmentIncomeNet": "None", "netInterestIncome": "-978000000", "interestIncome": "543000000", "interestExpense": "1246000000", "nonInterestIncome": "None", "otherNonOperatingIncome": "None", "depreciation": "None", "depreciationAndAmortization": "4167000000", "incomeBeforeTax": "13923000000", "incomeTaxExpense": "3026000000", "interestAndDebtExpense": "None", "netIncomeFromContinuingOperations": "10913000000", "comprehensiveIncomeNetOfTax": "None", "ebit": "14901000000", "ebitda": "19068000000", "netIncome": "11054000000"}, {"fiscalDateEnding": "2018-09-30", "reportedCurrency": "USD", "grossProfit": "26708000000", "totalRevenue": "59434000000", "costOfRevenue": "32726000000", "costofGoodsAndServicesSold": "32726000000", "operatingIncome": "14837000000", "sellingGeneralAndAdministrative": "8860000000", "researchAndDevelopment": "0", "operatingExpenses": "11871000000", "investmentIncomeNet": "None", "netInterestIncome": "-574000000", "interestIncome": "676000000", "interestExpense": "706000000", "nonInterestIncome": "None", "otherNonOperatingIncome": "None", "depreciation": "None", "depreciationAndAmortization": "3011000000", "incomeBeforeTax": "14729000000", "incomeTaxExpense": "1663000000", "interestAndDebtExpense": "None", "netIncomeFromContinuingOperations": "13066000000", "comprehensiveIncomeNetOfTax": "None", "ebit": "15303000000", "ebitda": "18314000000", "netIncome": "12598000000"}, {"fiscalDateEnding": "2017-09-30", "reportedCurrency": "USD", "grossProfit": "24831000000", "totalRevenue": "55137000000", "costOfRevenue": "30306000000", "costofGoodsAndServicesSold": "30306000000", "operatingIncome": "13873000000", "sellingGeneralAndAdministrative": "8176000000", "researchAndDevelopment": "0", "operatingExpenses": "10958000000", "investmentIncomeNet": "None", "netInterestIncome": "-385000000", "interestIncome": "65000000", "interestExpense": "507000000", "nonInterestIncome": "None", "otherNonOperatingIncome": "None", "depreciation": "None", "depreciationAndAmortization": "2782000000", "incomeBeforeTax": "13788000000", "incomeTaxExpense": "4422000000", "interestAndDebtExpense": "None", "netIncomeFromContinuingOperations": "9366000000", "comprehensiveIncomeNetOfTax": "None", "ebit": "14295000000", "ebitda": "17077000000", "netIncome": "8980000000"}, {"fiscalDateEnding": "2016-09-30", "reportedCurrency": "USD", "grossProfit": "25639000000", "totalRevenue": "55632000000", "costOfRevenue": "29993000000", "costofGoodsAndServicesSold": "29993000000", "operatingIncome": "14358000000", "sellingGeneralAndAdministrative": "8754000000", "researchAndDevelopment": "None", "operatingExpenses": "11281000000", "investmentIncomeNet": "None", "netInterestIncome": "-260000000", "interestIncome": "666000000", "interestExpense": "354000000", "nonInterestIncome": "None", "otherNonOperatingIncome": "None", "depreciation": "None", "depreciationAndAmortization": "2527000000", "incomeBeforeTax": "14868000000", "incomeTaxExpense": "5078000000", "interestAndDebtExpense": "None", "netIncomeFromContinuingOperations": "9790000000", "comprehensiveIncomeNetOfTax": "None", "ebit": "15222000000", "ebitda": "17749000000", "netIncome": "9391000000"}, {"fiscalDateEnding": "2015-09-30", "reportedCurrency": "USD", "grossProfit": "24101000000", "totalRevenue": "52465000000", "costOfRevenue": "28364000000", "costofGoodsAndServicesSold": "28364000000", "operatingIncome": "13224000000", "sellingGeneralAndAdministrative": "8523000000", "researchAndDevelopment": "0", "operatingExpenses": "10877000000", "investmentIncomeNet": "None", "netInterestIncome": "None", "interestIncome": "697000000", "interestExpense": "265000000", "nonInterestIncome": "None", "otherNonOperatingIncome": "None", "depreciation": "None", "depreciationAndAmortization": "2354000000", "incomeBeforeTax": "13868000000", "incomeTaxExpense": "5016000000", "interestAndDebtExpense": "None", "netIncomeFromContinuingOperations": "8852000000", "comprehensiveIncomeNetOfTax": "None", "ebit": "14133000000", "ebitda": "16487000000", "netIncome": "8382000000"}, {"fiscalDateEnding": "2014-09-30", "reportedCurrency": "USD", "grossProfit": "22393000000", "totalRevenue": "48813000000", "costOfRevenue": "26420000000", "costofGoodsAndServicesSold": "26420000000", "operatingIncome": "11540000000", "sellingGeneralAndAdministrative": "8565000000", "researchAndDevelopment": "0", "operatingExpenses": "10853000000", "investmentIncomeNet": "None", "netInterestIncome": "None", "interestIncome": "None", "interestExpense": "294000000", "nonInterestIncome": "None", "otherNonOperatingIncome": "None", "depreciation": "None", "depreciationAndAmortization": "2288000000", "incomeBeforeTax": "12246000000", "incomeTaxExpense": "4242000000", "interestAndDebtExpense": "None", "netIncomeFromContinuingOperations": "8004000000", "comprehensiveIncomeNetOfTax": "None", "ebit": "12540000000", "ebitda": "14828000000", "netIncome": "7501000000"}, {"fiscalDateEnding": "2013-09-30", "reportedCurrency": "USD", "grossProfit": "20007000000", "totalRevenue": "45041000000", "costOfRevenue": "25034000000", "costofGoodsAndServicesSold": "25034000000", "operatingIncome": "9450000000", "sellingGeneralAndAdministrative": "0", "researchAndDevelopment": "0", "operatingExpenses": "10557000000", "investmentIncomeNet": "None", "netInterestIncome": "None", "interestIncome": "None", "interestExpense": "349000000", "nonInterestIncome": "None", "otherNonOperatingIncome": "None", "depreciation": "None", "depreciationAndAmortization": "2192000000", "incomeBeforeTax": "9620000000", "incomeTaxExpense": "2984000000", "interestAndDebtExpense": "None", "netIncomeFromContinuingOperations": "None", "comprehensiveIncomeNetOfTax": "None", "ebit": "9969000000", "ebitda": "12161000000", "netIncome": "6136000000"}, {"fiscalDateEnding": "2012-09-30", "reportedCurrency": "USD", "grossProfit": "18810000000", "totalRevenue": "42278000000", "costOfRevenue": "23468000000", "costofGoodsAndServicesSold": "23468000000", "operatingIncome": "8863000000", "sellingGeneralAndAdministrative": "0", "researchAndDevelopment": "0", "operatingExpenses": "9947000000", "investmentIncomeNet": "None", "netInterestIncome": "None", "interestIncome": "None", "interestExpense": "472000000", "nonInterestIncome": "None", "otherNonOperatingIncome": "None", "depreciation": "None", "depreciationAndAmortization": "1987000000", "incomeBeforeTax": "9260000000", "incomeTaxExpense": "3087000000", "interestAndDebtExpense": "None", "netIncomeFromContinuingOperations": "None", "comprehensiveIncomeNetOfTax": "None", "ebit": "9732000000", "ebitda": "11719000000", "netIncome": "5682000000"}, {"fiscalDateEnding": "2011-09-30", "reportedCurrency": "USD", "grossProfit": "7781000000", "totalRevenue": "40893000000", "costOfRevenue": "33112000000", "costofGoodsAndServicesSold": "33112000000", "operatingIncome": "7781000000", "sellingGeneralAndAdministrative": "0", "researchAndDevelopment": "0", "operatingExpenses": "33167000000", "investmentIncomeNet": "None", "netInterestIncome": "None", "interestIncome": "None", "interestExpense": "435000000", "nonInterestIncome": "None", "otherNonOperatingIncome": "None", "depreciation": "None", "depreciationAndAmortization": "1841000000", "incomeBeforeTax": "8043000000", "incomeTaxExpense": "2785000000", "interestAndDebtExpense": "None", "netIncomeFromContinuingOperations": "None", "comprehensiveIncomeNetOfTax": "None", "ebit": "8478000000", "ebitda": "10319000000", "netIncome": "4807000000"}, {"fiscalDateEnding": "2010-09-30", "reportedCurrency": "USD", "grossProfit": "6726000000", "totalRevenue": "38063000000", "costOfRevenue": "31337000000", "costofGoodsAndServicesSold": "31337000000", "operatingIncome": "6726000000", "sellingGeneralAndAdministrative": "0", "researchAndDevelopment": "0", "operatingExpenses": "31607000000", "investmentIncomeNet": "None", "netInterestIncome": "None", "interestIncome": "None", "interestExpense": "456000000", "nonInterestIncome": "None", "otherNonOperatingIncome": "None", "depreciation": "None", "depreciationAndAmortization": "1713000000", "incomeBeforeTax": "6627000000", "incomeTaxExpense": "2314000000", "interestAndDebtExpense": "None", "netIncomeFromContinuingOperations": "None", "comprehensiveIncomeNetOfTax": "None", "ebit": "7083000000", "ebitda": "8796000000", "netIncome": "3963000000"}, {"fiscalDateEnding": "2009-09-30", "reportedCurrency": "USD", "grossProfit": "5697000000", "totalRevenue": "36149000000", "costOfRevenue": "30452000000", "costofGoodsAndServicesSold": "30452000000", "operatingIncome": "5697000000", "sellingGeneralAndAdministrative": "0", "researchAndDevelopment": "0", "operatingExpenses": "30944000000", "investmentIncomeNet": "None", "netInterestIncome": "None", "interestIncome": "None", "interestExpense": "588000000", "nonInterestIncome": "None", "otherNonOperatingIncome": "None", "depreciation": "None", "depreciationAndAmortization": "1631000000", "incomeBeforeTax": "5658000000", "incomeTaxExpense": "2049000000", "interestAndDebtExpense": "None", "netIncomeFromContinuingOperations": "None", "comprehensiveIncomeNetOfTax": "None", "ebit": "6246000000", "ebitda": "7877000000", "netIncome": "3307000000"}, {"fiscalDateEnding": "2008-09-30", "reportedCurrency": "USD", "grossProfit": "7443000000", "totalRevenue": "37843000000", "costOfRevenue": "30400000000", "costofGoodsAndServicesSold": "30400000000", "operatingIncome": "7443000000", "sellingGeneralAndAdministrative": "None", "researchAndDevelopment": "None", "operatingExpenses": "30439000000", "investmentIncomeNet": "None", "netInterestIncome": "None", "interestIncome": "None", "interestExpense": "524000000", "nonInterestIncome": "None", "otherNonOperatingIncome": "None", "depreciation": "None", "depreciationAndAmortization": "1582000000", "incomeBeforeTax": "7402000000", "incomeTaxExpense": "2673000000", "interestAndDebtExpense": "None", "netIncomeFromContinuingOperations": "None", "comprehensiveIncomeNetOfTax": "None", "ebit": "7926000000", "ebitda": "9508000000", "netIncome": "4427000000"}, {"fiscalDateEnding": "2007-09-30", "reportedCurrency": "USD", "grossProfit": "6781000000", "totalRevenue": "35510000000", "costOfRevenue": "28729000000", "costofGoodsAndServicesSold": "28729000000", "operatingIncome": "6781000000", "sellingGeneralAndAdministrative": "None", "researchAndDevelopment": "None", "operatingExpenses": "28681000000", "investmentIncomeNet": "None", "netInterestIncome": "None", "interestIncome": "None", "interestExpense": "0", "nonInterestIncome": "None", "otherNonOperatingIncome": "None", "depreciation": "None", "depreciationAndAmortization": "1491000000", "incomeBeforeTax": "7725000000", "incomeTaxExpense": "2874000000", "interestAndDebtExpense": "None", "netIncomeFromContinuingOperations": "None", "comprehensiveIncomeNetOfTax": "None", "ebit": "6781000000", "ebitda": "8272000000", "netIncome": "4687000000"}, {"fiscalDateEnding": "2006-09-30", "reportedCurrency": "USD", "grossProfit": "5355000000", "totalRevenue": "33747000000", "costOfRevenue": "28392000000", "costofGoodsAndServicesSold": "28392000000", "operatingIncome": "5355000000", "sellingGeneralAndAdministrative": "None", "researchAndDevelopment": "None", "operatingExpenses": "28392000000", "investmentIncomeNet": "None", "netInterestIncome": "None", "interestIncome": "None", "interestExpense": "0", "nonInterestIncome": "None", "otherNonOperatingIncome": "None", "depreciation": "None", "depreciationAndAmortization": "1437000000", "incomeBeforeTax": "5324000000", "incomeTaxExpense": "1837000000", "interestAndDebtExpense": "None", "netIncomeFromContinuingOperations": "None", "comprehensiveIncomeNetOfTax": "None", "ebit": "5355000000", "ebitda": "6792000000", "netIncome": "3374000000"}], "quarterlyReports": [{"fiscalDateEnding": "2025-12-31", "reportedCurrency": "USD", "grossProfit": "9312000000", "totalRevenue": "25981000000", "costOfRevenue": "16669000000", "costofGoodsAndServicesSold": "16669000000", "operatingIncome": "3875000000", "sellingGeneralAndAdministrative": "4121000000", "researchAndDevelopment": "None", "operatingExpenses": "5437000000", "investmentIncomeNet": "None", "netInterestIncome": "-275000000", "interestIncome": "168000000", "interestExpense": "443000000", "nonInterestIncome": "None", "otherNonOperatingIncome": "None", "depreciation": "None", "depreciationAndAmortization": "1316000000", "incomeBeforeTax": "3693000000", "incomeTaxExpense": "1209000000", "interestAndDebtExpense": "None", "netIncomeFromContinuingOperations": "2484000000", "comprehensiveIncomeNetOfTax": "None", "ebit": "4136000000", "ebitda": "5452000000", "netIncome": "2402000000"}, {"fiscalDateEnding": "2025-09-30", "reportedCurrency": "USD", "grossProfit": "8446000000", "totalRevenue": "22464000000", "costOfRevenue": "14018000000", "costofGoodsAndServicesSold": "14018000000", "operatingIncome": "2603000000", "sellingGeneralAndAdministrative": "4449000000", "researchAndDevelopment": "None", "operatingExpenses": "5843000000", "investmentIncomeNet": "None", "netInterestIncome": "-268000000", "interestIncome": "148000000", "interestExpense": "509000000", "nonInterestIncome": "None", "otherNonOperatingIncome": "None", "depreciation": "None", "depreciationAndAmortization": "1394000000", "incomeBeforeTax": "2045000000", "incomeTaxExpense": "602000000", "interestAndDebtExpense": "None", "netIncomeFromContinuingOperations": "1443000000", "comprehensiveIncomeNetOfTax": "None", "ebit": "2554000000", "ebitda": "3948000000", "netIncome": "1313000000"}, {"fiscalDateEnding": "2025-06-30", "reportedCurrency": "USD", "grossProfit": "9118000000", "totalRevenue": "23650000000", "costOfRevenue": "14532000000", "costofGoodsAndServicesSold": "14532000000", "operatingIncome": "3645000000", "sellingGeneralAndAdministrative": "4141000000", "researchAndDevelopment": "None", "operatingExpenses": "5473000000", "investmentIncomeNet": "None", "netInterestIncome": "-324000000", "interestIncome": "114000000", "interestExpense": "345000000", "nonInterestIncome": "None", "otherNonOperatingIncome": "None", "depreciation": "None", "depreciationAndAmortization": "1332000000", "incomeBeforeTax": "3211000000", "incomeTaxExpense": "-2732000000", "interestAndDebtExpense": "None", "netIncomeFromContinuingOperations": "5943000000", "comprehensiveIncomeNetOfTax": "None", "ebit": "3649000000", "ebitda": "4981000000", "netIncome": "5262000000"}, {"fiscalDateEnding": "2025-03-31", "reportedCurrency": "USD", "grossProfit": "8811000000", "totalRevenue": "23621000000", "costOfRevenue": "14810000000", "costofGoodsAndServicesSold": "14810000000", "operatingIncome": "3506000000", "sellingGeneralAndAdministrative": "3981000000", "researchAndDevelopment": "None", "operatingExpenses": "5305000000", "investmentIncomeNet": "None", "netInterestIncome": "-346000000", "interestIncome": "125000000", "interestExpense": "471000000", "nonInterestIncome": "None", "otherNonOperatingIncome": "None", "depreciation": "None", "depreciationAndAmortization": "1324000000", "incomeBeforeTax": "3087000000", "incomeTaxExpense": "-314000000", "interestAndDebtExpense": "None", "netIncomeFromContinuingOperations": "3401000000", "comprehensiveIncomeNetOfTax": "None", "ebit": "3558000000", "ebitda": "4882000000", "netIncome": "3275000000"}, {"fiscalDateEnding": "2024-12-31", "reportedCurrency": "USD", "grossProfit": "9284000000", "totalRevenue": "24690000000", "costOfRevenue": "15406000000", "costofGoodsAndServicesSold": "15406000000", "operatingIncome": "4078000000", "sellingGeneralAndAdministrative": "3930000000", "researchAndDevelopment": "None", "operatingExpenses": "5206000000", "investmentIncomeNet": "None", "netInterestIncome": "-367000000", "interestIncome": "120000000", "interestExpense": "487000000", "nonInterestIncome": "None", "otherNonOperatingIncome": "None", "depreciation": "None", "depreciationAndAmortization": "1276000000", "incomeBeforeTax": "3660000000", "incomeTaxExpense": "1016000000", "interestAndDebtExpense": "None", "netIncomeFromContinuingOperations": "2644000000", "comprehensiveIncomeNetOfTax": "None", "ebit": "4147000000", "ebitda": "5423000000", "netIncome": "2554000000"}, {"fiscalDateEnding": "2024-09-30", "reportedCurrency": "USD", "grossProfit": "8344000000", "totalRevenue": "22574000000", "costOfRevenue": "14230000000", "costofGoodsAndServicesSold": "14230000000", "operatingIncome": "2745000000", "sellingGeneralAndAdministrative": "4314000000", "researchAndDevelopment": "None", "operatingExpenses": "5599000000", "investmentIncomeNet": "None", "netInterestIncome": "-361000000", "interestIncome": "233000000", "interestExpense": "505000000", "nonInterestIncome": "None", "otherNonOperatingIncome": "None", "depreciation": "None", "depreciationAndAmortization": "1285000000", "incomeBeforeTax": "948000000", "incomeTaxExpense": "384000000", "interestAndDebtExpense": "None", "netIncomeFromContinuingOperations": "564000000", "comprehensiveIncomeNetOfTax": "None", "ebit": "1480000000", "ebitda": "2765000000", "netIncome": "460000000"}, {"fiscalDateEnding": "2024-06-30", "reportedCurrency": "USD", "grossProfit": "8446000000", "totalRevenue": "23155000000", "costOfRevenue": "14709000000", "costofGoodsAndServicesSold": "14709000000", "operatingIncome": "3354000000", "sellingGeneralAndAdministrative": "3872000000", "researchAndDevelopment": "None", "operatingExpenses": "5092000000", "investmentIncomeNet": "None", "netInterestIncome": "-342000000", "interestIncome": "167000000", "interestExpense": "509000000", "nonInterestIncome": "None", "otherNonOperatingIncome": "None", "depreciation": "None", "depreciationAndAmortization": "1220000000", "incomeBeforeTax": "3093000000", "incomeTaxExpense": "251000000", "interestAndDebtExpense": "None", "netIncomeFromContinuingOperations": "2842000000", "comprehensiveIncomeNetOfTax": "None", "ebit": "3602000000", "ebitda": "4822000000", "netIncome": "2621000000"}, {"fiscalDateEnding": "2024-03-31", "reportedCurrency": "USD", "grossProfit": "7911000000", "totalRevenue": "22083000000", "costOfRevenue": "14172000000", "costofGoodsAndServicesSold": "14172000000", "operatingIncome": "2879000000", "sellingGeneralAndAdministrative": "3790000000", "researchAndDevelopment": "None", "operatingExpenses": "5032000000", "investmentIncomeNet": "None", "netInterestIncome": "-311000000", "interestIncome": "190000000", "interestExpense": "501000000", "nonInterestIncome": "None", "otherNonOperatingIncome": "None", "depreciation": "None", "depreciationAndAmortization": "1242000000", "incomeBeforeTax": "657000000", "incomeTaxExpense": "441000000", "interestAndDebtExpense": "None", "netIncomeFromContinuingOperations": "216000000", "comprehensiveIncomeNetOfTax": "None", "ebit": "1158000000", "ebitda": "2400000000", "netIncome": "-20000000"}, {"fiscalDateEnding": "2023-12-31", "reportedCurrency": "USD", "grossProfit": "7962000000", "totalRevenue": "23549000000", "costOfRevenue": "15587000000", "costofGoodsAndServicesSold": "15587000000", "operatingIncome": "2936000000", "sellingGeneralAndAdministrative": "3783000000", "researchAndDevelopment": "None", "operatingExpenses": "5026000000", "investmentIncomeNet": "None", "netInterestIncome": "-246000000", "interestIncome": "282000000", "interestExpense": "528000000", "nonInterestIncome": "None", "otherNonOperatingIncome": "None", "depreciation": "None", "depreciationAndAmortization": "1243000000", "incomeBeforeTax": "2871000000", "incomeTaxExpense": "720000000", "interestAndDebtExpense": "None", "netIncomeFromContinuingOperations": "2151000000", "comprehensiveIncomeNetOfTax": "None", "ebit": "3399000000", "ebitda": "4642000000", "netIncome": "1911000000"}, {"fiscalDateEnding": "2023-09-30", "reportedCurrency": "USD", "grossProfit": "7513000000", "totalRevenue": "21241000000", "costOfRevenue": "13728000000", "costofGoodsAndServicesSold": "13728000000", "operatingIncome": "2529000000", "sellingGeneralAndAdministrative": "4021000000", "researchAndDevelopment": "None", "operatingExpenses": "5430000000", "investmentIncomeNet": "None", "netInterestIncome": "-282000000", "interestIncome": "219000000", "interestExpense": "501000000", "nonInterestIncome": "None", "otherNonOperatingIncome": "None", "depreciation": "None", "depreciationAndAmortization": "43812", "incomeBeforeTax": "1007000000", "incomeTaxExpense": "313000000", "interestAndDebtExpense": "None", "netIncomeFromContinuingOperations": "694000000", "comprehensiveIncomeNetOfTax": "None", "ebit": "3937956188", "ebitda": "3938000000", "netIncome": "264000000"}, {"fiscalDateEnding": "2023-06-30", "reportedCurrency": "USD", "grossProfit": "7859000000", "totalRevenue": "22330000000", "costOfRevenue": "14471000000", "costofGoodsAndServicesSold": "14471000000", "operatingIncome": "2641000000", "sellingGeneralAndAdministrative": "3874000000", "researchAndDevelopment": "None", "operatingExpenses": "19689000000", "investmentIncomeNet": "None", "netInterestIncome": "-305000000", "interestIncome": "198000000", "interestExpense": "503000000", "nonInterestIncome": "None", "otherNonOperatingIncome": "180000000", "depreciation": "None", "depreciationAndAmortization": "1344000000", "incomeBeforeTax": "-134000000", "incomeTaxExpense": "19000000", "interestAndDebtExpense": "None", "netIncomeFromContinuingOperations": "-153000000", "comprehensiveIncomeNetOfTax": "None", "ebit": "3019000000", "ebitda": "4363000000", "netIncome": "-460000000"}, {"fiscalDateEnding": "2023-03-31", "reportedCurrency": "USD", "grossProfit": "7199000000", "totalRevenue": "21815000000", "costOfRevenue": "14616000000", "costofGoodsAndServicesSold": "14616000000", "operatingIncome": "2275000000", "sellingGeneralAndAdministrative": "3614000000", "researchAndDevelopment": "None", "operatingExpenses": "4924000000", "investmentIncomeNet": "None", "netInterestIncome": "-322000000", "interestIncome": "84000000", "interestExpense": "504000000", "nonInterestIncome": "None", "otherNonOperatingIncome": "322000000", "depreciation": "None", "depreciationAndAmortization": "1310000000", "incomeBeforeTax": "2123000000", "incomeTaxExpense": "635000000", "interestAndDebtExpense": "None", "netIncomeFromContinuingOperations": "1488000000", "comprehensiveIncomeNetOfTax": "None", "ebit": "2627000000", "ebitda": "3937000000", "netIncome": "1271000000"}, {"fiscalDateEnding": "2022-12-31", "reportedCurrency": "USD", "grossProfit": "7126000000", "totalRevenue": "23512000000", "costOfRevenue": "16386000000", "costofGoodsAndServicesSold": "16386000000", "operatingIncome": "1993000000", "sellingGeneralAndAdministrative": "3827000000", "researchAndDevelopment": "None", "operatingExpenses": "5133000000", "investmentIncomeNet": "None", "netInterestIncome": "-386000000", "interestIncome": "265000000", "interestExpense": "465000000", "nonInterestIncome": "None", "otherNonOperatingIncome": "149000000", "depreciation": "None", "depreciationAndAmortization": "1306000000", "incomeBeforeTax": "1773000000", "incomeTaxExpense": "412000000", "interestAndDebtExpense": "None", "netIncomeFromContinuingOperations": "1361000000", "comprehensiveIncomeNetOfTax": "None", "ebit": "2238000000", "ebitda": "3544000000", "netIncome": "1279000000"}, {"fiscalDateEnding": "2022-09-30", "reportedCurrency": "USD", "grossProfit": "542000000", "totalRevenue": "20150000000", "costOfRevenue": "19608000000", "costofGoodsAndServicesSold": "19608000000", "operatingIncome": "-570000000", "sellingGeneralAndAdministrative": "4733000000", "researchAndDevelopment": "None", "operatingExpenses": "6050000000", "investmentIncomeNet": "None", "netInterestIncome": "-371000000", "interestIncome": "229000000", "interestExpense": "434000000", "nonInterestIncome": "None", "otherNonOperatingIncome": "None", "depreciation": "None", "depreciationAndAmortization": "1317000000", "incomeBeforeTax": "376000000", "incomeTaxExpense": "122000000", "interestAndDebtExpense": "None", "netIncomeFromContinuingOperations": "254000000", "comprehensiveIncomeNetOfTax": "None", "ebit": "-570000000", "ebitda": "747000000", "netIncome": "254000000"}, {"fiscalDateEnding": "2022-06-30", "reportedCurrency": "USD", "grossProfit": "7822000000", "totalRevenue": "21504000000", "costOfRevenue": "13682000000", "costofGoodsAndServicesSold": "13682000000", "operatingIncome": "2432000000", "sellingGeneralAndAdministrative": "4100000000", "researchAndDevelopment": "None", "operatingExpenses": "5390000000", "investmentIncomeNet": "None", "netInterestIncome": "-373000000", "interestIncome": "7000000", "interestExpense": "380000000", "nonInterestIncome": "None", "otherNonOperatingIncome": "89000000", "depreciation": "None", "depreciationAndAmortization": "1290000000", "incomeBeforeTax": "2119000000", "incomeTaxExpense": "617000000", "interestAndDebtExpense": "None", "netIncomeFromContinuingOperations": "1502000000", "comprehensiveIncomeNetOfTax": "None", "ebit": "2499000000", "ebitda": "3789000000", "netIncome": "1409000000"}, {"fiscalDateEnding": "2022-03-31", "reportedCurrency": "USD", "grossProfit": "6655000000", "totalRevenue": "19249000000", "costOfRevenue": "12594000000", "costofGoodsAndServicesSold": "12594000000", "operatingIncome": "1600000000", "sellingGeneralAndAdministrative": "3768000000", "researchAndDevelopment": "None", "operatingExpenses": "5055000000", "investmentIncomeNet": "None", "netInterestIncome": "-371000000", "interestIncome": "3000000", "interestExpense": "374000000", "nonInterestIncome": "None", "otherNonOperatingIncome": "52000000", "depreciation": "None", "depreciationAndAmortization": "1287000000", "incomeBeforeTax": "1102000000", "incomeTaxExpense": "505000000", "interestAndDebtExpense": "None", "netIncomeFromContinuingOperations": "597000000", "comprehensiveIncomeNetOfTax": "None", "ebit": "1476000000", "ebitda": "2763000000", "netIncome": "470000000"}, {"fiscalDateEnding": "2021-12-31", "reportedCurrency": "USD", "grossProfit": "7252000000", "totalRevenue": "21819000000", "costOfRevenue": "14567000000", "costofGoodsAndServicesSold": "14567000000", "operatingIncome": "2196000000", "sellingGeneralAndAdministrative": "3787000000", "researchAndDevelopment": "None", "operatingExpenses": "5056000000", "investmentIncomeNet": "None", "netInterestIncome": "-327000000", "interestIncome": "34000000", "interestExpense": "361000000", "nonInterestIncome": "None", "otherNonOperatingIncome": "-197000000", "depreciation": "None", "depreciationAndAmortization": "1269000000", "incomeBeforeTax": "1688000000", "incomeTaxExpense": "488000000", "interestAndDebtExpense": "None", "netIncomeFromContinuingOperations": "1200000000", "comprehensiveIncomeNetOfTax": "None", "ebit": "2049000000", "ebitda": "3318000000", "netIncome": "1104000000"}, {"fiscalDateEnding": "2021-09-30", "reportedCurrency": "USD", "grossProfit": "6193000000", "totalRevenue": "18534000000", "costOfRevenue": "12341000000", "costofGoodsAndServicesSold": "12341000000", "operatingIncome": "599000000", "sellingGeneralAndAdministrative": "4319000000", "researchAndDevelopment": "None", "operatingExpenses": "5594000000", "investmentIncomeNet": "None", "netInterestIncome": "-317000000", "interestIncome": "204000000", "interestExpense": "278000000", "nonInterestIncome": "None", "otherNonOperatingIncome": "100000000", "depreciation": "None", "depreciationAndAmortization": "1275000000", "incomeBeforeTax": "290000000", "incomeTaxExpense": "34000000", "interestAndDebtExpense": "None", "netIncomeFromContinuingOperations": "256000000", "comprehensiveIncomeNetOfTax": "None", "ebit": "428000000", "ebitda": "1703000000", "netIncome": "159000000"}, {"fiscalDateEnding": "2021-06-30", "reportedCurrency": "USD", "grossProfit": "5789000000", "totalRevenue": "17022000000", "costOfRevenue": "11233000000", "costofGoodsAndServicesSold": "11233000000", "operatingIncome": "1355000000", "sellingGeneralAndAdministrative": "3168000000", "researchAndDevelopment": "None", "operatingExpenses": "4434000000", "investmentIncomeNet": "None", "netInterestIncome": "-413000000", "interestIncome": "419000000", "interestExpense": "413000000", "nonInterestIncome": "None", "otherNonOperatingIncome": "120000000", "depreciation": "None", "depreciationAndAmortization": "1266000000", "incomeBeforeTax": "995000000", "incomeTaxExpense": "-133000000", "interestAndDebtExpense": "None", "netIncomeFromContinuingOperations": "1128000000", "comprehensiveIncomeNetOfTax": "None", "ebit": "1408000000", "ebitda": "2674000000", "netIncome": "918000000"}, {"fiscalDateEnding": "2021-03-31", "reportedCurrency": "USD", "grossProfit": "5831000000", "totalRevenue": "15613000000", "costOfRevenue": "9782000000", "costofGoodsAndServicesSold": "9782000000", "operatingIncome": "1446000000", "sellingGeneralAndAdministrative": "3113000000", "researchAndDevelopment": "None", "operatingExpenses": "4385000000", "investmentIncomeNet": "None", "netInterestIncome": "-284000000", "interestIncome": "131000000", "interestExpense": "451000000", "nonInterestIncome": "None", "otherNonOperatingIncome": "518000000", "depreciation": "None", "depreciationAndAmortization": "1272000000", "incomeBeforeTax": "1230000000", "incomeTaxExpense": "108000000", "interestAndDebtExpense": "None", "netIncomeFromContinuingOperations": "1122000000", "comprehensiveIncomeNetOfTax": "None", "ebit": "1681000000", "ebitda": "2953000000", "netIncome": "901000000"}, {"fiscalDateEnding": "2020-12-31", "reportedCurrency": "USD", "grossProfit": "4474000000", "totalRevenue": "16249000000", "costOfRevenue": "11775000000", "costofGoodsAndServicesSold": "11775000000", "operatingIncome": "259000000", "sellingGeneralAndAdministrative": "2917000000", "researchAndDevelopment": "None", "operatingExpenses": "4215000000", "investmentIncomeNet": "None", "netInterestIncome": "-291000000", "interestIncome": "113000000", "interestExpense": "404000000", "nonInterestIncome": "None", "otherNonOperatingIncome": "224000000", "depreciation": "None", "depreciationAndAmortization": "1298000000", "incomeBeforeTax": "46000000", "incomeTaxExpense": "16000000", "interestAndDebtExpense": "None", "netIncomeFromContinuingOperations": "30000000", "comprehensiveIncomeNetOfTax": "None", "ebit": "450000000", "ebitda": "1748000000", "netIncome": "17000000"}, {"fiscalDateEnding": "2020-09-30", "reportedCurrency": "USD", "grossProfit": "3694000000", "totalRevenue": "14707000000", "costOfRevenue": "11013000000", "costofGoodsAndServicesSold": "11013000000", "operatingIncome": "-453000000", "sellingGeneralAndAdministrative": "2642000000", "researchAndDevelopment": "None", "operatingExpenses": "4147000000", "investmentIncomeNet": "None", "netInterestIncome": "-496000000", "interestIncome": "274000000", "interestExpense": "464000000", "nonInterestIncome": "None", "otherNonOperatingIncome": "762000000", "depreciation": "None", "depreciationAndAmortization": "1335000000", "incomeBeforeTax": "-580000000", "incomeTaxExpense": "49000000", "interestAndDebtExpense": "None", "netIncomeFromContinuingOperations": "-629000000", "comprehensiveIncomeNetOfTax": "None", "ebit": "-272000000", "ebitda": "1063000000", "netIncome": "-710000000"}, {"fiscalDateEnding": "2020-06-30", "reportedCurrency": "USD", "grossProfit": "3883000000", "totalRevenue": "11779000000", "costOfRevenue": "7896000000", "costofGoodsAndServicesSold": "7896000000", "operatingIncome": "51000000", "sellingGeneralAndAdministrative": "2455000000", "researchAndDevelopment": "None", "operatingExpenses": "3832000000", "investmentIncomeNet": "None", "netInterestIncome": "-415000000", "interestIncome": "153000000", "interestExpense": "456000000", "nonInterestIncome": "None", "otherNonOperatingIncome": "568000000", "depreciation": "None", "depreciationAndAmortization": "1377000000", "incomeBeforeTax": "-4840000000", "incomeTaxExpense": "-331000000", "interestAndDebtExpense": "None", "netIncomeFromContinuingOperations": "-4509000000", "comprehensiveIncomeNetOfTax": "None", "ebit": "-4384000000", "ebitda": "-3007000000", "netIncome": "-4721000000"}, {"fiscalDateEnding": "2020-03-31", "reportedCurrency": "USD", "grossProfit": "6088000000", "totalRevenue": "18025000000", "costOfRevenue": "11937000000", "costofGoodsAndServicesSold": "11937000000", "operatingIncome": "1361000000", "sellingGeneralAndAdministrative": "3388000000", "researchAndDevelopment": "None", "operatingExpenses": "4727000000", "investmentIncomeNet": "None", "netInterestIncome": "-302000000", "interestIncome": "229000000", "interestExpense": "365000000", "nonInterestIncome": "None", "otherNonOperatingIncome": "135000000", "depreciation": "None", "depreciationAndAmortization": "1334000000", "incomeBeforeTax": "1051000000", "incomeTaxExpense": "523000000", "interestAndDebtExpense": "None", "netIncomeFromContinuingOperations": "535000000", "comprehensiveIncomeNetOfTax": "None", "ebit": "1416000000", "ebitda": "2750000000", "netIncome": "460000000"}, {"fiscalDateEnding": "2019-12-31", "reportedCurrency": "USD", "grossProfit": "7843000000", "totalRevenue": "20877000000", "costOfRevenue": "13034000000", "costofGoodsAndServicesSold": "13034000000", "operatingIncome": "2835000000", "sellingGeneralAndAdministrative": "3703000000", "researchAndDevelopment": "None", "operatingExpenses": "5008000000", "investmentIncomeNet": "None", "netInterestIncome": "-286000000", "interestIncome": "62000000", "interestExpense": "362000000", "nonInterestIncome": "None", "otherNonOperatingIncome": "224000000", "depreciation": "None", "depreciationAndAmortization": "1299000000", "incomeBeforeTax": "2626000000", "incomeTaxExpense": "458000000", "interestAndDebtExpense": "None", "netIncomeFromContinuingOperations": "2173000000", "comprehensiveIncomeNetOfTax": "None", "ebit": "2988000000", "ebitda": "4287000000", "netIncome": "2107000000"}, {"fiscalDateEnding": "2019-09-30", "reportedCurrency": "USD", "grossProfit": "7278000000", "totalRevenue": "19100000000", "costOfRevenue": "11822000000", "costofGoodsAndServicesSold": "11822000000", "operatingIncome": "2285000000", "sellingGeneralAndAdministrative": "3697000000", "researchAndDevelopment": "None", "operatingExpenses": "4993000000", "investmentIncomeNet": "None", "netInterestIncome": "-284000000", "interestIncome": "153000000", "interestExpense": "413000000", "nonInterestIncome": "None", "otherNonOperatingIncome": "None", "depreciation": "None", "depreciationAndAmortization": "1296000000", "incomeBeforeTax": "1258000000", "incomeTaxExpense": "344000000", "interestAndDebtExpense": "None", "netIncomeFromContinuingOperations": "914000000", "comprehensiveIncomeNetOfTax": "None", "ebit": "1671000000", "ebitda": "2967000000", "netIncome": "1054000000"}, {"fiscalDateEnding": "2019-06-30", "reportedCurrency": "USD", "grossProfit": "7425000000", "totalRevenue": "20262000000", "costOfRevenue": "12837000000", "costofGoodsAndServicesSold": "12837000000", "operatingIncome": "2751000000", "sellingGeneralAndAdministrative": "3362000000", "researchAndDevelopment": "None", "operatingExpenses": "4674000000", "investmentIncomeNet": "None", "netInterestIncome": "-438000000", "interestIncome": "254000000", "interestExpense": "472000000", "nonInterestIncome": "None", "otherNonOperatingIncome": "-1000000", "depreciation": "None", "depreciationAndAmortization": "1306000000", "incomeBeforeTax": "2009000000", "incomeTaxExpense": "393000000", "interestAndDebtExpense": "None", "netIncomeFromContinuingOperations": "1623000000", "comprehensiveIncomeNetOfTax": "None", "ebit": "2481000000", "ebitda": "3787000000", "netIncome": "1760000000"}, {"fiscalDateEnding": "2019-03-31", "reportedCurrency": "USD", "grossProfit": "6546000000", "totalRevenue": "14922000000", "costOfRevenue": "8376000000", "costofGoodsAndServicesSold": "8376000000", "operatingIncome": "3388000000", "sellingGeneralAndAdministrative": "2327000000", "researchAndDevelopment": "None", "operatingExpenses": "3158000000", "investmentIncomeNet": "None", "netInterestIncome": "-168000000", "interestIncome": "30000000", "interestExpense": "198000000", "nonInterestIncome": "None", "otherNonOperatingIncome": "-312000000", "depreciation": "None", "depreciationAndAmortization": "828000000", "incomeBeforeTax": "7237000000", "incomeTaxExpense": "1647000000", "interestAndDebtExpense": "None", "netIncomeFromContinuingOperations": "5590000000", "comprehensiveIncomeNetOfTax": "None", "ebit": "7435000000", "ebitda": "8263000000", "netIncome": "5452000000"}, {"fiscalDateEnding": "2018-12-31", "reportedCurrency": "USD", "grossProfit": "6302000000", "totalRevenue": "15303000000", "costOfRevenue": "9001000000", "costofGoodsAndServicesSold": "9001000000", "operatingIncome": "3418000000", "sellingGeneralAndAdministrative": "2152000000", "researchAndDevelopment": "None", "operatingExpenses": "2884000000", "investmentIncomeNet": "None", "netInterestIncome": "None", "interestIncome": "None", "interestExpense": "163000000", "nonInterestIncome": "None", "otherNonOperatingIncome": "None", "depreciation": "None", "depreciationAndAmortization": "732000000", "incomeBeforeTax": "3431000000", "incomeTaxExpense": "645000000", "interestAndDebtExpense": "None", "netIncomeFromContinuingOperations": "2786000000", "comprehensiveIncomeNetOfTax": "None", "ebit": "3594000000", "ebitda": "4326000000", "netIncome": "2788000000"}, {"fiscalDateEnding": "2018-09-30", "reportedCurrency": "USD", "grossProfit": "6199000000", "totalRevenue": "14307000000", "costOfRevenue": "8108000000", "costofGoodsAndServicesSold": "8108000000", "operatingIncome": "3083000000", "sellingGeneralAndAdministrative": "2322000000", "researchAndDevelopment": "None", "operatingExpenses": "3116000000", "investmentIncomeNet": "None", "netInterestIncome": "None", "interestIncome": "None", "interestExpense": "189000000", "nonInterestIncome": "None", "otherNonOperatingIncome": "None", "depreciation": "None", "depreciationAndAmortization": "794000000", "incomeBeforeTax": "3202000000", "incomeTaxExpense": "783000000", "interestAndDebtExpense": "None", "netIncomeFromContinuingOperations": "2419000000", "comprehensiveIncomeNetOfTax": "None", "ebit": "3391000000", "ebitda": "4185000000", "netIncome": "2322000000"}, {"fiscalDateEnding": "2018-06-30", "reportedCurrency": "USD", "grossProfit": "6881000000", "totalRevenue": "15229000000", "costOfRevenue": "8348000000", "costofGoodsAndServicesSold": "8348000000", "operatingIncome": "3924000000", "sellingGeneralAndAdministrative": "2212000000", "researchAndDevelopment": "None", "operatingExpenses": "2957000000", "investmentIncomeNet": "None", "netInterestIncome": "None", "interestIncome": "None", "interestExpense": "175000000", "nonInterestIncome": "None", "otherNonOperatingIncome": "None", "depreciation": "None", "depreciationAndAmortization": "744000000", "incomeBeforeTax": "3854000000", "incomeTaxExpense": "795000000", "interestAndDebtExpense": "None", "netIncomeFromContinuingOperations": "3059000000", "comprehensiveIncomeNetOfTax": "None", "ebit": "4029000000", "ebitda": "4773000000", "netIncome": "2916000000"}, {"fiscalDateEnding": "2018-03-31", "reportedCurrency": "USD", "grossProfit": "7007000000", "totalRevenue": "14548000000", "costOfRevenue": "7541000000", "costofGoodsAndServicesSold": "7541000000", "operatingIncome": "4037000000", "sellingGeneralAndAdministrative": "2247000000", "researchAndDevelopment": "None", "operatingExpenses": "2970000000", "investmentIncomeNet": "None", "netInterestIncome": "None", "interestIncome": "None", "interestExpense": "172000000", "nonInterestIncome": "None", "otherNonOperatingIncome": "None", "depreciation": "None", "depreciationAndAmortization": "731000000", "incomeBeforeTax": "3928000000", "incomeTaxExpense": "813000000", "interestAndDebtExpense": "None", "netIncomeFromContinuingOperations": "3115000000", "comprehensiveIncomeNetOfTax": "None", "ebit": "4100000000", "ebitda": "4831000000", "netIncome": "2937000000"}, {"fiscalDateEnding": "2017-12-31", "reportedCurrency": "USD", "grossProfit": "6622000000", "totalRevenue": "15351000000", "costOfRevenue": "8729000000", "costofGoodsAndServicesSold": "8729000000", "operatingIncome": "3793000000", "sellingGeneralAndAdministrative": "2079000000", "researchAndDevelopment": "None", "operatingExpenses": "2829000000", "investmentIncomeNet": "None", "netInterestIncome": "None", "interestIncome": "None", "interestExpense": "146000000", "nonInterestIncome": "None", "otherNonOperatingIncome": "None", "depreciation": "None", "depreciationAndAmortization": "742000000", "incomeBeforeTax": "3745000000", "incomeTaxExpense": "-728000000", "interestAndDebtExpense": "None", "netIncomeFromContinuingOperations": "4473000000", "comprehensiveIncomeNetOfTax": "None", "ebit": "3891000000", "ebitda": "4633000000", "netIncome": "4423000000"}, {"fiscalDateEnding": "2017-09-30", "reportedCurrency": "USD", "grossProfit": "5565000000", "totalRevenue": "12779000000", "costOfRevenue": "7214000000", "costofGoodsAndServicesSold": "7214000000", "operatingIncome": "2629000000", "sellingGeneralAndAdministrative": "2228000000", "researchAndDevelopment": "None", "operatingExpenses": "2936000000", "investmentIncomeNet": "None", "netInterestIncome": "None", "interestIncome": "None", "interestExpense": "137000000", "nonInterestIncome": "None", "otherNonOperatingIncome": "None", "depreciation": "None", "depreciationAndAmortization": "708000000", "incomeBeforeTax": "2694000000", "incomeTaxExpense": "829000000", "interestAndDebtExpense": "None", "netIncomeFromContinuingOperations": "6520000000", "comprehensiveIncomeNetOfTax": "None", "ebit": "2831000000", "ebitda": "3539000000", "netIncome": "1747000000"}, {"fiscalDateEnding": "2017-06-30", "reportedCurrency": "USD", "grossProfit": "6521000000", "totalRevenue": "14238000000", "costOfRevenue": "7717000000", "costofGoodsAndServicesSold": "7717000000", "operatingIncome": "3788000000", "sellingGeneralAndAdministrative": "2022000000", "researchAndDevelopment": "None", "operatingExpenses": "2733000000", "investmentIncomeNet": "None", "netInterestIncome": "None", "interestIncome": "None", "interestExpense": "134000000", "nonInterestIncome": "None", "otherNonOperatingIncome": "None", "depreciation": "None", "depreciationAndAmortization": "711000000", "incomeBeforeTax": "3618000000", "incomeTaxExpense": "1144000000", "interestAndDebtExpense": "None", "netIncomeFromContinuingOperations": "8164000000", "comprehensiveIncomeNetOfTax": "None", "ebit": "3752000000", "ebitda": "4463000000", "netIncome": "2366000000"}, {"fiscalDateEnding": "2017-03-31", "reportedCurrency": "USD", "grossProfit": "6367000000", "totalRevenue": "13336000000", "costOfRevenue": "6969000000", "costofGoodsAndServicesSold": "6969000000", "operatingIncome": "3750000000", "sellingGeneralAndAdministrative": "1941000000", "researchAndDevelopment": "None", "operatingExpenses": "2617000000", "investmentIncomeNet": "None", "netInterestIncome": "None", "interestIncome": "None", "interestExpense": "115000000", "nonInterestIncome": "None", "otherNonOperatingIncome": "None", "depreciation": "None", "depreciationAndAmortization": "676000000", "incomeBeforeTax": "3751000000", "incomeTaxExpense": "1212000000", "interestAndDebtExpense": "None", "netIncomeFromContinuingOperations": "-7915000000", "comprehensiveIncomeNetOfTax": "None", "ebit": "3866000000", "ebitda": "4542000000", "netIncome": "2388000000"}, {"fiscalDateEnding": "2016-12-31", "reportedCurrency": "USD", "grossProfit": "6378000000", "totalRevenue": "14784000000", "costOfRevenue": "8406000000", "costofGoodsAndServicesSold": "8406000000", "operatingIncome": "3706000000", "sellingGeneralAndAdministrative": "1985000000", "researchAndDevelopment": "None", "operatingExpenses": "2672000000", "investmentIncomeNet": "None", "netInterestIncome": "None", "interestIncome": "None", "interestExpense": "121000000", "nonInterestIncome": "None", "otherNonOperatingIncome": "None", "depreciation": "None", "depreciationAndAmortization": "687000000", "incomeBeforeTax": "3725000000", "incomeTaxExpense": "1237000000", "interestAndDebtExpense": "None", "netIncomeFromContinuingOperations": "2597000000", "comprehensiveIncomeNetOfTax": "None", "ebit": "3846000000", "ebitda": "4533000000", "netIncome": "2479000000"}, {"fiscalDateEnding": "2016-09-30", "reportedCurrency": "USD", "grossProfit": "5837000000", "totalRevenue": "13142000000", "costOfRevenue": "7305000000", "costofGoodsAndServicesSold": "7305000000", "operatingIncome": "2861000000", "sellingGeneralAndAdministrative": "2287000000", "researchAndDevelopment": "None", "operatingExpenses": "2976000000", "investmentIncomeNet": "None", "netInterestIncome": "None", "interestIncome": "None", "interestExpense": "119000000", "nonInterestIncome": "None", "otherNonOperatingIncome": "None", "depreciation": "None", "depreciationAndAmortization": "689000000", "incomeBeforeTax": "2881000000", "incomeTaxExpense": "989000000", "interestAndDebtExpense": "None", "netIncomeFromContinuingOperations": "13920000000", "comprehensiveIncomeNetOfTax": "None", "ebit": "3000000000", "ebitda": "3689000000", "netIncome": "1771000000"}, {"fiscalDateEnding": "2016-06-30", "reportedCurrency": "USD", "grossProfit": "7076000000", "totalRevenue": "14277000000", "costOfRevenue": "7201000000", "costofGoodsAndServicesSold": "7201000000", "operatingIncome": "4145000000", "sellingGeneralAndAdministrative": "2305000000", "researchAndDevelopment": "None", "operatingExpenses": "2931000000", "investmentIncomeNet": "None", "netInterestIncome": "None", "interestIncome": "None", "interestExpense": "88000000", "nonInterestIncome": "None", "otherNonOperatingIncome": "None", "depreciation": "None", "depreciationAndAmortization": "626000000", "incomeBeforeTax": "4183000000", "incomeTaxExpense": "1471000000", "interestAndDebtExpense": "None", "netIncomeFromContinuingOperations": "-6423000000", "comprehensiveIncomeNetOfTax": "None", "ebit": "4271000000", "ebitda": "4897000000", "netIncome": "2597000000"}, {"fiscalDateEnding": "2016-03-31", "reportedCurrency": "USD", "grossProfit": "6105000000", "totalRevenue": "12969000000", "costOfRevenue": "6864000000", "costofGoodsAndServicesSold": "6864000000", "operatingIncome": "3363000000", "sellingGeneralAndAdministrative": "2137000000", "researchAndDevelopment": "None", "operatingExpenses": "2742000000", "investmentIncomeNet": "None", "netInterestIncome": "None", "interestIncome": "None", "interestExpense": "81000000", "nonInterestIncome": "None", "otherNonOperatingIncome": "None", "depreciation": "None", "depreciationAndAmortization": "605000000", "incomeBeforeTax": "3446000000", "incomeTaxExpense": "1170000000", "interestAndDebtExpense": "None", "netIncomeFromContinuingOperations": "2293000000", "comprehensiveIncomeNetOfTax": "None", "ebit": "3527000000", "ebitda": "4132000000", "netIncome": "2143000000"}, {"fiscalDateEnding": "2015-12-31", "reportedCurrency": "USD", "grossProfit": "6621000000", "totalRevenue": "15244000000", "costOfRevenue": "8623000000", "costofGoodsAndServicesSold": "8623000000", "operatingIncome": "3989000000", "sellingGeneralAndAdministrative": "2025000000", "researchAndDevelopment": "None", "operatingExpenses": "2632000000", "investmentIncomeNet": "None", "netInterestIncome": "None", "interestIncome": "None", "interestExpense": "66000000", "nonInterestIncome": "None", "otherNonOperatingIncome": "None", "depreciation": "None", "depreciationAndAmortization": "607000000", "incomeBeforeTax": "4358000000", "incomeTaxExpense": "1448000000", "interestAndDebtExpense": "None", "netIncomeFromContinuingOperations": "0", "comprehensiveIncomeNetOfTax": "None", "ebit": "4424000000", "ebitda": "5031000000", "netIncome": "2880000000"}, {"fiscalDateEnding": "2015-09-30", "reportedCurrency": "USD", "grossProfit": "6157000000", "totalRevenue": "13512000000", "costOfRevenue": "7355000000", "costofGoodsAndServicesSold": "7355000000", "operatingIncome": "3148000000", "sellingGeneralAndAdministrative": "2406000000", "researchAndDevelopment": "None", "operatingExpenses": "3009000000", "investmentIncomeNet": "None", "netInterestIncome": "None", "interestIncome": "None", "interestExpense": "68000000", "nonInterestIncome": "None", "otherNonOperatingIncome": "None", "depreciation": "None", "depreciationAndAmortization": "603000000", "incomeBeforeTax": "3224000000", "incomeTaxExpense": "1483000000", "interestAndDebtExpense": "None", "netIncomeFromContinuingOperations": "8852000000", "comprehensiveIncomeNetOfTax": "None", "ebit": "3292000000", "ebitda": "3895000000", "netIncome": "1609000000"}, {"fiscalDateEnding": "2015-06-30", "reportedCurrency": "USD", "grossProfit": "6438000000", "totalRevenue": "13101000000", "costOfRevenue": "6663000000", "costofGoodsAndServicesSold": "6663000000", "operatingIncome": "3762000000", "sellingGeneralAndAdministrative": "2101000000", "researchAndDevelopment": "None", "operatingExpenses": "2676000000", "investmentIncomeNet": "None", "netInterestIncome": "None", "interestIncome": "None", "interestExpense": "62000000", "nonInterestIncome": "None", "otherNonOperatingIncome": "None", "depreciation": "None", "depreciationAndAmortization": "575000000", "incomeBeforeTax": "3962000000", "incomeTaxExpense": "1323000000", "interestAndDebtExpense": "None", "netIncomeFromContinuingOperations": "0", "comprehensiveIncomeNetOfTax": "None", "ebit": "4024000000", "ebitda": "4599000000", "netIncome": "2483000000"}, {"fiscalDateEnding": "2015-03-31", "reportedCurrency": "USD", "grossProfit": "5771000000", "totalRevenue": "12461000000", "costOfRevenue": "6690000000", "costofGoodsAndServicesSold": "6690000000", "operatingIncome": "3106000000", "sellingGeneralAndAdministrative": "2081000000", "researchAndDevelopment": "None", "operatingExpenses": "2665000000", "investmentIncomeNet": "None", "netInterestIncome": "None", "interestIncome": "None", "interestExpense": "66000000", "nonInterestIncome": "None", "otherNonOperatingIncome": "None", "depreciation": "None", "depreciationAndAmortization": "584000000", "incomeBeforeTax": "3320000000", "incomeTaxExpense": "1092000000", "interestAndDebtExpense": "None", "netIncomeFromContinuingOperations": "0", "comprehensiveIncomeNetOfTax": "None", "ebit": "3386000000", "ebitda": "3970000000", "netIncome": "2108000000"}, {"fiscalDateEnding": "2014-12-31", "reportedCurrency": "USD", "grossProfit": "5735000000", "totalRevenue": "13391000000", "costOfRevenue": "7656000000", "costofGoodsAndServicesSold": "7656000000", "operatingIncome": "3208000000", "sellingGeneralAndAdministrative": "1935000000", "researchAndDevelopment": "None", "operatingExpenses": "2527000000", "investmentIncomeNet": "None", "netInterestIncome": "None", "interestIncome": "None", "interestExpense": "69000000", "nonInterestIncome": "None", "otherNonOperatingIncome": "None", "depreciation": "None", "depreciationAndAmortization": "592000000", "incomeBeforeTax": "3362000000", "incomeTaxExpense": "1118000000", "interestAndDebtExpense": "None", "netIncomeFromContinuingOperations": "0", "comprehensiveIncomeNetOfTax": "None", "ebit": "3431000000", "ebitda": "4023000000", "netIncome": "2182000000"}, {"fiscalDateEnding": "2014-09-30", "reportedCurrency": "USD", "grossProfit": "13249000000", "totalRevenue": "12389000000", "costOfRevenue": "-860000000", "costofGoodsAndServicesSold": "-860000000", "operatingIncome": "2396000000", "sellingGeneralAndAdministrative": "8565000000", "researchAndDevelopment": "None", "operatingExpenses": "10853000000", "investmentIncomeNet": "None", "netInterestIncome": "None", "interestIncome": "None", "interestExpense": "72000000", "nonInterestIncome": "None", "otherNonOperatingIncome": "None", "depreciation": "None", "depreciationAndAmortization": "590000000", "incomeBeforeTax": "2461000000", "incomeTaxExpense": "836000000", "interestAndDebtExpense": "None", "netIncomeFromContinuingOperations": "8004000000", "comprehensiveIncomeNetOfTax": "None", "ebit": "2533000000", "ebitda": "3123000000", "netIncome": "1499000000"}, {"fiscalDateEnding": "2014-06-30", "reportedCurrency": "USD", "grossProfit": "6102000000", "totalRevenue": "12466000000", "costOfRevenue": "6364000000", "costofGoodsAndServicesSold": "6364000000", "operatingIncome": "3498000000", "sellingGeneralAndAdministrative": "0", "researchAndDevelopment": "None", "operatingExpenses": "2604000000", "investmentIncomeNet": "None", "netInterestIncome": "None", "interestIncome": "None", "interestExpense": "74000000", "nonInterestIncome": "None", "otherNonOperatingIncome": "None", "depreciation": "None", "depreciationAndAmortization": "557000000", "incomeBeforeTax": "3670000000", "incomeTaxExpense": "1251000000", "interestAndDebtExpense": "None", "netIncomeFromContinuingOperations": "0", "comprehensiveIncomeNetOfTax": "None", "ebit": "3744000000", "ebitda": "4301000000", "netIncome": "2245000000"}, {"fiscalDateEnding": "2014-03-31", "reportedCurrency": "USD", "grossProfit": "5677000000", "totalRevenue": "11649000000", "costOfRevenue": "5972000000", "costofGoodsAndServicesSold": "5972000000", "operatingIncome": "2981000000", "sellingGeneralAndAdministrative": "0", "researchAndDevelopment": "None", "operatingExpenses": "2696000000", "investmentIncomeNet": "None", "netInterestIncome": "None", "interestIncome": "None", "interestExpense": "67000000", "nonInterestIncome": "None", "otherNonOperatingIncome": "None", "depreciation": "None", "depreciationAndAmortization": "580000000", "incomeBeforeTax": "3175000000", "incomeTaxExpense": "1119000000", "interestAndDebtExpense": "None", "netIncomeFromContinuingOperations": "0", "comprehensiveIncomeNetOfTax": "None", "ebit": "3242000000", "ebitda": "3822000000", "netIncome": "1917000000"}, {"fiscalDateEnding": "2013-12-31", "reportedCurrency": "USD", "grossProfit": "5244000000", "totalRevenue": "12309000000", "costOfRevenue": "7065000000", "costofGoodsAndServicesSold": "7065000000", "operatingIncome": "2665000000", "sellingGeneralAndAdministrative": "0", "researchAndDevelopment": "None", "operatingExpenses": "2579000000", "investmentIncomeNet": "None", "netInterestIncome": "None", "interestIncome": "None", "interestExpense": "81000000", "nonInterestIncome": "None", "otherNonOperatingIncome": "None", "depreciation": "None", "depreciationAndAmortization": "561000000", "incomeBeforeTax": "2940000000", "incomeTaxExpense": "1036000000", "interestAndDebtExpense": "None", "netIncomeFromContinuingOperations": "0", "comprehensiveIncomeNetOfTax": "None", "ebit": "3021000000", "ebitda": "3582000000", "netIncome": "1840000000"}, {"fiscalDateEnding": "2013-09-30", "reportedCurrency": "USD", "grossProfit": "2159000000", "totalRevenue": "11568000000", "costOfRevenue": "9409000000", "costofGoodsAndServicesSold": "9409000000", "operatingIncome": "2159000000", "sellingGeneralAndAdministrative": "0", "researchAndDevelopment": "None", "operatingExpenses": "10574000000", "investmentIncomeNet": "None", "netInterestIncome": "None", "interestIncome": "None", "interestExpense": "81000000", "nonInterestIncome": "None", "otherNonOperatingIncome": "None", "depreciation": "None", "depreciationAndAmortization": "559000000", "incomeBeforeTax": "2224000000", "incomeTaxExpense": "681000000", "interestAndDebtExpense": "None", "netIncomeFromContinuingOperations": "0", "comprehensiveIncomeNetOfTax": "None", "ebit": "2305000000", "ebitda": "2864000000", "netIncome": "1394000000"}, {"fiscalDateEnding": "2013-06-30", "reportedCurrency": "USD", "grossProfit": "3004000000", "totalRevenue": "11578000000", "costOfRevenue": "8574000000", "costofGoodsAndServicesSold": "8574000000", "operatingIncome": "3004000000", "sellingGeneralAndAdministrative": "0", "researchAndDevelopment": "None", "operatingExpenses": "172000000", "investmentIncomeNet": "None", "netInterestIncome": "None", "interestIncome": "None", "interestExpense": "93000000", "nonInterestIncome": "None", "otherNonOperatingIncome": "None", "depreciation": "None", "depreciationAndAmortization": "569000000", "incomeBeforeTax": "3093000000", "incomeTaxExpense": "1059000000", "interestAndDebtExpense": "None", "netIncomeFromContinuingOperations": "0", "comprehensiveIncomeNetOfTax": "None", "ebit": "3186000000", "ebitda": "3755000000", "netIncome": "1847000000"}, {"fiscalDateEnding": "2013-03-31", "reportedCurrency": "USD", "grossProfit": "2195000000", "totalRevenue": "10554000000", "costOfRevenue": "8359000000", "costofGoodsAndServicesSold": "8359000000", "operatingIncome": "2195000000", "sellingGeneralAndAdministrative": "0", "researchAndDevelopment": "None", "operatingExpenses": "134000000", "investmentIncomeNet": "None", "netInterestIncome": "None", "interestIncome": "None", "interestExpense": "83000000", "nonInterestIncome": "None", "otherNonOperatingIncome": "None", "depreciation": "None", "depreciationAndAmortization": "550000000", "incomeBeforeTax": "2275000000", "incomeTaxExpense": "654000000", "interestAndDebtExpense": "None", "netIncomeFromContinuingOperations": "0", "comprehensiveIncomeNetOfTax": "None", "ebit": "2358000000", "ebitda": "2908000000", "netIncome": "1513000000"}, {"fiscalDateEnding": "2012-12-31", "reportedCurrency": "USD", "grossProfit": "2092000000", "totalRevenue": "11341000000", "costOfRevenue": "9249000000", "costofGoodsAndServicesSold": "9249000000", "operatingIncome": "2092000000", "sellingGeneralAndAdministrative": "0", "researchAndDevelopment": "None", "operatingExpenses": "8000000", "investmentIncomeNet": "None", "netInterestIncome": "None", "interestIncome": "None", "interestExpense": "92000000", "nonInterestIncome": "None", "otherNonOperatingIncome": "None", "depreciation": "None", "depreciationAndAmortization": "514000000", "incomeBeforeTax": "2028000000", "incomeTaxExpense": "590000000", "interestAndDebtExpense": "None", "netIncomeFromContinuingOperations": "0", "comprehensiveIncomeNetOfTax": "None", "ebit": "2120000000", "ebitda": "2634000000", "netIncome": "1382000000"}, {"fiscalDateEnding": "2012-09-30", "reportedCurrency": "USD", "grossProfit": "2024000000", "totalRevenue": "10782000000", "costOfRevenue": "8758000000", "costofGoodsAndServicesSold": "8758000000", "operatingIncome": "2024000000", "sellingGeneralAndAdministrative": "0", "researchAndDevelopment": "None", "operatingExpenses": "160000000", "investmentIncomeNet": "None", "netInterestIncome": "None", "interestIncome": "None", "interestExpense": "115000000", "nonInterestIncome": "None", "otherNonOperatingIncome": "None", "depreciation": "None", "depreciationAndAmortization": "492000000", "incomeBeforeTax": "2114000000", "incomeTaxExpense": "724000000", "interestAndDebtExpense": "None", "netIncomeFromContinuingOperations": "0", "comprehensiveIncomeNetOfTax": "None", "ebit": "2229000000", "ebitda": "2721000000", "netIncome": "1244000000"}, {"fiscalDateEnding": "2012-06-30", "reportedCurrency": "USD", "grossProfit": "2960000000", "totalRevenue": "11088000000", "costOfRevenue": "8128000000", "costofGoodsAndServicesSold": "8128000000", "operatingIncome": "2960000000", "sellingGeneralAndAdministrative": "0", "researchAndDevelopment": "None", "operatingExpenses": "8135000000", "investmentIncomeNet": "None", "netInterestIncome": "None", "interestIncome": "None", "interestExpense": "115000000", "nonInterestIncome": "None", "otherNonOperatingIncome": "None", "depreciation": "None", "depreciationAndAmortization": "522000000", "incomeBeforeTax": "3029000000", "incomeTaxExpense": "993000000", "interestAndDebtExpense": "None", "netIncomeFromContinuingOperations": "0", "comprehensiveIncomeNetOfTax": "None", "ebit": "3144000000", "ebitda": "3666000000", "netIncome": "1831000000"}, {"fiscalDateEnding": "2012-03-31", "reportedCurrency": "USD", "grossProfit": "1687000000", "totalRevenue": "9629000000", "costOfRevenue": "7942000000", "costofGoodsAndServicesSold": "7942000000", "operatingIncome": "1687000000", "sellingGeneralAndAdministrative": "0", "researchAndDevelopment": "None", "operatingExpenses": "7980000000", "investmentIncomeNet": "None", "netInterestIncome": "None", "interestIncome": "None", "interestExpense": "126000000", "nonInterestIncome": "None", "otherNonOperatingIncome": "None", "depreciation": "None", "depreciationAndAmortization": "488000000", "incomeBeforeTax": "1876000000", "incomeTaxExpense": "650000000", "interestAndDebtExpense": "None", "netIncomeFromContinuingOperations": "0", "comprehensiveIncomeNetOfTax": "None", "ebit": "2002000000", "ebitda": "2490000000", "netIncome": "1143000000"}, {"fiscalDateEnding": "2011-12-31", "reportedCurrency": "USD", "grossProfit": "2192000000", "totalRevenue": "10779000000", "costOfRevenue": "8587000000", "costofGoodsAndServicesSold": "8587000000", "operatingIncome": "2192000000", "sellingGeneralAndAdministrative": "0", "researchAndDevelopment": "None", "operatingExpenses": "8593000000", "investmentIncomeNet": "None", "netInterestIncome": "None", "interestIncome": "None", "interestExpense": "116000000", "nonInterestIncome": "None", "otherNonOperatingIncome": "None", "depreciation": "None", "depreciationAndAmortization": "485000000", "incomeBeforeTax": "2241000000", "incomeTaxExpense": "720000000", "interestAndDebtExpense": "None", "netIncomeFromContinuingOperations": "0", "comprehensiveIncomeNetOfTax": "None", "ebit": "2357000000", "ebitda": "2842000000", "netIncome": "1464000000"}, {"fiscalDateEnding": "2011-09-30", "reportedCurrency": "USD", "grossProfit": "1867000000", "totalRevenue": "10425000000", "costOfRevenue": "8558000000", "costofGoodsAndServicesSold": "8558000000", "operatingIncome": "1867000000", "sellingGeneralAndAdministrative": "0", "researchAndDevelopment": "None", "operatingExpenses": "8567000000", "investmentIncomeNet": "None", "netInterestIncome": "None", "interestIncome": "None", "interestExpense": "111000000", "nonInterestIncome": "None", "otherNonOperatingIncome": "None", "depreciation": "None", "depreciationAndAmortization": "462000000", "incomeBeforeTax": "1903000000", "incomeTaxExpense": "652000000", "interestAndDebtExpense": "None", "netIncomeFromContinuingOperations": "0", "comprehensiveIncomeNetOfTax": "None", "ebit": "2014000000", "ebitda": "2476000000", "netIncome": "1087000000"}, {"fiscalDateEnding": "2011-06-30", "reportedCurrency": "USD", "grossProfit": "2446000000", "totalRevenue": "10675000000", "costOfRevenue": "8229000000", "costofGoodsAndServicesSold": "8229000000", "operatingIncome": "2446000000", "sellingGeneralAndAdministrative": "0", "researchAndDevelopment": "None", "operatingExpenses": "8263000000", "investmentIncomeNet": "None", "netInterestIncome": "None", "interestIncome": "None", "interestExpense": "113000000", "nonInterestIncome": "None", "otherNonOperatingIncome": "None", "depreciation": "None", "depreciationAndAmortization": "476000000", "incomeBeforeTax": "2508000000", "incomeTaxExpense": "845000000", "interestAndDebtExpense": "None", "netIncomeFromContinuingOperations": "0", "comprehensiveIncomeNetOfTax": "None", "ebit": "2621000000", "ebitda": "3097000000", "netIncome": "1476000000"}, {"fiscalDateEnding": "2011-03-31", "reportedCurrency": "USD", "grossProfit": "1528000000", "totalRevenue": "9077000000", "costOfRevenue": "7549000000", "costofGoodsAndServicesSold": "7549000000", "operatingIncome": "1528000000", "sellingGeneralAndAdministrative": "0", "researchAndDevelopment": "None", "operatingExpenses": "7549000000", "investmentIncomeNet": "None", "netInterestIncome": "None", "interestIncome": "None", "interestExpense": "111000000", "nonInterestIncome": "None", "otherNonOperatingIncome": "None", "depreciation": "None", "depreciationAndAmortization": "456000000", "incomeBeforeTax": "1568000000", "incomeTaxExpense": "558000000", "interestAndDebtExpense": "None", "netIncomeFromContinuingOperations": "0", "comprehensiveIncomeNetOfTax": "None", "ebit": "1679000000", "ebitda": "2135000000", "netIncome": "942000000"}, {"fiscalDateEnding": "2010-12-31", "reportedCurrency": "USD", "grossProfit": "1940000000", "totalRevenue": "10716000000", "costOfRevenue": "8776000000", "costofGoodsAndServicesSold": "8776000000", "operatingIncome": "1940000000", "sellingGeneralAndAdministrative": "0", "researchAndDevelopment": "None", "operatingExpenses": "8788000000", "investmentIncomeNet": "None", "netInterestIncome": "None", "interestIncome": "None", "interestExpense": "100000000", "nonInterestIncome": "None", "otherNonOperatingIncome": "None", "depreciation": "None", "depreciationAndAmortization": "447000000", "incomeBeforeTax": "2064000000", "incomeTaxExpense": "730000000", "interestAndDebtExpense": "None", "netIncomeFromContinuingOperations": "0", "comprehensiveIncomeNetOfTax": "None", "ebit": "2164000000", "ebitda": "2611000000", "netIncome": "1302000000"}, {"fiscalDateEnding": "2010-09-30", "reportedCurrency": "USD", "grossProfit": "1521000000", "totalRevenue": "9742000000", "costOfRevenue": "8221000000", "costofGoodsAndServicesSold": "8221000000", "operatingIncome": "1521000000", "sellingGeneralAndAdministrative": "0", "researchAndDevelopment": "None", "operatingExpenses": "8279000000", "investmentIncomeNet": "None", "netInterestIncome": "None", "interestIncome": "None", "interestExpense": "88000000", "nonInterestIncome": "None", "otherNonOperatingIncome": "None", "depreciation": "None", "depreciationAndAmortization": "434000000", "incomeBeforeTax": "1434000000", "incomeTaxExpense": "468000000", "interestAndDebtExpense": "None", "netIncomeFromContinuingOperations": "0", "comprehensiveIncomeNetOfTax": "None", "ebit": "1522000000", "ebitda": "1956000000", "netIncome": "835000000"}, {"fiscalDateEnding": "2010-06-30", "reportedCurrency": "USD", "grossProfit": "2279000000", "totalRevenue": "10002000000", "costOfRevenue": "7723000000", "costofGoodsAndServicesSold": "7723000000", "operatingIncome": "2279000000", "sellingGeneralAndAdministrative": "0", "researchAndDevelopment": "None", "operatingExpenses": "7759000000", "investmentIncomeNet": "None", "netInterestIncome": "None", "interestIncome": "None", "interestExpense": "103000000", "nonInterestIncome": "None", "otherNonOperatingIncome": "None", "depreciation": "None", "depreciationAndAmortization": "432000000", "incomeBeforeTax": "2336000000", "incomeTaxExpense": "831000000", "interestAndDebtExpense": "None", "netIncomeFromContinuingOperations": "0", "comprehensiveIncomeNetOfTax": "None", "ebit": "2439000000", "ebitda": "2871000000", "netIncome": "1331000000"}, {"fiscalDateEnding": "2010-03-31", "reportedCurrency": "USD", "grossProfit": "1512000000", "totalRevenue": "8580000000", "costOfRevenue": "7068000000", "costofGoodsAndServicesSold": "7068000000", "operatingIncome": "1512000000", "sellingGeneralAndAdministrative": "0", "researchAndDevelopment": "None", "operatingExpenses": "7139000000", "investmentIncomeNet": "None", "netInterestIncome": "None", "interestIncome": "None", "interestExpense": "147000000", "nonInterestIncome": "None", "otherNonOperatingIncome": "None", "depreciation": "None", "depreciationAndAmortization": "424000000", "incomeBeforeTax": "1535000000", "incomeTaxExpense": "537000000", "interestAndDebtExpense": "None", "netIncomeFromContinuingOperations": "0", "comprehensiveIncomeNetOfTax": "None", "ebit": "1682000000", "ebitda": "2106000000", "netIncome": "953000000"}, {"fiscalDateEnding": "2009-12-31", "reportedCurrency": "USD", "grossProfit": "1414000000", "totalRevenue": "9739000000", "costOfRevenue": "8325000000", "costofGoodsAndServicesSold": "8325000000", "operatingIncome": "1414000000", "sellingGeneralAndAdministrative": "0", "researchAndDevelopment": "None", "operatingExpenses": "-116000000", "investmentIncomeNet": "None", "netInterestIncome": "None", "interestIncome": "None", "interestExpense": "118000000", "nonInterestIncome": "None", "otherNonOperatingIncome": "None", "depreciation": "None", "depreciationAndAmortization": "423000000", "incomeBeforeTax": "1322000000", "incomeTaxExpense": "478000000", "interestAndDebtExpense": "None", "netIncomeFromContinuingOperations": "0", "comprehensiveIncomeNetOfTax": "None", "ebit": "1440000000", "ebitda": "1863000000", "netIncome": "844000000"}, {"fiscalDateEnding": "2009-09-30", "reportedCurrency": "USD", "grossProfit": "1595000000", "totalRevenue": "9867000000", "costOfRevenue": "8272000000", "costofGoodsAndServicesSold": "8272000000", "operatingIncome": "1595000000", "sellingGeneralAndAdministrative": "0", "researchAndDevelopment": "None", "operatingExpenses": "8438000000", "investmentIncomeNet": "None", "netInterestIncome": "None", "interestIncome": "None", "interestExpense": "124000000", "nonInterestIncome": "None", "otherNonOperatingIncome": "None", "depreciation": "None", "depreciationAndAmortization": "425000000", "incomeBeforeTax": "1661000000", "incomeTaxExpense": "587000000", "interestAndDebtExpense": "None", "netIncomeFromContinuingOperations": "0", "comprehensiveIncomeNetOfTax": "None", "ebit": "1785000000", "ebitda": "2210000000", "netIncome": "895000000"}, {"fiscalDateEnding": "2009-06-30", "reportedCurrency": "USD", "grossProfit": "1598000000", "totalRevenue": "8596000000", "costOfRevenue": "6998000000", "costofGoodsAndServicesSold": "6998000000", "operatingIncome": "1598000000", "sellingGeneralAndAdministrative": "0", "researchAndDevelopment": "None", "operatingExpenses": "7019000000", "investmentIncomeNet": "None", "netInterestIncome": "None", "interestIncome": "None", "interestExpense": "134000000", "nonInterestIncome": "None", "otherNonOperatingIncome": "None", "depreciation": "None", "depreciationAndAmortization": "404000000", "incomeBeforeTax": "1657000000", "incomeTaxExpense": "626000000", "interestAndDebtExpense": "None", "netIncomeFromContinuingOperations": "0", "comprehensiveIncomeNetOfTax": "None", "ebit": "1791000000", "ebitda": "2195000000", "netIncome": "954000000"}, {"fiscalDateEnding": "2009-03-31", "reportedCurrency": "USD", "grossProfit": "1287000000", "totalRevenue": "8087000000", "costOfRevenue": "6800000000", "costofGoodsAndServicesSold": "6800000000", "operatingIncome": "1287000000", "sellingGeneralAndAdministrative": "0", "researchAndDevelopment": "None", "operatingExpenses": "7105000000", "investmentIncomeNet": "None", "netInterestIncome": "None", "interestIncome": "None", "interestExpense": "128000000", "nonInterestIncome": "None", "otherNonOperatingIncome": "None", "depreciation": "None", "depreciationAndAmortization": "406000000", "incomeBeforeTax": "1001000000", "incomeTaxExpense": "348000000", "interestAndDebtExpense": "None", "netIncomeFromContinuingOperations": "0", "comprehensiveIncomeNetOfTax": "None", "ebit": "1129000000", "ebitda": "1535000000", "netIncome": "613000000"}, {"fiscalDateEnding": "2008-12-31", "reportedCurrency": "USD", "grossProfit": "1217000000", "totalRevenue": "9599000000", "costOfRevenue": "8382000000", "costofGoodsAndServicesSold": "8382000000", "operatingIncome": "1217000000", "sellingGeneralAndAdministrative": "None", "researchAndDevelopment": "None", "operatingExpenses": "8382000000", "investmentIncomeNet": "None", "netInterestIncome": "None", "interestIncome": "None", "interestExpense": "139000000", "nonInterestIncome": "None", "otherNonOperatingIncome": "None", "depreciation": "None", "depreciationAndAmortization": "396000000", "incomeBeforeTax": "1339000000", "incomeTaxExpense": "488000000", "interestAndDebtExpense": "None", "netIncomeFromContinuingOperations": "None", "comprehensiveIncomeNetOfTax": "None", "ebit": "1478000000", "ebitda": "1874000000", "netIncome": "845000000"}, {"fiscalDateEnding": "2008-09-30", "reportedCurrency": "USD", "grossProfit": "1452000000", "totalRevenue": "9445000000", "costOfRevenue": "7993000000", "costofGoodsAndServicesSold": "7993000000", "operatingIncome": "1452000000", "sellingGeneralAndAdministrative": "0", "researchAndDevelopment": "None", "operatingExpenses": "7993000000", "investmentIncomeNet": "None", "netInterestIncome": "None", "interestIncome": "None", "interestExpense": "149000000", "nonInterestIncome": "None", "otherNonOperatingIncome": "None", "depreciation": "None", "depreciationAndAmortization": "404000000", "incomeBeforeTax": "1387000000", "incomeTaxExpense": "490000000", "interestAndDebtExpense": "None", "netIncomeFromContinuingOperations": "0", "comprehensiveIncomeNetOfTax": "None", "ebit": "1452000000", "ebitda": "1856000000", "netIncome": "760000000"}, {"fiscalDateEnding": "2008-06-30", "reportedCurrency": "USD", "grossProfit": "2021000000", "totalRevenue": "9236000000", "costOfRevenue": "7215000000", "costofGoodsAndServicesSold": "7215000000", "operatingIncome": "2021000000", "sellingGeneralAndAdministrative": "0", "researchAndDevelopment": "None", "operatingExpenses": "7215000000", "investmentIncomeNet": "None", "netInterestIncome": "None", "interestIncome": "None", "interestExpense": "141000000", "nonInterestIncome": "None", "otherNonOperatingIncome": "None", "depreciation": "None", "depreciationAndAmortization": "402000000", "incomeBeforeTax": "2087000000", "incomeTaxExpense": "712000000", "interestAndDebtExpense": "None", "netIncomeFromContinuingOperations": "0", "comprehensiveIncomeNetOfTax": "None", "ebit": "2228000000", "ebitda": "2630000000", "netIncome": "1284000000"}, {"fiscalDateEnding": "2008-03-31", "reportedCurrency": "USD", "grossProfit": "1898000000", "totalRevenue": "8710000000", "costOfRevenue": "6812000000", "costofGoodsAndServicesSold": "6812000000", "operatingIncome": "1898000000", "sellingGeneralAndAdministrative": "0", "researchAndDevelopment": "None", "operatingExpenses": "6812000000", "investmentIncomeNet": "None", "netInterestIncome": "None", "interestIncome": "None", "interestExpense": "186000000", "nonInterestIncome": "None", "otherNonOperatingIncome": "None", "depreciation": "None", "depreciationAndAmortization": "391000000", "incomeBeforeTax": "1895000000", "incomeTaxExpense": "712000000", "interestAndDebtExpense": "None", "netIncomeFromContinuingOperations": "0", "comprehensiveIncomeNetOfTax": "None", "ebit": "2081000000", "ebitda": "2472000000", "netIncome": "1133000000"}, {"fiscalDateEnding": "2007-12-31", "reportedCurrency": "USD", "grossProfit": "2033000000", "totalRevenue": "10452000000", "costOfRevenue": "8419000000", "costofGoodsAndServicesSold": "8419000000", "operatingIncome": "2033000000", "sellingGeneralAndAdministrative": "0", "researchAndDevelopment": "None", "operatingExpenses": "8419000000", "investmentIncomeNet": "None", "netInterestIncome": "None", "interestIncome": "None", "interestExpense": "216000000", "nonInterestIncome": "None", "otherNonOperatingIncome": "None", "depreciation": "None", "depreciationAndAmortization": "385000000", "incomeBeforeTax": "2033000000", "incomeTaxExpense": "759000000", "interestAndDebtExpense": "None", "netIncomeFromContinuingOperations": "0", "comprehensiveIncomeNetOfTax": "None", "ebit": "2033000000", "ebitda": "2418000000", "netIncome": "1250000000"}, {"fiscalDateEnding": "2007-09-30", "reportedCurrency": "USD", "grossProfit": "1571000000", "totalRevenue": "8930000000", "costOfRevenue": "7359000000", "costofGoodsAndServicesSold": "7359000000", "operatingIncome": "1571000000", "sellingGeneralAndAdministrative": "0", "researchAndDevelopment": "None", "operatingExpenses": "7311000000", "investmentIncomeNet": "None", "netInterestIncome": "None", "interestIncome": "None", "interestExpense": "208000000", "nonInterestIncome": "None", "otherNonOperatingIncome": "None", "depreciation": "None", "depreciationAndAmortization": "392000000", "incomeBeforeTax": "1504000000", "incomeTaxExpense": "521000000", "interestAndDebtExpense": "None", "netIncomeFromContinuingOperations": "0", "comprehensiveIncomeNetOfTax": "None", "ebit": "1571000000", "ebitda": "1963000000", "netIncome": "877000000"}, {"fiscalDateEnding": "2007-06-30", "reportedCurrency": "USD", "grossProfit": "2023000000", "totalRevenue": "9045000000", "costOfRevenue": "7022000000", "costofGoodsAndServicesSold": "7022000000", "operatingIncome": "2023000000", "sellingGeneralAndAdministrative": "0", "researchAndDevelopment": "None", "operatingExpenses": "7022000000", "investmentIncomeNet": "None", "netInterestIncome": "None", "interestIncome": "None", "interestExpense": "183000000", "nonInterestIncome": "None", "otherNonOperatingIncome": "None", "depreciation": "None", "depreciationAndAmortization": "365000000", "incomeBeforeTax": "2027000000", "incomeTaxExpense": "762000000", "interestAndDebtExpense": "None", "netIncomeFromContinuingOperations": "0", "comprehensiveIncomeNetOfTax": "None", "ebit": "2023000000", "ebitda": "2388000000", "netIncome": "1178000000"}, {"fiscalDateEnding": "2007-03-31", "reportedCurrency": "USD", "grossProfit": "1513000000", "totalRevenue": "7954000000", "costOfRevenue": "6441000000", "costofGoodsAndServicesSold": "6441000000", "operatingIncome": "1513000000", "sellingGeneralAndAdministrative": "0", "researchAndDevelopment": "None", "operatingExpenses": "6441000000", "investmentIncomeNet": "None", "netInterestIncome": "None", "interestIncome": "None", "interestExpense": "167000000", "nonInterestIncome": "None", "otherNonOperatingIncome": "None", "depreciation": "None", "depreciationAndAmortization": "360000000", "incomeBeforeTax": "1504000000", "incomeTaxExpense": "582000000", "interestAndDebtExpense": "None", "netIncomeFromContinuingOperations": "0", "comprehensiveIncomeNetOfTax": "None", "ebit": "1513000000", "ebitda": "1873000000", "netIncome": "931000000"}, {"fiscalDateEnding": "2006-12-31", "reportedCurrency": "USD", "grossProfit": "1674000000", "totalRevenue": "9581000000", "costOfRevenue": "7907000000", "costofGoodsAndServicesSold": "7907000000", "operatingIncome": "1674000000", "sellingGeneralAndAdministrative": "0", "researchAndDevelopment": "None", "operatingExpenses": "7907000000", "investmentIncomeNet": "None", "netInterestIncome": "None", "interestIncome": "None", "interestExpense": "188000000", "nonInterestIncome": "None", "otherNonOperatingIncome": "None", "depreciation": "None", "depreciationAndAmortization": "374000000", "incomeBeforeTax": "2690000000", "incomeTaxExpense": "1009000000", "interestAndDebtExpense": "None", "netIncomeFromContinuingOperations": "0", "comprehensiveIncomeNetOfTax": "None", "ebit": "1674000000", "ebitda": "2048000000", "netIncome": "1701000000"}, {"fiscalDateEnding": "2006-09-30", "reportedCurrency": "USD", "grossProfit": "1343000000", "totalRevenue": "8784000000", "costOfRevenue": "7441000000", "costofGoodsAndServicesSold": "7441000000", "operatingIncome": "1343000000", "sellingGeneralAndAdministrative": "0", "researchAndDevelopment": "None", "operatingExpenses": "7142000000", "investmentIncomeNet": "None", "netInterestIncome": "None", "interestIncome": "None", "interestExpense": "180000000", "nonInterestIncome": "None", "otherNonOperatingIncome": "None", "depreciation": "None", "depreciationAndAmortization": "348000000", "incomeBeforeTax": "1310000000", "incomeTaxExpense": "446000000", "interestAndDebtExpense": "None", "netIncomeFromContinuingOperations": "0", "comprehensiveIncomeNetOfTax": "None", "ebit": "1343000000", "ebitda": "1691000000", "netIncome": "782000000"}, {"fiscalDateEnding": "2006-06-30", "reportedCurrency": "USD", "grossProfit": "1740000000", "totalRevenue": "8474000000", "costOfRevenue": "6734000000", "costofGoodsAndServicesSold": "6734000000", "operatingIncome": "1740000000", "sellingGeneralAndAdministrative": "0", "researchAndDevelopment": "None", "operatingExpenses": "6716000000", "investmentIncomeNet": "None", "netInterestIncome": "None", "interestIncome": "None", "interestExpense": "158000000", "nonInterestIncome": "None", "otherNonOperatingIncome": "None", "depreciation": "None", "depreciationAndAmortization": "356000000", "incomeBeforeTax": "1761000000", "incomeTaxExpense": "593000000", "interestAndDebtExpense": "None", "netIncomeFromContinuingOperations": "0", "comprehensiveIncomeNetOfTax": "None", "ebit": "1740000000", "ebitda": "2096000000", "netIncome": "1125000000"}, {"fiscalDateEnding": "2006-03-31", "reportedCurrency": "USD", "grossProfit": "1186000000", "totalRevenue": "8027000000", "costOfRevenue": "6841000000", "costofGoodsAndServicesSold": "6841000000", "operatingIncome": "1186000000", "sellingGeneralAndAdministrative": "0", "researchAndDevelopment": "None", "operatingExpenses": "6841000000", "investmentIncomeNet": "None", "netInterestIncome": "None", "interestIncome": "None", "interestExpense": "187000000", "nonInterestIncome": "None", "otherNonOperatingIncome": "None", "depreciation": "None", "depreciationAndAmortization": "357000000", "incomeBeforeTax": "1149000000", "incomeTaxExpense": "404000000", "interestAndDebtExpense": "None", "netIncomeFromContinuingOperations": "0", "comprehensiveIncomeNetOfTax": "None", "ebit": "1186000000", "ebitda": "1543000000", "netIncome": "733000000"}, {"fiscalDateEnding": "2005-12-31", "reportedCurrency": "USD", "grossProfit": "1161000000", "totalRevenue": "8854000000", "costOfRevenue": "7693000000", "costofGoodsAndServicesSold": "7693000000", "operatingIncome": "1161000000", "sellingGeneralAndAdministrative": "0", "researchAndDevelopment": "None", "operatingExpenses": "7693000000", "investmentIncomeNet": "None", "netInterestIncome": "None", "interestIncome": "None", "interestExpense": "181000000", "nonInterestIncome": "None", "otherNonOperatingIncome": "None", "depreciation": "None", "depreciationAndAmortization": "369000000", "incomeBeforeTax": "1179000000", "incomeTaxExpense": "429000000", "interestAndDebtExpense": "None", "netIncomeFromContinuingOperations": "0", "comprehensiveIncomeNetOfTax": "None", "ebit": "1161000000", "ebitda": "1530000000", "netIncome": "734000000"}]}