{"symbol": "ATEX", "annualReports": [{"fiscalDateEnding": "2025-03-31", "reportedCurrency": "USD", "grossProfit": "6031000", "totalRevenue": "6031000", "costOfRevenue": "None", "costofGoodsAndServicesSold": "None", "operatingIncome": "-11714000", "sellingGeneralAndAdministrative": "42671000", "researchAndDevelopment": "5735000", "operatingExpenses": "17745000", "investmentIncomeNet": "None", "netInterestIncome": "2159000", "interestIncome": "2159000", "interestExpense": "None", "nonInterestIncome": "None", "otherNonOperatingIncome": "None", "depreciation": "None", "depreciationAndAmortization": "548000", "incomeBeforeTax": "-9480000", "incomeTaxExpense": "1892000", "interestAndDebtExpense": "None", "netIncomeFromContinuingOperations": "-11372000", "comprehensiveIncomeNetOfTax": "None", "ebit": "-49033000", "ebitda": "-48485000", "netIncome": "-11372000"}, {"fiscalDateEnding": "2024-03-31", "reportedCurrency": "USD", "grossProfit": "4191000", "totalRevenue": "4191000", "costOfRevenue": "848000", "costofGoodsAndServicesSold": "848000", "operatingIncome": "-10122000", "sellingGeneralAndAdministrative": "44423000", "researchAndDevelopment": "5697000", "operatingExpenses": "14313000", "investmentIncomeNet": "None", "netInterestIncome": "2374000", "interestIncome": "2374000", "interestExpense": "None", "nonInterestIncome": "None", "otherNonOperatingIncome": "None", "depreciation": "None", "depreciationAndAmortization": "844000", "incomeBeforeTax": "-7515000", "incomeTaxExpense": "1613000", "interestAndDebtExpense": "None", "netIncomeFromContinuingOperations": "-9128000", "comprehensiveIncomeNetOfTax": "None", "ebit": "-52466000", "ebitda": "-51622000", "netIncome": "-9128000"}, {"fiscalDateEnding": "2023-03-31", "reportedCurrency": "USD", "grossProfit": "1919000", "totalRevenue": "1919000", "costOfRevenue": "5000", "costofGoodsAndServicesSold": "5000", "operatingIncome": "-16461000", "sellingGeneralAndAdministrative": "45177000", "researchAndDevelopment": "4439000", "operatingExpenses": "18380000", "investmentIncomeNet": "None", "netInterestIncome": "1140000", "interestIncome": "1140000", "interestExpense": "78184000", "nonInterestIncome": "None", "otherNonOperatingIncome": "1406000", "depreciation": "None", "depreciationAndAmortization": "1420000", "incomeBeforeTax": "-15055000", "incomeTaxExpense": "1262000", "interestAndDebtExpense": "None", "netIncomeFromContinuingOperations": "-16317000", "comprehensiveIncomeNetOfTax": "None", "ebit": "-54850000", "ebitda": "-53430000", "netIncome": "-16317000"}, {"fiscalDateEnding": "2022-03-31", "reportedCurrency": "USD", "grossProfit": "1079000", "totalRevenue": "1084000", "costOfRevenue": "5000", "costofGoodsAndServicesSold": "5000", "operatingIncome": "-36848000", "sellingGeneralAndAdministrative": "39525000", "researchAndDevelopment": "3593000", "operatingExpenses": "37927000", "investmentIncomeNet": "None", "netInterestIncome": "56000", "interestIncome": "56000", "interestExpense": "56000", "nonInterestIncome": "None", "otherNonOperatingIncome": "312000", "depreciation": "None", "depreciationAndAmortization": "1450000", "incomeBeforeTax": "-36536000", "incomeTaxExpense": "983000", "interestAndDebtExpense": "None", "netIncomeFromContinuingOperations": "-37519000", "comprehensiveIncomeNetOfTax": "None", "ebit": "-47950000", "ebitda": "-46500000", "netIncome": "-37519000"}, {"fiscalDateEnding": "2021-03-31", "reportedCurrency": "USD", "grossProfit": "-685000", "totalRevenue": "921000", "costOfRevenue": "1606000", "costofGoodsAndServicesSold": "1606000", "operatingIncome": "-54809000", "sellingGeneralAndAdministrative": "39302000", "researchAndDevelopment": "4343000", "operatingExpenses": "54124000", "investmentIncomeNet": "None", "netInterestIncome": "124000", "interestIncome": "124000", "interestExpense": "7639000", "nonInterestIncome": "None", "otherNonOperatingIncome": "499000", "depreciation": "None", "depreciationAndAmortization": "3533000", "incomeBeforeTax": "-54310000", "incomeTaxExpense": "124000", "interestAndDebtExpense": "None", "netIncomeFromContinuingOperations": "-54434000", "comprehensiveIncomeNetOfTax": "None", "ebit": "-50805000", "ebitda": "-47272000", "netIncome": "-54434000"}, {"fiscalDateEnding": "2020-03-31", "reportedCurrency": "USD", "grossProfit": "-1269000", "totalRevenue": "1564000", "costOfRevenue": "2833000", "costofGoodsAndServicesSold": "2833000", "operatingIncome": "-37533000", "sellingGeneralAndAdministrative": "25469000", "researchAndDevelopment": "2953000", "operatingExpenses": "36264000", "investmentIncomeNet": "None", "netInterestIncome": "1810000", "interestIncome": "1810000", "interestExpense": "1583000", "nonInterestIncome": "None", "otherNonOperatingIncome": "2147000", "depreciation": "None", "depreciationAndAmortization": "3591000", "incomeBeforeTax": "-35236000", "incomeTaxExpense": "2402000", "interestAndDebtExpense": "None", "netIncomeFromContinuingOperations": "-37638000", "comprehensiveIncomeNetOfTax": "None", "ebit": "-37337000", "ebitda": "-33746000", "netIncome": "-37638000"}, {"fiscalDateEnding": "2019-03-31", "reportedCurrency": "USD", "grossProfit": "-985000", "totalRevenue": "6499000", "costOfRevenue": "7484000", "costofGoodsAndServicesSold": "7484000", "operatingIncome": "-42742000", "sellingGeneralAndAdministrative": "25620000", "researchAndDevelopment": "2311000", "operatingExpenses": "31610000", "investmentIncomeNet": "None", "netInterestIncome": "1462000", "interestIncome": "1462000", "interestExpense": "0", "nonInterestIncome": "None", "otherNonOperatingIncome": "1434000", "depreciation": "None", "depreciationAndAmortization": "2858000", "incomeBeforeTax": "-41308000", "incomeTaxExpense": "685000", "interestAndDebtExpense": "None", "netIncomeFromContinuingOperations": "-41993000", "comprehensiveIncomeNetOfTax": "None", "ebit": "-32359000", "ebitda": "-29501000", "netIncome": "-41993000"}, {"fiscalDateEnding": "2018-03-31", "reportedCurrency": "USD", "grossProfit": "-1543000", "totalRevenue": "6355000", "costOfRevenue": "7898000", "costofGoodsAndServicesSold": "7898000", "operatingIncome": "-31726000", "sellingGeneralAndAdministrative": "20864000", "researchAndDevelopment": "2352000", "operatingExpenses": "30183000", "investmentIncomeNet": "None", "netInterestIncome": "738000", "interestIncome": "741000", "interestExpense": "3000", "nonInterestIncome": "None", "otherNonOperatingIncome": "None", "depreciation": "None", "depreciationAndAmortization": "2859000", "incomeBeforeTax": "-31066000", "incomeTaxExpense": "-438000", "interestAndDebtExpense": "None", "netIncomeFromContinuingOperations": "-30628000", "comprehensiveIncomeNetOfTax": "None", "ebit": "-31063000", "ebitda": "-28204000", "netIncome": "-30628000"}, {"fiscalDateEnding": "2017-03-31", "reportedCurrency": "USD", "grossProfit": "-2262000", "totalRevenue": "4787000", "costOfRevenue": "7049000", "costofGoodsAndServicesSold": "7049000", "operatingIncome": "-32783000", "sellingGeneralAndAdministrative": "22553000", "researchAndDevelopment": "2316000", "operatingExpenses": "30521000", "investmentIncomeNet": "None", "netInterestIncome": "123000", "interestIncome": "128000", "interestExpense": "5000", "nonInterestIncome": "None", "otherNonOperatingIncome": "None", "depreciation": "None", "depreciationAndAmortization": "2244000", "incomeBeforeTax": "-32688000", "incomeTaxExpense": "6498000", "interestAndDebtExpense": "None", "netIncomeFromContinuingOperations": "-39186000", "comprehensiveIncomeNetOfTax": "None", "ebit": "-32683000", "ebitda": "-30439000", "netIncome": "-39186000"}, {"fiscalDateEnding": "2016-03-31", "reportedCurrency": "USD", "grossProfit": "74680", "totalRevenue": "3543529", "costOfRevenue": "3468849", "costofGoodsAndServicesSold": "3468849", "operatingIncome": "-21929779", "sellingGeneralAndAdministrative": "16726269", "researchAndDevelopment": "1322552", "operatingExpenses": "22004459", "investmentIncomeNet": "None", "netInterestIncome": "None", "interestIncome": "100570", "interestExpense": "3024", "nonInterestIncome": "None", "otherNonOperatingIncome": "None", "depreciation": "None", "depreciationAndAmortization": "556318", "incomeBeforeTax": "-21827967", "incomeTaxExpense": "4274", "interestAndDebtExpense": "None", "netIncomeFromContinuingOperations": "-21828000", "comprehensiveIncomeNetOfTax": "None", "ebit": "-21824943", "ebitda": "-21268625", "netIncome": "-21827967"}, {"fiscalDateEnding": "2015-03-31", "reportedCurrency": "USD", "grossProfit": "2108477", "totalRevenue": "3171653", "costOfRevenue": "1063176", "costofGoodsAndServicesSold": "1063176", "operatingIncome": "-14163320", "sellingGeneralAndAdministrative": "13362242", "researchAndDevelopment": "1000890", "operatingExpenses": "16271797", "investmentIncomeNet": "None", "netInterestIncome": "None", "interestIncome": "None", "interestExpense": "570737", "nonInterestIncome": "None", "otherNonOperatingIncome": "None", "depreciation": "None", "depreciationAndAmortization": "96141", "incomeBeforeTax": "-14714168", "incomeTaxExpense": "19889", "interestAndDebtExpense": "None", "netIncomeFromContinuingOperations": "-14714168", "comprehensiveIncomeNetOfTax": "None", "ebit": "-14143431", "ebitda": "-14047290", "netIncome": "-14714168"}, {"fiscalDateEnding": "2014-03-31", "reportedCurrency": "USD", "grossProfit": "2415474", "totalRevenue": "3539595", "costOfRevenue": "1124121", "costofGoodsAndServicesSold": "1124121", "operatingIncome": "-886473", "sellingGeneralAndAdministrative": "925636", "researchAndDevelopment": "934818", "operatingExpenses": "3301947", "investmentIncomeNet": "None", "netInterestIncome": "None", "interestIncome": "None", "interestExpense": "325348", "nonInterestIncome": "None", "otherNonOperatingIncome": "None", "depreciation": "None", "depreciationAndAmortization": "59469", "incomeBeforeTax": "-1211821", "incomeTaxExpense": "None", "interestAndDebtExpense": "None", "netIncomeFromContinuingOperations": "None", "comprehensiveIncomeNetOfTax": "None", "ebit": "-886473", "ebitda": "-827004", "netIncome": "-1211821"}, {"fiscalDateEnding": "2013-03-31", "reportedCurrency": "USD", "grossProfit": "1934261", "totalRevenue": "2760095", "costOfRevenue": "825834", "costofGoodsAndServicesSold": "825834", "operatingIncome": "-1015082", "sellingGeneralAndAdministrative": "933194", "researchAndDevelopment": "715918", "operatingExpenses": "2949343", "investmentIncomeNet": "None", "netInterestIncome": "None", "interestIncome": "None", "interestExpense": "224836", "nonInterestIncome": "None", "otherNonOperatingIncome": "None", "depreciation": "None", "depreciationAndAmortization": "52726", "incomeBeforeTax": "-1239918", "incomeTaxExpense": "None", "interestAndDebtExpense": "None", "netIncomeFromContinuingOperations": "None", "comprehensiveIncomeNetOfTax": "None", "ebit": "-1015082", "ebitda": "-962356", "netIncome": "-1239918"}], "quarterlyReports": [{"fiscalDateEnding": "2025-12-31", "reportedCurrency": "USD", "grossProfit": "None", "totalRevenue": "1573000", "costOfRevenue": "None", "costofGoodsAndServicesSold": "None", "operatingIncome": "-9061000", "sellingGeneralAndAdministrative": "8656000", "researchAndDevelopment": "1104000", "operatingExpenses": "11768000", "investmentIncomeNet": "None", "netInterestIncome": "340000", "interestIncome": "340000", "interestExpense": "None", "nonInterestIncome": "None", "otherNonOperatingIncome": "None", "depreciation": "None", "depreciationAndAmortization": "104000", "incomeBeforeTax": "-8653000", "incomeTaxExpense": "-2052000", "interestAndDebtExpense": "None", "netIncomeFromContinuingOperations": "-6601000", "comprehensiveIncomeNetOfTax": "None", "ebit": "-8653000", "ebitda": "-8549000", "netIncome": "-6601000"}, {"fiscalDateEnding": "2025-09-30", "reportedCurrency": "USD", "grossProfit": "1552000", "totalRevenue": "1552000", "costOfRevenue": "None", "costofGoodsAndServicesSold": "None", "operatingIncome": "60675000", "sellingGeneralAndAdministrative": "8398000", "researchAndDevelopment": "1212000", "operatingExpenses": "-59123000", "investmentIncomeNet": "None", "netInterestIncome": "379000", "interestIncome": "379000", "interestExpense": "None", "nonInterestIncome": "None", "otherNonOperatingIncome": "None", "depreciation": "None", "depreciationAndAmortization": "133000", "incomeBeforeTax": "61054000", "incomeTaxExpense": "7518000", "interestAndDebtExpense": "None", "netIncomeFromContinuingOperations": "53536000", "comprehensiveIncomeNetOfTax": "None", "ebit": "61054000", "ebitda": "61187000", "netIncome": "53536000"}, {"fiscalDateEnding": "2025-06-30", "reportedCurrency": "USD", "grossProfit": "1418000", "totalRevenue": "1418000", "costOfRevenue": "124000", "costofGoodsAndServicesSold": "124000", "operatingIncome": "22481000", "sellingGeneralAndAdministrative": "10449000", "researchAndDevelopment": "1120000", "operatingExpenses": "-21063000", "investmentIncomeNet": "None", "netInterestIncome": "442000", "interestIncome": "442000", "interestExpense": "None", "nonInterestIncome": "None", "otherNonOperatingIncome": "None", "depreciation": "None", "depreciationAndAmortization": "124000", "incomeBeforeTax": "22923000", "incomeTaxExpense": "-2257000", "interestAndDebtExpense": "None", "netIncomeFromContinuingOperations": "25180000", "comprehensiveIncomeNetOfTax": "None", "ebit": "-11768000", "ebitda": "-11644000", "netIncome": "25180000"}, {"fiscalDateEnding": "2025-03-31", "reportedCurrency": "USD", "grossProfit": "1389000", "totalRevenue": "1389000", "costOfRevenue": "None", "costofGoodsAndServicesSold": "None", "operatingIncome": "9396000", "sellingGeneralAndAdministrative": "9220000", "researchAndDevelopment": "1089000", "operatingExpenses": "-8007000", "investmentIncomeNet": "None", "netInterestIncome": "446000", "interestIncome": "446000", "interestExpense": "None", "nonInterestIncome": "None", "otherNonOperatingIncome": "None", "depreciation": "None", "depreciationAndAmortization": "76000", "incomeBeforeTax": "9882000", "incomeTaxExpense": "674000", "interestAndDebtExpense": "None", "netIncomeFromContinuingOperations": "9208000", "comprehensiveIncomeNetOfTax": "None", "ebit": "-10590000", "ebitda": "-10514000", "netIncome": "9208000"}, {"fiscalDateEnding": "2024-12-31", "reportedCurrency": "USD", "grossProfit": "1566000", "totalRevenue": "1566000", "costOfRevenue": "142000", "costofGoodsAndServicesSold": "142000", "operatingIncome": "7032000", "sellingGeneralAndAdministrative": "9203000", "researchAndDevelopment": "1120000", "operatingExpenses": "-5466000", "investmentIncomeNet": "None", "netInterestIncome": "434000", "interestIncome": "434000", "interestExpense": "None", "nonInterestIncome": "None", "otherNonOperatingIncome": "None", "depreciation": "None", "depreciationAndAmortization": "142000", "incomeBeforeTax": "7476000", "incomeTaxExpense": "-234000", "interestAndDebtExpense": "None", "netIncomeFromContinuingOperations": "7710000", "comprehensiveIncomeNetOfTax": "None", "ebit": "-10208000", "ebitda": "-10066000", "netIncome": "7710000"}, {"fiscalDateEnding": "2024-09-30", "reportedCurrency": "USD", "grossProfit": "1551000", "totalRevenue": "1551000", "costOfRevenue": "151000", "costofGoodsAndServicesSold": "151000", "operatingIncome": "-13130000", "sellingGeneralAndAdministrative": "11397000", "researchAndDevelopment": "1776000", "operatingExpenses": "14681000", "investmentIncomeNet": "None", "netInterestIncome": "585000", "interestIncome": "585000", "interestExpense": "None", "nonInterestIncome": "None", "otherNonOperatingIncome": "None", "depreciation": "None", "depreciationAndAmortization": "151000", "incomeBeforeTax": "-12536000", "incomeTaxExpense": "230000", "interestAndDebtExpense": "None", "netIncomeFromContinuingOperations": "-12766000", "comprehensiveIncomeNetOfTax": "None", "ebit": "-13130000", "ebitda": "-12979000", "netIncome": "-12766000"}, {"fiscalDateEnding": "2024-06-30", "reportedCurrency": "USD", "grossProfit": "1525000", "totalRevenue": "1525000", "costOfRevenue": "179000", "costofGoodsAndServicesSold": "179000", "operatingIncome": "-15012000", "sellingGeneralAndAdministrative": "12851000", "researchAndDevelopment": "1750000", "operatingExpenses": "16537000", "investmentIncomeNet": "None", "netInterestIncome": "694000", "interestIncome": "694000", "interestExpense": "None", "nonInterestIncome": "None", "otherNonOperatingIncome": "None", "depreciation": "None", "depreciationAndAmortization": "179000", "incomeBeforeTax": "-14302000", "incomeTaxExpense": "1222000", "interestAndDebtExpense": "None", "netIncomeFromContinuingOperations": "-15524000", "comprehensiveIncomeNetOfTax": "None", "ebit": "-15105000", "ebitda": "-14926000", "netIncome": "-15524000"}, {"fiscalDateEnding": "2024-03-31", "reportedCurrency": "USD", "grossProfit": "1260000", "totalRevenue": "1260000", "costOfRevenue": "195000", "costofGoodsAndServicesSold": "195000", "operatingIncome": "-10511000", "sellingGeneralAndAdministrative": "9105000", "researchAndDevelopment": "2243000", "operatingExpenses": "11771000", "investmentIncomeNet": "None", "netInterestIncome": "926000", "interestIncome": "926000", "interestExpense": "None", "nonInterestIncome": "None", "otherNonOperatingIncome": "None", "depreciation": "None", "depreciationAndAmortization": "191000", "incomeBeforeTax": "-9541000", "incomeTaxExpense": "-130000", "interestAndDebtExpense": "None", "netIncomeFromContinuingOperations": "-9411000", "comprehensiveIncomeNetOfTax": "None", "ebit": "-12495000", "ebitda": "-12304000", "netIncome": "-9411000"}, {"fiscalDateEnding": "2023-12-31", "reportedCurrency": "USD", "grossProfit": "1271000", "totalRevenue": "1271000", "costOfRevenue": "198000", "costofGoodsAndServicesSold": "198000", "operatingIncome": "969000", "sellingGeneralAndAdministrative": "11252000", "researchAndDevelopment": "1238000", "operatingExpenses": "302000", "investmentIncomeNet": "None", "netInterestIncome": "666000", "interestIncome": "666000", "interestExpense": "None", "nonInterestIncome": "None", "otherNonOperatingIncome": "None", "depreciation": "None", "depreciationAndAmortization": "198000", "incomeBeforeTax": "1666000", "incomeTaxExpense": "1338000", "interestAndDebtExpense": "None", "netIncomeFromContinuingOperations": "328000", "comprehensiveIncomeNetOfTax": "None", "ebit": "-12797000", "ebitda": "-12599000", "netIncome": "328000"}, {"fiscalDateEnding": "2023-09-30", "reportedCurrency": "USD", "grossProfit": "1052000", "totalRevenue": "1052000", "costOfRevenue": "209000", "costofGoodsAndServicesSold": "209000", "operatingIncome": "2259000", "sellingGeneralAndAdministrative": "11905000", "researchAndDevelopment": "1147000", "operatingExpenses": "-1207000", "investmentIncomeNet": "None", "netInterestIncome": "396000", "interestIncome": "396000", "interestExpense": "None", "nonInterestIncome": "None", "otherNonOperatingIncome": "None", "depreciation": "None", "depreciationAndAmortization": "209000", "incomeBeforeTax": "2718000", "incomeTaxExpense": "645000", "interestAndDebtExpense": "None", "netIncomeFromContinuingOperations": "2073000", "comprehensiveIncomeNetOfTax": "None", "ebit": "-13519000", "ebitda": "-13310000", "netIncome": "2073000"}, {"fiscalDateEnding": "2023-06-30", "reportedCurrency": "USD", "grossProfit": "608000", "totalRevenue": "608000", "costOfRevenue": "246000", "costofGoodsAndServicesSold": "246000", "operatingIncome": "-2839000", "sellingGeneralAndAdministrative": "11673000", "researchAndDevelopment": "1069000", "operatingExpenses": "3447000", "investmentIncomeNet": "None", "netInterestIncome": "386000", "interestIncome": "386000", "interestExpense": "None", "nonInterestIncome": "None", "otherNonOperatingIncome": "481000", "depreciation": "None", "depreciationAndAmortization": "246000", "incomeBeforeTax": "-2358000", "incomeTaxExpense": "-240000", "interestAndDebtExpense": "None", "netIncomeFromContinuingOperations": "-2118000", "comprehensiveIncomeNetOfTax": "None", "ebit": "-13655000", "ebitda": "-13409000", "netIncome": "-2118000"}, {"fiscalDateEnding": "2023-03-31", "reportedCurrency": "USD", "grossProfit": "608000", "totalRevenue": "608000", "costOfRevenue": "5000", "costofGoodsAndServicesSold": "5000", "operatingIncome": "15675000", "sellingGeneralAndAdministrative": "10306000", "researchAndDevelopment": "1427000", "operatingExpenses": "-15067000", "investmentIncomeNet": "None", "netInterestIncome": "470000", "interestIncome": "470000", "interestExpense": "58626000", "nonInterestIncome": "None", "otherNonOperatingIncome": "None", "depreciation": "None", "depreciationAndAmortization": "313000", "incomeBeforeTax": "16178999", "incomeTaxExpense": "637000", "interestAndDebtExpense": "None", "netIncomeFromContinuingOperations": "15542000", "comprehensiveIncomeNetOfTax": "None", "ebit": "-13386000", "ebitda": "-13073000", "netIncome": "15542000"}, {"fiscalDateEnding": "2022-12-31", "reportedCurrency": "USD", "grossProfit": "578000", "totalRevenue": "578000", "costOfRevenue": "373000", "costofGoodsAndServicesSold": "373000", "operatingIncome": "-8404000", "sellingGeneralAndAdministrative": "12085000", "researchAndDevelopment": "936000", "operatingExpenses": "8982000", "investmentIncomeNet": "None", "netInterestIncome": "409000", "interestIncome": "409000", "interestExpense": "12188000", "nonInterestIncome": "None", "otherNonOperatingIncome": "594000", "depreciation": "None", "depreciationAndAmortization": "373000", "incomeBeforeTax": "-7810000", "incomeTaxExpense": "210000", "interestAndDebtExpense": "None", "netIncomeFromContinuingOperations": "-8020000", "comprehensiveIncomeNetOfTax": "None", "ebit": "-14201000", "ebitda": "-13828000", "netIncome": "-8020000"}, {"fiscalDateEnding": "2022-09-30", "reportedCurrency": "USD", "grossProfit": "398000", "totalRevenue": "398000", "costOfRevenue": "372000", "costofGoodsAndServicesSold": "372000", "operatingIncome": "-10660000", "sellingGeneralAndAdministrative": "11427000", "researchAndDevelopment": "980000", "operatingExpenses": "11058000", "investmentIncomeNet": "None", "netInterestIncome": "244000", "interestIncome": "244000", "interestExpense": "244000", "nonInterestIncome": "None", "otherNonOperatingIncome": "None", "depreciation": "None", "depreciationAndAmortization": "372000", "incomeBeforeTax": "-10428000", "incomeTaxExpense": "215000", "interestAndDebtExpense": "None", "netIncomeFromContinuingOperations": "-10643000", "comprehensiveIncomeNetOfTax": "None", "ebit": "-13545000", "ebitda": "-13173000", "netIncome": "-10643000"}, {"fiscalDateEnding": "2022-06-30", "reportedCurrency": "USD", "grossProfit": "335000", "totalRevenue": "335000", "costOfRevenue": "362000", "costofGoodsAndServicesSold": "362000", "operatingIncome": "-13072000", "sellingGeneralAndAdministrative": "11359000", "researchAndDevelopment": "1096000", "operatingExpenses": "13407000", "investmentIncomeNet": "None", "netInterestIncome": "17000", "interestIncome": "17000", "interestExpense": "17000", "nonInterestIncome": "None", "otherNonOperatingIncome": "76000", "depreciation": "None", "depreciationAndAmortization": "362000", "incomeBeforeTax": "-12996000", "incomeTaxExpense": "200000", "interestAndDebtExpense": "None", "netIncomeFromContinuingOperations": "-13196000", "comprehensiveIncomeNetOfTax": "None", "ebit": "-13718000", "ebitda": "-13356000", "netIncome": "-13196000"}, {"fiscalDateEnding": "2022-03-31", "reportedCurrency": "USD", "grossProfit": "335000", "totalRevenue": "335000", "costOfRevenue": "457000", "costofGoodsAndServicesSold": "457000", "operatingIncome": "-10804000", "sellingGeneralAndAdministrative": "9751000", "researchAndDevelopment": "767000", "operatingExpenses": "11139000", "investmentIncomeNet": "None", "netInterestIncome": "1000", "interestIncome": "1000", "interestExpense": "1000", "nonInterestIncome": "None", "otherNonOperatingIncome": "60000", "depreciation": "None", "depreciationAndAmortization": "454000", "incomeBeforeTax": "-10744000", "incomeTaxExpense": "273000", "interestAndDebtExpense": "None", "netIncomeFromContinuingOperations": "-11063000", "comprehensiveIncomeNetOfTax": "None", "ebit": "-11787000", "ebitda": "-11333000", "netIncome": "-11017000"}, {"fiscalDateEnding": "2021-12-31", "reportedCurrency": "USD", "grossProfit": "380000", "totalRevenue": "385000", "costOfRevenue": "5000", "costofGoodsAndServicesSold": "5000", "operatingIncome": "-12375000", "sellingGeneralAndAdministrative": "10219000", "researchAndDevelopment": "893000", "operatingExpenses": "12755000", "investmentIncomeNet": "None", "netInterestIncome": "9000", "interestIncome": "9000", "interestExpense": "None", "nonInterestIncome": "None", "otherNonOperatingIncome": "82000", "depreciation": "None", "depreciationAndAmortization": "323000", "incomeBeforeTax": "-12303000", "incomeTaxExpense": "412000", "interestAndDebtExpense": "None", "netIncomeFromContinuingOperations": "-1791000", "comprehensiveIncomeNetOfTax": "None", "ebit": "-12318000", "ebitda": "-11995000", "netIncome": "-12715000"}, {"fiscalDateEnding": "2021-09-30", "reportedCurrency": "USD", "grossProfit": "182000", "totalRevenue": "182000", "costOfRevenue": "0", "costofGoodsAndServicesSold": "0", "operatingIncome": "-11951000", "sellingGeneralAndAdministrative": "9825000", "researchAndDevelopment": "930000", "operatingExpenses": "12005000", "investmentIncomeNet": "None", "netInterestIncome": "20000", "interestIncome": "20000", "interestExpense": "None", "nonInterestIncome": "None", "otherNonOperatingIncome": "82000", "depreciation": "None", "depreciationAndAmortization": "257000", "incomeBeforeTax": "-11869000", "incomeTaxExpense": "152000", "interestAndDebtExpense": "None", "netIncomeFromContinuingOperations": "-12021000", "comprehensiveIncomeNetOfTax": "None", "ebit": "-11695000", "ebitda": "-11438000", "netIncome": "-12021000"}, {"fiscalDateEnding": "2021-06-30", "reportedCurrency": "USD", "grossProfit": "182000", "totalRevenue": "182000", "costOfRevenue": "0", "costofGoodsAndServicesSold": "0", "operatingIncome": "-11962000", "sellingGeneralAndAdministrative": "9730000", "researchAndDevelopment": "1003000", "operatingExpenses": "12144000", "investmentIncomeNet": "None", "netInterestIncome": "26000", "interestIncome": "26000", "interestExpense": "None", "nonInterestIncome": "None", "otherNonOperatingIncome": "98000", "depreciation": "None", "depreciationAndAmortization": "338000", "incomeBeforeTax": "-11864000", "incomeTaxExpense": "146000", "interestAndDebtExpense": "None", "netIncomeFromContinuingOperations": "-11950000", "comprehensiveIncomeNetOfTax": "None", "ebit": "-11944000", "ebitda": "-11606000", "netIncome": "-12010000"}, {"fiscalDateEnding": "2021-03-31", "reportedCurrency": "USD", "grossProfit": "181000", "totalRevenue": "181000", "costOfRevenue": "1606000", "costofGoodsAndServicesSold": "1606000", "operatingIncome": "-11213000", "sellingGeneralAndAdministrative": "8375999", "researchAndDevelopment": "1310000", "operatingExpenses": "11394000", "investmentIncomeNet": "None", "netInterestIncome": "25000", "interestIncome": "25000", "interestExpense": "None", "nonInterestIncome": "None", "otherNonOperatingIncome": "None", "depreciation": "None", "depreciationAndAmortization": "119000", "incomeBeforeTax": "-11122000", "incomeTaxExpense": "-187000", "interestAndDebtExpense": "None", "netIncomeFromContinuingOperations": "-10935000", "comprehensiveIncomeNetOfTax": "None", "ebit": "-11092000", "ebitda": "-10973000", "netIncome": "-10935000"}, {"fiscalDateEnding": "2020-12-31", "reportedCurrency": "USD", "grossProfit": "-307000", "totalRevenue": "236000", "costOfRevenue": "543000", "costofGoodsAndServicesSold": "543000", "operatingIncome": "-12064000", "sellingGeneralAndAdministrative": "8806000", "researchAndDevelopment": "1244000", "operatingExpenses": "11757000", "investmentIncomeNet": "None", "netInterestIncome": "27000", "interestIncome": "27000", "interestExpense": "None", "nonInterestIncome": "None", "otherNonOperatingIncome": "130000", "depreciation": "None", "depreciationAndAmortization": "1020000", "incomeBeforeTax": "-11934000", "incomeTaxExpense": "155000", "interestAndDebtExpense": "None", "netIncomeFromContinuingOperations": "-12089000", "comprehensiveIncomeNetOfTax": "None", "ebit": "-12053000", "ebitda": "-11033000", "netIncome": "-12089000"}, {"fiscalDateEnding": "2020-09-30", "reportedCurrency": "USD", "grossProfit": "-267000", "totalRevenue": "248000", "costOfRevenue": "515000", "costofGoodsAndServicesSold": "515000", "operatingIncome": "-16267000", "sellingGeneralAndAdministrative": "13955000", "researchAndDevelopment": "988000", "operatingExpenses": "16000000", "investmentIncomeNet": "None", "netInterestIncome": "31000", "interestIncome": "31000", "interestExpense": "None", "nonInterestIncome": "None", "otherNonOperatingIncome": "None", "depreciation": "None", "depreciationAndAmortization": "1190000", "incomeBeforeTax": "-16135000", "incomeTaxExpense": "145000", "interestAndDebtExpense": "None", "netIncomeFromContinuingOperations": "-16280000", "comprehensiveIncomeNetOfTax": "None", "ebit": "-17093000", "ebitda": "-15903000", "netIncome": "-16280000"}, {"fiscalDateEnding": "2020-06-30", "reportedCurrency": "USD", "grossProfit": "-292000", "totalRevenue": "256000", "costOfRevenue": "548000", "costofGoodsAndServicesSold": "548000", "operatingIncome": "-15265000", "sellingGeneralAndAdministrative": "7544000", "researchAndDevelopment": "801000", "operatingExpenses": "14973000", "investmentIncomeNet": "None", "netInterestIncome": "41000", "interestIncome": "41000", "interestExpense": "None", "nonInterestIncome": "None", "otherNonOperatingIncome": "147000", "depreciation": "None", "depreciationAndAmortization": "1208000", "incomeBeforeTax": "-15119000", "incomeTaxExpense": "11000", "interestAndDebtExpense": "None", "netIncomeFromContinuingOperations": "-15130000", "comprehensiveIncomeNetOfTax": "None", "ebit": "-10546000", "ebitda": "-9338000", "netIncome": "-15130000"}, {"fiscalDateEnding": "2020-03-31", "reportedCurrency": "USD", "grossProfit": "242000", "totalRevenue": "327000", "costOfRevenue": "85000", "costofGoodsAndServicesSold": "85000", "operatingIncome": "-10374000", "sellingGeneralAndAdministrative": "10088000", "researchAndDevelopment": "1107000", "operatingExpenses": "10616000", "investmentIncomeNet": "None", "netInterestIncome": "305000", "interestIncome": "305000", "interestExpense": "None", "nonInterestIncome": "None", "otherNonOperatingIncome": "496000", "depreciation": "None", "depreciationAndAmortization": "1180000", "incomeBeforeTax": "-9930000", "incomeTaxExpense": "1808000", "interestAndDebtExpense": "None", "netIncomeFromContinuingOperations": "-11738000", "comprehensiveIncomeNetOfTax": "None", "ebit": "-10372000", "ebitda": "-9192000", "netIncome": "-11738000"}, {"fiscalDateEnding": "2019-12-31", "reportedCurrency": "USD", "grossProfit": "-270000", "totalRevenue": "361000", "costOfRevenue": "631000", "costofGoodsAndServicesSold": "631000", "operatingIncome": "-9316000", "sellingGeneralAndAdministrative": "6144000", "researchAndDevelopment": "610000", "operatingExpenses": "9046000", "investmentIncomeNet": "None", "netInterestIncome": "517000", "interestIncome": "517000", "interestExpense": "None", "nonInterestIncome": "None", "otherNonOperatingIncome": "496000", "depreciation": "None", "depreciationAndAmortization": "1135000", "incomeBeforeTax": "-8680000", "incomeTaxExpense": "131000", "interestAndDebtExpense": "None", "netIncomeFromContinuingOperations": "-8811000", "comprehensiveIncomeNetOfTax": "None", "ebit": "-9108000", "ebitda": "-7973000", "netIncome": "-8811000"}, {"fiscalDateEnding": "2019-09-30", "reportedCurrency": "USD", "grossProfit": "-912000", "totalRevenue": "423000", "costOfRevenue": "1335000", "costofGoodsAndServicesSold": "1335000", "operatingIncome": "-8195000", "sellingGeneralAndAdministrative": "5969000", "researchAndDevelopment": "555000", "operatingExpenses": "7283000", "investmentIncomeNet": "None", "netInterestIncome": "634000", "interestIncome": "634000", "interestExpense": "None", "nonInterestIncome": "None", "otherNonOperatingIncome": "701000", "depreciation": "None", "depreciationAndAmortization": "635000", "incomeBeforeTax": "-7544000", "incomeTaxExpense": "171000", "interestAndDebtExpense": "None", "netIncomeFromContinuingOperations": "-7715000", "comprehensiveIncomeNetOfTax": "None", "ebit": "-7543000", "ebitda": "-6908000", "netIncome": "-7715000"}, {"fiscalDateEnding": "2019-06-30", "reportedCurrency": "USD", "grossProfit": "-1036000", "totalRevenue": "453000", "costOfRevenue": "1489000", "costofGoodsAndServicesSold": "1489000", "operatingIncome": "-9426000", "sellingGeneralAndAdministrative": "6490000", "researchAndDevelopment": "686000", "operatingExpenses": "8390000", "investmentIncomeNet": "None", "netInterestIncome": "354000", "interestIncome": "354000", "interestExpense": "None", "nonInterestIncome": "None", "otherNonOperatingIncome": "454000", "depreciation": "None", "depreciationAndAmortization": "642000", "incomeBeforeTax": "-9082000", "incomeTaxExpense": "292000", "interestAndDebtExpense": "None", "netIncomeFromContinuingOperations": "-9374000", "comprehensiveIncomeNetOfTax": "None", "ebit": "-9082000", "ebitda": "-8440000", "netIncome": "-9374000"}, {"fiscalDateEnding": "2019-03-31", "reportedCurrency": "USD", "grossProfit": "-389000", "totalRevenue": "1300000", "costOfRevenue": "1689000", "costofGoodsAndServicesSold": "1689000", "operatingIncome": "-9247000", "sellingGeneralAndAdministrative": "6738000", "researchAndDevelopment": "447000", "operatingExpenses": "7748000", "investmentIncomeNet": "None", "netInterestIncome": "383000", "interestIncome": "383000", "interestExpense": "0", "nonInterestIncome": "None", "otherNonOperatingIncome": "None", "depreciation": "None", "depreciationAndAmortization": "705000", "incomeBeforeTax": "-8876000", "incomeTaxExpense": "685000", "interestAndDebtExpense": "None", "netIncomeFromContinuingOperations": "-9561000", "comprehensiveIncomeNetOfTax": "None", "ebit": "-8876000", "ebitda": "-8171000", "netIncome": "-9561000"}, {"fiscalDateEnding": "2018-12-31", "reportedCurrency": "USD", "grossProfit": "-113000", "totalRevenue": "1501000", "costOfRevenue": "1614000", "costofGoodsAndServicesSold": "1614000", "operatingIncome": "-8728000", "sellingGeneralAndAdministrative": "6723000", "researchAndDevelopment": "654000", "operatingExpenses": "7997000", "investmentIncomeNet": "None", "netInterestIncome": "None", "interestIncome": "None", "interestExpense": "None", "nonInterestIncome": "None", "otherNonOperatingIncome": "377000", "depreciation": "None", "depreciationAndAmortization": "696000", "incomeBeforeTax": "-8351000", "incomeTaxExpense": "-16000", "interestAndDebtExpense": "None", "netIncomeFromContinuingOperations": "-8351000", "comprehensiveIncomeNetOfTax": "None", "ebit": "-8110000", "ebitda": "-7414000", "netIncome": "-8351000"}, {"fiscalDateEnding": "2018-09-30", "reportedCurrency": "USD", "grossProfit": "26000", "totalRevenue": "1824000", "costOfRevenue": "1798000", "costofGoodsAndServicesSold": "1798000", "operatingIncome": "-12148000", "sellingGeneralAndAdministrative": "6590000", "researchAndDevelopment": "573000", "operatingExpenses": "8027000", "investmentIncomeNet": "None", "netInterestIncome": "None", "interestIncome": "None", "interestExpense": "None", "nonInterestIncome": "None", "otherNonOperatingIncome": "None", "depreciation": "None", "depreciationAndAmortization": "717000", "incomeBeforeTax": "-11779000", "incomeTaxExpense": "-1000", "interestAndDebtExpense": "None", "netIncomeFromContinuingOperations": "-11779000", "comprehensiveIncomeNetOfTax": "None", "ebit": "-8002000", "ebitda": "-7285000", "netIncome": "-11779000"}, {"fiscalDateEnding": "2018-06-30", "reportedCurrency": "USD", "grossProfit": "-274000", "totalRevenue": "1872000", "costOfRevenue": "2146000", "costofGoodsAndServicesSold": "2146000", "operatingIncome": "-12619000", "sellingGeneralAndAdministrative": "5568000", "researchAndDevelopment": "637000", "operatingExpenses": "7836000", "investmentIncomeNet": "None", "netInterestIncome": "None", "interestIncome": "None", "interestExpense": "1000", "nonInterestIncome": "None", "otherNonOperatingIncome": "None", "depreciation": "None", "depreciationAndAmortization": "728000", "incomeBeforeTax": "-12302000", "incomeTaxExpense": "1000", "interestAndDebtExpense": "None", "netIncomeFromContinuingOperations": "-12302000", "comprehensiveIncomeNetOfTax": "None", "ebit": "-8110000", "ebitda": "-7382000", "netIncome": "-12302000"}, {"fiscalDateEnding": "2018-03-31", "reportedCurrency": "USD", "grossProfit": "-495000", "totalRevenue": "1776000", "costOfRevenue": "2271000", "costofGoodsAndServicesSold": "2271000", "operatingIncome": "-8557000", "sellingGeneralAndAdministrative": "5524000", "researchAndDevelopment": "580000", "operatingExpenses": "8062000", "investmentIncomeNet": "None", "netInterestIncome": "None", "interestIncome": "None", "interestExpense": "1000", "nonInterestIncome": "None", "otherNonOperatingIncome": "None", "depreciation": "None", "depreciationAndAmortization": "742000", "incomeBeforeTax": "-8360000", "incomeTaxExpense": "437000", "interestAndDebtExpense": "None", "netIncomeFromContinuingOperations": "None", "comprehensiveIncomeNetOfTax": "None", "ebit": "-8358000", "ebitda": "-7616000", "netIncome": "-8797000"}, {"fiscalDateEnding": "2017-12-31", "reportedCurrency": "USD", "grossProfit": "-415000", "totalRevenue": "1601000", "costOfRevenue": "2016000", "costofGoodsAndServicesSold": "2016000", "operatingIncome": "-8090000", "sellingGeneralAndAdministrative": "5464000", "researchAndDevelopment": "592000", "operatingExpenses": "7675000", "investmentIncomeNet": "None", "netInterestIncome": "None", "interestIncome": "None", "interestExpense": "1000", "nonInterestIncome": "None", "otherNonOperatingIncome": "None", "depreciation": "None", "depreciationAndAmortization": "729000", "incomeBeforeTax": "-7903000", "incomeTaxExpense": "-2181000", "interestAndDebtExpense": "None", "netIncomeFromContinuingOperations": "None", "comprehensiveIncomeNetOfTax": "None", "ebit": "-7902000", "ebitda": "-7173000", "netIncome": "-5722000"}, {"fiscalDateEnding": "2017-09-30", "reportedCurrency": "USD", "grossProfit": "-398000", "totalRevenue": "1513000", "costOfRevenue": "1911000", "costofGoodsAndServicesSold": "1911000", "operatingIncome": "-7724000", "sellingGeneralAndAdministrative": "4995000", "researchAndDevelopment": "628000", "operatingExpenses": "7326000", "investmentIncomeNet": "None", "netInterestIncome": "None", "interestIncome": "None", "interestExpense": "1000", "nonInterestIncome": "None", "otherNonOperatingIncome": "None", "depreciation": "None", "depreciationAndAmortization": "720000", "incomeBeforeTax": "-7543000", "incomeTaxExpense": "656000", "interestAndDebtExpense": "None", "netIncomeFromContinuingOperations": "None", "comprehensiveIncomeNetOfTax": "None", "ebit": "-7542000", "ebitda": "-6822000", "netIncome": "-8199000"}, {"fiscalDateEnding": "2017-06-30", "reportedCurrency": "USD", "grossProfit": "-235000", "totalRevenue": "1465000", "costOfRevenue": "1700000", "costofGoodsAndServicesSold": "1700000", "operatingIncome": "-7354000", "sellingGeneralAndAdministrative": "4881000", "researchAndDevelopment": "552000", "operatingExpenses": "7119000", "investmentIncomeNet": "None", "netInterestIncome": "None", "interestIncome": "None", "interestExpense": "1000", "nonInterestIncome": "None", "otherNonOperatingIncome": "None", "depreciation": "None", "depreciationAndAmortization": "654000", "incomeBeforeTax": "-7260000", "incomeTaxExpense": "650000", "interestAndDebtExpense": "None", "netIncomeFromContinuingOperations": "None", "comprehensiveIncomeNetOfTax": "None", "ebit": "-7259000", "ebitda": "-6605000", "netIncome": "-7910000"}, {"fiscalDateEnding": "2017-03-31", "reportedCurrency": "USD", "grossProfit": "-694000", "totalRevenue": "1264000", "costOfRevenue": "1958000", "costofGoodsAndServicesSold": "1958000", "operatingIncome": "-7554000", "sellingGeneralAndAdministrative": "4483000", "researchAndDevelopment": "582000", "operatingExpenses": "6860000", "investmentIncomeNet": "None", "netInterestIncome": "None", "interestIncome": "None", "interestExpense": "1000", "nonInterestIncome": "None", "otherNonOperatingIncome": "None", "depreciation": "None", "depreciationAndAmortization": "605800", "incomeBeforeTax": "-7515000", "incomeTaxExpense": "6498000", "interestAndDebtExpense": "None", "netIncomeFromContinuingOperations": "None", "comprehensiveIncomeNetOfTax": "None", "ebit": "-8119800", "ebitda": "-7514000", "netIncome": "-14014000"}, {"fiscalDateEnding": "2016-12-31", "reportedCurrency": "USD", "grossProfit": "-496568", "totalRevenue": "1335279", "costOfRevenue": "1831847", "costofGoodsAndServicesSold": "1831847", "operatingIncome": "-7303178", "sellingGeneralAndAdministrative": "4846755", "researchAndDevelopment": "539182", "operatingExpenses": "6806610", "investmentIncomeNet": "None", "netInterestIncome": "None", "interestIncome": "None", "interestExpense": "1000", "nonInterestIncome": "None", "otherNonOperatingIncome": "None", "depreciation": "None", "depreciationAndAmortization": "584750", "incomeBeforeTax": "-7287603", "incomeTaxExpense": "-6807", "interestAndDebtExpense": "None", "netIncomeFromContinuingOperations": "None", "comprehensiveIncomeNetOfTax": "None", "ebit": "-7286238", "ebitda": "-6701488", "netIncome": "-7287603"}, {"fiscalDateEnding": "2016-09-30", "reportedCurrency": "USD", "grossProfit": "-533434", "totalRevenue": "1141507", "costOfRevenue": "1674941", "costofGoodsAndServicesSold": "1674941", "operatingIncome": "-7851667", "sellingGeneralAndAdministrative": "5476566", "researchAndDevelopment": "621923", "operatingExpenses": "7318233", "investmentIncomeNet": "None", "netInterestIncome": "None", "interestIncome": "None", "interestExpense": "1000", "nonInterestIncome": "None", "otherNonOperatingIncome": "20736", "depreciation": "None", "depreciationAndAmortization": "554744", "incomeBeforeTax": "-7832294", "incomeTaxExpense": "-3430", "interestAndDebtExpense": "None", "netIncomeFromContinuingOperations": "-7832294", "comprehensiveIncomeNetOfTax": "None", "ebit": "-7830928", "ebitda": "-7276184", "netIncome": "-7832294"}, {"fiscalDateEnding": "2016-06-30", "reportedCurrency": "USD", "grossProfit": "-537998", "totalRevenue": "1045782", "costOfRevenue": "1583780", "costofGoodsAndServicesSold": "1583780", "operatingIncome": "-10073161", "sellingGeneralAndAdministrative": "7746000", "researchAndDevelopment": "572921", "operatingExpenses": "9535163", "investmentIncomeNet": "None", "netInterestIncome": "None", "interestIncome": "None", "interestExpense": "1364", "nonInterestIncome": "None", "otherNonOperatingIncome": "22529", "depreciation": "None", "depreciationAndAmortization": "486706", "incomeBeforeTax": "-10051996", "incomeTaxExpense": "22529", "interestAndDebtExpense": "None", "netIncomeFromContinuingOperations": "-10051996", "comprehensiveIncomeNetOfTax": "None", "ebit": "-10050706", "ebitda": "-9564000", "netIncome": "-10051996"}, {"fiscalDateEnding": "2016-03-31", "reportedCurrency": "USD", "grossProfit": "-745980", "totalRevenue": "950819", "costOfRevenue": "1696799", "costofGoodsAndServicesSold": "1696799", "operatingIncome": "-6798275", "sellingGeneralAndAdministrative": "4571643", "researchAndDevelopment": "340326", "operatingExpenses": "6052295", "investmentIncomeNet": "None", "netInterestIncome": "None", "interestIncome": "None", "interestExpense": "2092", "nonInterestIncome": "None", "otherNonOperatingIncome": "None", "depreciation": "None", "depreciationAndAmortization": "269420", "incomeBeforeTax": "-6774445", "incomeTaxExpense": "-243498", "interestAndDebtExpense": "None", "netIncomeFromContinuingOperations": "None", "comprehensiveIncomeNetOfTax": "None", "ebit": "-7041773", "ebitda": "-6772353", "netIncome": "-6774445"}, {"fiscalDateEnding": "2015-12-31", "reportedCurrency": "USD", "grossProfit": "34101", "totalRevenue": "940392", "costOfRevenue": "906291", "costofGoodsAndServicesSold": "906291", "operatingIncome": "-5269036", "sellingGeneralAndAdministrative": "3843378", "researchAndDevelopment": "341129", "operatingExpenses": "5303137", "investmentIncomeNet": "None", "netInterestIncome": "None", "interestIncome": "None", "interestExpense": "932", "nonInterestIncome": "None", "otherNonOperatingIncome": "26151", "depreciation": "None", "depreciationAndAmortization": "158450", "incomeBeforeTax": "-5243817", "incomeTaxExpense": "26151", "interestAndDebtExpense": "None", "netIncomeFromContinuingOperations": "-5243817", "comprehensiveIncomeNetOfTax": "None", "ebit": "-5269036", "ebitda": "-5110586", "netIncome": "-5243817"}, {"fiscalDateEnding": "2015-09-30", "reportedCurrency": "USD", "grossProfit": "320873", "totalRevenue": "811458", "costOfRevenue": "490585", "costofGoodsAndServicesSold": "490585", "operatingIncome": "-5489176", "sellingGeneralAndAdministrative": "4588842", "researchAndDevelopment": "336200", "operatingExpenses": "5810049", "investmentIncomeNet": "None", "netInterestIncome": "None", "interestIncome": "None", "interestExpense": "None", "nonInterestIncome": "None", "otherNonOperatingIncome": "30543", "depreciation": "None", "depreciationAndAmortization": "79358", "incomeBeforeTax": "-5458633", "incomeTaxExpense": "-29293", "interestAndDebtExpense": "None", "netIncomeFromContinuingOperations": "-5458633", "comprehensiveIncomeNetOfTax": "None", "ebit": "-5489175", "ebitda": "-5409817", "netIncome": "-5458633"}, {"fiscalDateEnding": "2015-06-30", "reportedCurrency": "USD", "grossProfit": "465686", "totalRevenue": "840860", "costOfRevenue": "375174", "costofGoodsAndServicesSold": "375174", "operatingIncome": "-4373292", "sellingGeneralAndAdministrative": "3722406", "researchAndDevelopment": "304897", "operatingExpenses": "4838978", "investmentIncomeNet": "None", "netInterestIncome": "None", "interestIncome": "None", "interestExpense": "None", "nonInterestIncome": "None", "otherNonOperatingIncome": "22220", "depreciation": "None", "depreciationAndAmortization": "49090", "incomeBeforeTax": "-4351072", "incomeTaxExpense": "None", "interestAndDebtExpense": "None", "netIncomeFromContinuingOperations": "-4351072", "comprehensiveIncomeNetOfTax": "None", "ebit": "-4373292", "ebitda": "-4324202", "netIncome": "-4351072"}, {"fiscalDateEnding": "2015-03-31", "reportedCurrency": "USD", "grossProfit": "542906", "totalRevenue": "815395", "costOfRevenue": "272489", "costofGoodsAndServicesSold": "272489", "operatingIncome": "-5596515", "sellingGeneralAndAdministrative": "5131578", "researchAndDevelopment": "321313", "operatingExpenses": "6139421", "investmentIncomeNet": "None", "netInterestIncome": "None", "interestIncome": "None", "interestExpense": "None", "nonInterestIncome": "None", "otherNonOperatingIncome": "None", "depreciation": "None", "depreciationAndAmortization": "41615", "incomeBeforeTax": "-5581553", "incomeTaxExpense": "14962", "interestAndDebtExpense": "None", "netIncomeFromContinuingOperations": "None", "comprehensiveIncomeNetOfTax": "None", "ebit": "-5596515", "ebitda": "-5554900", "netIncome": "-5581553"}, {"fiscalDateEnding": "2014-12-31", "reportedCurrency": "USD", "grossProfit": "552580", "totalRevenue": "835623", "costOfRevenue": "283043", "costofGoodsAndServicesSold": "283043", "operatingIncome": "-3530791", "sellingGeneralAndAdministrative": "3336996", "researchAndDevelopment": "242823", "operatingExpenses": "4083371", "investmentIncomeNet": "None", "netInterestIncome": "None", "interestIncome": "None", "interestExpense": "None", "nonInterestIncome": "None", "otherNonOperatingIncome": "4927", "depreciation": "None", "depreciationAndAmortization": "25306", "incomeBeforeTax": "-3525864", "incomeTaxExpense": "4927", "interestAndDebtExpense": "None", "netIncomeFromContinuingOperations": "-3525864", "comprehensiveIncomeNetOfTax": "None", "ebit": "-3530791", "ebitda": "-3505485", "netIncome": "-3525864"}, {"fiscalDateEnding": "2014-09-30", "reportedCurrency": "USD", "grossProfit": "465783", "totalRevenue": "689497", "costOfRevenue": "223714", "costofGoodsAndServicesSold": "223714", "operatingIncome": "-2641732", "sellingGeneralAndAdministrative": "2499697", "researchAndDevelopment": "210059", "operatingExpenses": "3107515", "investmentIncomeNet": "None", "netInterestIncome": "None", "interestIncome": "None", "interestExpense": "377456", "nonInterestIncome": "None", "otherNonOperatingIncome": "None", "depreciation": "None", "depreciationAndAmortization": "14610", "incomeBeforeTax": "-3019188", "incomeTaxExpense": "None", "interestAndDebtExpense": "None", "netIncomeFromContinuingOperations": "None", "comprehensiveIncomeNetOfTax": "None", "ebit": "-2641732", "ebitda": "-2627122", "netIncome": "-3019188"}, {"fiscalDateEnding": "2014-06-30", "reportedCurrency": "USD", "grossProfit": "547208", "totalRevenue": "831138", "costOfRevenue": "283930", "costofGoodsAndServicesSold": "283930", "operatingIncome": "-2394282", "sellingGeneralAndAdministrative": "2423191", "researchAndDevelopment": "226695", "operatingExpenses": "2941490", "investmentIncomeNet": "None", "netInterestIncome": "None", "interestIncome": "None", "interestExpense": "193281", "nonInterestIncome": "None", "otherNonOperatingIncome": "None", "depreciation": "None", "depreciationAndAmortization": "14610", "incomeBeforeTax": "-2587563", "incomeTaxExpense": "None", "interestAndDebtExpense": "None", "netIncomeFromContinuingOperations": "None", "comprehensiveIncomeNetOfTax": "None", "ebit": "-2394282", "ebitda": "-2379672", "netIncome": "-2587563"}, {"fiscalDateEnding": "2014-03-31", "reportedCurrency": "USD", "grossProfit": "607647", "totalRevenue": "908421", "costOfRevenue": "300774", "costofGoodsAndServicesSold": "300774", "operatingIncome": "-216768", "sellingGeneralAndAdministrative": "254460", "researchAndDevelopment": "237360", "operatingExpenses": "824415", "investmentIncomeNet": "None", "netInterestIncome": "None", "interestIncome": "None", "interestExpense": "88517", "nonInterestIncome": "None", "otherNonOperatingIncome": "None", "depreciation": "None", "depreciationAndAmortization": "14117", "incomeBeforeTax": "-305285", "incomeTaxExpense": "None", "interestAndDebtExpense": "None", "netIncomeFromContinuingOperations": "None", "comprehensiveIncomeNetOfTax": "None", "ebit": "-216768", "ebitda": "-202651", "netIncome": "-305285"}, {"fiscalDateEnding": "2013-12-31", "reportedCurrency": "USD", "grossProfit": "634573", "totalRevenue": "929515", "costOfRevenue": "294942", "costofGoodsAndServicesSold": "294942", "operatingIncome": "-184647", "sellingGeneralAndAdministrative": "234312", "researchAndDevelopment": "223230", "operatingExpenses": "819220", "investmentIncomeNet": "None", "netInterestIncome": "None", "interestIncome": "None", "interestExpense": "86103", "nonInterestIncome": "None", "otherNonOperatingIncome": "None", "depreciation": "None", "depreciationAndAmortization": "15118", "incomeBeforeTax": "-270750", "incomeTaxExpense": "None", "interestAndDebtExpense": "None", "netIncomeFromContinuingOperations": "None", "comprehensiveIncomeNetOfTax": "None", "ebit": "-184647", "ebitda": "-169529", "netIncome": "-270750"}, {"fiscalDateEnding": "2013-09-30", "reportedCurrency": "None", "grossProfit": "623384", "totalRevenue": "752258", "costOfRevenue": "128874", "costofGoodsAndServicesSold": "128874", "operatingIncome": "-220181", "sellingGeneralAndAdministrative": "221681", "researchAndDevelopment": "243219", "operatingExpenses": "843564", "investmentIncomeNet": "None", "netInterestIncome": "None", "interestIncome": "None", "interestExpense": "None", "nonInterestIncome": "None", "otherNonOperatingIncome": "None", "depreciation": "None", "depreciationAndAmortization": "15117", "incomeBeforeTax": "-298041", "incomeTaxExpense": "None", "interestAndDebtExpense": "None", "netIncomeFromContinuingOperations": "None", "comprehensiveIncomeNetOfTax": "None", "ebit": "-220181", "ebitda": "-205064", "netIncome": "-298041"}, {"fiscalDateEnding": "2013-06-30", "reportedCurrency": "None", "grossProfit": "549871", "totalRevenue": "949401", "costOfRevenue": "399530", "costofGoodsAndServicesSold": "399530", "operatingIncome": "-264877", "sellingGeneralAndAdministrative": "215182", "researchAndDevelopment": "231010", "operatingExpenses": "814748", "investmentIncomeNet": "None", "netInterestIncome": "None", "interestIncome": "None", "interestExpense": "None", "nonInterestIncome": "None", "otherNonOperatingIncome": "None", "depreciation": "None", "depreciationAndAmortization": "15117", "incomeBeforeTax": "-337746", "incomeTaxExpense": "None", "interestAndDebtExpense": "None", "netIncomeFromContinuingOperations": "None", "comprehensiveIncomeNetOfTax": "None", "ebit": "-264877", "ebitda": "-249760", "netIncome": "-337746"}]}