{"symbol": "AREB", "annualReports": [{"fiscalDateEnding": "2024-12-31", "reportedCurrency": "USD", "grossProfit": "-119637", "totalRevenue": "11420268", "costOfRevenue": "11539905", "costofGoodsAndServicesSold": "11539905", "operatingIncome": "-12220115", "sellingGeneralAndAdministrative": "9214321", "researchAndDevelopment": "385800", "operatingExpenses": "12100478", "investmentIncomeNet": "None", "netInterestIncome": "-3968121", "interestIncome": "1364", "interestExpense": "3969485", "nonInterestIncome": "None", "otherNonOperatingIncome": "None", "depreciation": "None", "depreciationAndAmortization": "239777", "incomeBeforeTax": "-17604364", "incomeTaxExpense": "None", "interestAndDebtExpense": "None", "netIncomeFromContinuingOperations": "-17604364", "comprehensiveIncomeNetOfTax": "None", "ebit": "-13634879", "ebitda": "-13395102", "netIncome": "-17604364"}, {"fiscalDateEnding": "2023-12-31", "reportedCurrency": "USD", "grossProfit": "3036424", "totalRevenue": "16228310", "costOfRevenue": "13191886", "costofGoodsAndServicesSold": "13191886", "operatingIncome": "-7939636", "sellingGeneralAndAdministrative": "9466291", "researchAndDevelopment": "132528", "operatingExpenses": "10976060", "investmentIncomeNet": "None", "netInterestIncome": "-263223", "interestIncome": "4353", "interestExpense": "406252", "nonInterestIncome": "None", "otherNonOperatingIncome": "None", "depreciation": "None", "depreciationAndAmortization": "104229", "incomeBeforeTax": "-11100784", "incomeTaxExpense": "1", "interestAndDebtExpense": "None", "netIncomeFromContinuingOperations": "-4376351", "comprehensiveIncomeNetOfTax": "None", "ebit": "-10694532", "ebitda": "-10590303", "netIncome": "-11100784"}, {"fiscalDateEnding": "2022-12-31", "reportedCurrency": "USD", "grossProfit": "-807004", "totalRevenue": "7948340", "costOfRevenue": "8755344", "costofGoodsAndServicesSold": "8755344", "operatingIncome": "-7999554", "sellingGeneralAndAdministrative": "5872003", "researchAndDevelopment": "746871", "operatingExpenses": "7192550", "investmentIncomeNet": "None", "netInterestIncome": "-703111", "interestIncome": "5578", "interestExpense": "208109", "nonInterestIncome": "None", "otherNonOperatingIncome": "None", "depreciation": "None", "depreciationAndAmortization": "50087", "incomeBeforeTax": "-10088031", "incomeTaxExpense": "1376756", "interestAndDebtExpense": "None", "netIncomeFromContinuingOperations": "-7143153", "comprehensiveIncomeNetOfTax": "None", "ebit": "-9879922", "ebitda": "-9829835", "netIncome": "-10088031"}, {"fiscalDateEnding": "2021-12-31", "reportedCurrency": "USD", "grossProfit": "174696", "totalRevenue": "986826", "costOfRevenue": "812130", "costofGoodsAndServicesSold": "812130", "operatingIncome": "-3311439", "sellingGeneralAndAdministrative": "2981109", "researchAndDevelopment": "330353", "operatingExpenses": "3486135", "investmentIncomeNet": "None", "netInterestIncome": "-2061782", "interestIncome": "0", "interestExpense": "2061782", "nonInterestIncome": "None", "otherNonOperatingIncome": "None", "depreciation": "None", "depreciationAndAmortization": "3643", "incomeBeforeTax": "-6098944", "incomeTaxExpense": "2061782", "interestAndDebtExpense": "None", "netIncomeFromContinuingOperations": "-6098944", "comprehensiveIncomeNetOfTax": "None", "ebit": "-4037162", "ebitda": "-4033519", "netIncome": "-6098944"}, {"fiscalDateEnding": "2020-12-31", "reportedCurrency": "USD", "grossProfit": "303192", "totalRevenue": "1255703", "costOfRevenue": "952511", "costofGoodsAndServicesSold": "952511", "operatingIncome": "-2771921", "sellingGeneralAndAdministrative": "1773529", "researchAndDevelopment": "320472", "operatingExpenses": "3075113", "investmentIncomeNet": "None", "netInterestIncome": "-2292957", "interestIncome": "None", "interestExpense": "2292957", "nonInterestIncome": "None", "otherNonOperatingIncome": "None", "depreciation": "None", "depreciationAndAmortization": "61724", "incomeBeforeTax": "-5981082", "incomeTaxExpense": "2292957", "interestAndDebtExpense": "None", "netIncomeFromContinuingOperations": "-5981082", "comprehensiveIncomeNetOfTax": "None", "ebit": "-2771921", "ebitda": "-2710197", "netIncome": "-5981082"}, {"fiscalDateEnding": "2019-12-31", "reportedCurrency": "USD", "grossProfit": "156033", "totalRevenue": "535109", "costOfRevenue": "379076", "costofGoodsAndServicesSold": "379076", "operatingIncome": "-6000221", "sellingGeneralAndAdministrative": "5152643", "researchAndDevelopment": "309061", "operatingExpenses": "6156254", "investmentIncomeNet": "None", "netInterestIncome": "-1601851", "interestIncome": "None", "interestExpense": "1601851", "nonInterestIncome": "None", "otherNonOperatingIncome": "None", "depreciation": "None", "depreciationAndAmortization": "62028", "incomeBeforeTax": "-7602072", "incomeTaxExpense": "1601851", "interestAndDebtExpense": "None", "netIncomeFromContinuingOperations": "-7602072", "comprehensiveIncomeNetOfTax": "None", "ebit": "-6000221", "ebitda": "-5938193", "netIncome": "-7602072"}, {"fiscalDateEnding": "2018-12-31", "reportedCurrency": "USD", "grossProfit": "13455", "totalRevenue": "131274", "costOfRevenue": "117819", "costofGoodsAndServicesSold": "117819", "operatingIncome": "-1711694", "sellingGeneralAndAdministrative": "987435", "researchAndDevelopment": "23618", "operatingExpenses": "1725149", "investmentIncomeNet": "None", "netInterestIncome": "-290009", "interestIncome": "None", "interestExpense": "290009", "nonInterestIncome": "None", "otherNonOperatingIncome": "0", "depreciation": "None", "depreciationAndAmortization": "62028", "incomeBeforeTax": "-2001704", "incomeTaxExpense": "290010", "interestAndDebtExpense": "None", "netIncomeFromContinuingOperations": "-2001704", "comprehensiveIncomeNetOfTax": "None", "ebit": "-1711694", "ebitda": "-1649666", "netIncome": "-2001704"}, {"fiscalDateEnding": "2017-12-31", "reportedCurrency": "USD", "grossProfit": "-32518", "totalRevenue": "46396", "costOfRevenue": "78914", "costofGoodsAndServicesSold": "78914", "operatingIncome": "-2679760", "sellingGeneralAndAdministrative": "2235345", "researchAndDevelopment": "64376", "operatingExpenses": "2647242", "investmentIncomeNet": "None", "netInterestIncome": "-283079", "interestIncome": "None", "interestExpense": "283079", "nonInterestIncome": "None", "otherNonOperatingIncome": "0", "depreciation": "None", "depreciationAndAmortization": "61129", "incomeBeforeTax": "-2942838", "incomeTaxExpense": "263078", "interestAndDebtExpense": "None", "netIncomeFromContinuingOperations": "-2942838", "comprehensiveIncomeNetOfTax": "None", "ebit": "-2659760", "ebitda": "-2598631", "netIncome": "-2942838"}, {"fiscalDateEnding": "2016-12-31", "reportedCurrency": "USD", "grossProfit": "-53023", "totalRevenue": "7103", "costOfRevenue": "60126", "costofGoodsAndServicesSold": "60126", "operatingIncome": "-1352544", "sellingGeneralAndAdministrative": "74260", "researchAndDevelopment": "146870", "operatingExpenses": "1299521", "investmentIncomeNet": "None", "netInterestIncome": "-18512", "interestIncome": "None", "interestExpense": "40962", "nonInterestIncome": "None", "otherNonOperatingIncome": "0", "depreciation": "None", "depreciationAndAmortization": "57663", "incomeBeforeTax": "-1363506", "incomeTaxExpense": "-85388", "interestAndDebtExpense": "None", "netIncomeFromContinuingOperations": "-14872", "comprehensiveIncomeNetOfTax": "None", "ebit": "-1218644", "ebitda": "-1160981", "netIncome": "-1363506"}, {"fiscalDateEnding": "2015-12-31", "reportedCurrency": "USD", "grossProfit": "-11500", "totalRevenue": "0", "costOfRevenue": "11500", "costofGoodsAndServicesSold": "11500", "operatingIncome": "-110090", "sellingGeneralAndAdministrative": "52390", "researchAndDevelopment": "46200", "operatingExpenses": "98590", "investmentIncomeNet": "None", "netInterestIncome": "None", "interestIncome": "None", "interestExpense": "0", "nonInterestIncome": "None", "otherNonOperatingIncome": "0", "depreciation": "None", "depreciationAndAmortization": "11500", "incomeBeforeTax": "-110090", "incomeTaxExpense": "800", "interestAndDebtExpense": "None", "netIncomeFromContinuingOperations": "-937536", "comprehensiveIncomeNetOfTax": "None", "ebit": "-110090", "ebitda": "-98590", "netIncome": "-110890"}, {"fiscalDateEnding": "2014-12-31", "reportedCurrency": "USD", "grossProfit": "0", "totalRevenue": "0", "costOfRevenue": "0", "costofGoodsAndServicesSold": "0", "operatingIncome": "-110090", "sellingGeneralAndAdministrative": "52390", "researchAndDevelopment": "46200", "operatingExpenses": "0", "investmentIncomeNet": "None", "netInterestIncome": "None", "interestIncome": "None", "interestExpense": "0", "nonInterestIncome": "None", "otherNonOperatingIncome": "None", "depreciation": "None", "depreciationAndAmortization": "None", "incomeBeforeTax": "-110090", "incomeTaxExpense": "0", "interestAndDebtExpense": "None", "netIncomeFromContinuingOperations": "-110890", "comprehensiveIncomeNetOfTax": "None", "ebit": "0", "ebitda": "None", "netIncome": "0"}], "quarterlyReports": [{"fiscalDateEnding": "2025-09-30", "reportedCurrency": "USD", "grossProfit": "-197770", "totalRevenue": "1877518", "costOfRevenue": "2075288", "costofGoodsAndServicesSold": "2075288", "operatingIncome": "-3680171", "sellingGeneralAndAdministrative": "2505436", "researchAndDevelopment": "160209", "operatingExpenses": "3482401", "investmentIncomeNet": "None", "netInterestIncome": "-329084", "interestIncome": "147", "interestExpense": "329231", "nonInterestIncome": "None", "otherNonOperatingIncome": "None", "depreciation": "None", "depreciationAndAmortization": "37038", "incomeBeforeTax": "-5230027", "incomeTaxExpense": "None", "interestAndDebtExpense": "None", "netIncomeFromContinuingOperations": "-5230027", "comprehensiveIncomeNetOfTax": "None", "ebit": "-4900796", "ebitda": "-4863758", "netIncome": "-5230027"}, {"fiscalDateEnding": "2025-06-30", "reportedCurrency": "USD", "grossProfit": "-31373", "totalRevenue": "2842596", "costOfRevenue": "2873969", "costofGoodsAndServicesSold": "2873969", "operatingIncome": "-4198280", "sellingGeneralAndAdministrative": "2510644", "researchAndDevelopment": "648357", "operatingExpenses": "4166907", "investmentIncomeNet": "None", "netInterestIncome": "-429328", "interestIncome": "855", "interestExpense": "430183", "nonInterestIncome": "None", "otherNonOperatingIncome": "None", "depreciation": "None", "depreciationAndAmortization": "37100", "incomeBeforeTax": "-18137743", "incomeTaxExpense": "None", "interestAndDebtExpense": "None", "netIncomeFromContinuingOperations": "-18137743", "comprehensiveIncomeNetOfTax": "None", "ebit": "-17707560", "ebitda": "-17670460", "netIncome": "-18137743"}, {"fiscalDateEnding": "2025-03-31", "reportedCurrency": "USD", "grossProfit": "289054", "totalRevenue": "2511324", "costOfRevenue": "2222270", "costofGoodsAndServicesSold": "2222270", "operatingIncome": "-2966419", "sellingGeneralAndAdministrative": "2430741", "researchAndDevelopment": "93467", "operatingExpenses": "3255473", "investmentIncomeNet": "None", "netInterestIncome": "-723678", "interestIncome": "264", "interestExpense": "723942", "nonInterestIncome": "None", "otherNonOperatingIncome": "None", "depreciation": "None", "depreciationAndAmortization": "129124", "incomeBeforeTax": "-5059256", "incomeTaxExpense": "None", "interestAndDebtExpense": "None", "netIncomeFromContinuingOperations": "-5059256", "comprehensiveIncomeNetOfTax": "None", "ebit": "-4335314", "ebitda": "-4206190", "netIncome": "-5059256"}, {"fiscalDateEnding": "2024-12-31", "reportedCurrency": "USD", "grossProfit": "-497977", "totalRevenue": "2337786", "costOfRevenue": "2835763", "costofGoodsAndServicesSold": "2835763", "operatingIncome": "-1040672", "sellingGeneralAndAdministrative": "414114", "researchAndDevelopment": "277483", "operatingExpenses": "542695", "investmentIncomeNet": "None", "netInterestIncome": "-1840823", "interestIncome": "305", "interestExpense": "649216", "nonInterestIncome": "None", "otherNonOperatingIncome": "None", "depreciation": "None", "depreciationAndAmortization": "54817", "incomeBeforeTax": "-1747957", "incomeTaxExpense": "None", "interestAndDebtExpense": "None", "netIncomeFromContinuingOperations": "-7902125", "comprehensiveIncomeNetOfTax": "None", "ebit": "-1098741", "ebitda": "-1043924", "netIncome": "-1747957"}, {"fiscalDateEnding": "2024-09-30", "reportedCurrency": "USD", "grossProfit": "-497977", "totalRevenue": "2337786", "costOfRevenue": "2835763", "costofGoodsAndServicesSold": "2835763", "operatingIncome": "-1040672", "sellingGeneralAndAdministrative": "210395", "researchAndDevelopment": "277483", "operatingExpenses": "3378458", "investmentIncomeNet": "None", "netInterestIncome": "-648868", "interestIncome": "348", "interestExpense": "649216", "nonInterestIncome": "None", "otherNonOperatingIncome": "None", "depreciation": "None", "depreciationAndAmortization": "None", "incomeBeforeTax": "-1747957", "incomeTaxExpense": "None", "interestAndDebtExpense": "None", "netIncomeFromContinuingOperations": "-1747957", "comprehensiveIncomeNetOfTax": "None", "ebit": "None", "ebitda": "None", "netIncome": "-1747957"}, {"fiscalDateEnding": "2024-06-30", "reportedCurrency": "USD", "grossProfit": "30655", "totalRevenue": "3255393", "costOfRevenue": "3224738", "costofGoodsAndServicesSold": "3224738", "operatingIncome": "-3947921", "sellingGeneralAndAdministrative": "3310469", "researchAndDevelopment": "337771", "operatingExpenses": "3978576", "investmentIncomeNet": "None", "netInterestIncome": "-1055083", "interestIncome": "199", "interestExpense": "1055282", "nonInterestIncome": "None", "otherNonOperatingIncome": "None", "depreciation": "None", "depreciationAndAmortization": "30681", "incomeBeforeTax": "-5253004", "incomeTaxExpense": "-1", "interestAndDebtExpense": "None", "netIncomeFromContinuingOperations": "-5253004", "comprehensiveIncomeNetOfTax": "None", "ebit": "-4197722", "ebitda": "-4167041", "netIncome": "-5253004"}, {"fiscalDateEnding": "2024-03-31", "reportedCurrency": "USD", "grossProfit": "841323", "totalRevenue": "4043837", "costOfRevenue": "3202514", "costofGoodsAndServicesSold": "3202514", "operatingIncome": "-2277269", "sellingGeneralAndAdministrative": "2730593", "researchAndDevelopment": "98629", "operatingExpenses": "3118592", "investmentIncomeNet": "None", "netInterestIncome": "-423347", "interestIncome": "512", "interestExpense": "423859", "nonInterestIncome": "None", "otherNonOperatingIncome": "None", "depreciation": "None", "depreciationAndAmortization": "24315", "incomeBeforeTax": "-2701278", "incomeTaxExpense": "-5", "interestAndDebtExpense": "None", "netIncomeFromContinuingOperations": "-2701278", "comprehensiveIncomeNetOfTax": "None", "ebit": "-2277419", "ebitda": "-2253104", "netIncome": "-2701278"}, {"fiscalDateEnding": "2023-12-31", "reportedCurrency": "USD", "grossProfit": "487634", "totalRevenue": "4810088", "costOfRevenue": "4322454", "costofGoodsAndServicesSold": "4322454", "operatingIncome": "-3239740", "sellingGeneralAndAdministrative": "3606698", "researchAndDevelopment": "95707", "operatingExpenses": "8049828", "investmentIncomeNet": "None", "netInterestIncome": "-154798", "interestIncome": "577", "interestExpense": "155375", "nonInterestIncome": "None", "otherNonOperatingIncome": "None", "depreciation": "None", "depreciationAndAmortization": "None", "incomeBeforeTax": "-7489855", "incomeTaxExpense": "None", "interestAndDebtExpense": "None", "netIncomeFromContinuingOperations": "-7489855", "comprehensiveIncomeNetOfTax": "None", "ebit": "None", "ebitda": "None", "netIncome": "-7489855"}, {"fiscalDateEnding": "2023-09-30", "reportedCurrency": "USD", "grossProfit": "225239", "totalRevenue": "3345552", "costOfRevenue": "3120313", "costofGoodsAndServicesSold": "3120313", "operatingIncome": "-2929112", "sellingGeneralAndAdministrative": "2616680", "researchAndDevelopment": "20326", "operatingExpenses": "3154351", "investmentIncomeNet": "None", "netInterestIncome": "-92127", "interestIncome": "3203", "interestExpense": "95330", "nonInterestIncome": "None", "otherNonOperatingIncome": "None", "depreciation": "None", "depreciationAndAmortization": "24895", "incomeBeforeTax": "-2793670", "incomeTaxExpense": "95330", "interestAndDebtExpense": "None", "netIncomeFromContinuingOperations": "-2793670", "comprehensiveIncomeNetOfTax": "None", "ebit": "-2698340", "ebitda": "-2673445", "netIncome": "-2793670"}, {"fiscalDateEnding": "2023-06-30", "reportedCurrency": "USD", "grossProfit": "687883", "totalRevenue": "3670571", "costOfRevenue": "2982688", "costofGoodsAndServicesSold": "2982688", "operatingIncome": "-1550839", "sellingGeneralAndAdministrative": "1662371", "researchAndDevelopment": "0", "operatingExpenses": "2238722", "investmentIncomeNet": "None", "netInterestIncome": "-148437", "interestIncome": "0", "interestExpense": "148437", "nonInterestIncome": "None", "otherNonOperatingIncome": "None", "depreciation": "None", "depreciationAndAmortization": "25275", "incomeBeforeTax": "-590204", "incomeTaxExpense": "1256109", "interestAndDebtExpense": "None", "netIncomeFromContinuingOperations": "-590204", "comprehensiveIncomeNetOfTax": "None", "ebit": "-1550839", "ebitda": "-1525564", "netIncome": "-590204"}, {"fiscalDateEnding": "2023-03-31", "reportedCurrency": "USD", "grossProfit": "1610773", "totalRevenue": "4402099", "costOfRevenue": "2791326", "costofGoodsAndServicesSold": "2791326", "operatingIncome": "-219945", "sellingGeneralAndAdministrative": "1217475", "researchAndDevelopment": "16495", "operatingExpenses": "1830718", "investmentIncomeNet": "None", "netInterestIncome": "-7110", "interestIncome": "0", "interestExpense": "7110", "nonInterestIncome": "None", "otherNonOperatingIncome": "None", "depreciation": "None", "depreciationAndAmortization": "29090", "incomeBeforeTax": "-227055", "incomeTaxExpense": "14220", "interestAndDebtExpense": "None", "netIncomeFromContinuingOperations": "-227055", "comprehensiveIncomeNetOfTax": "None", "ebit": "-219945", "ebitda": "-190855", "netIncome": "-227055"}, {"fiscalDateEnding": "2022-12-31", "reportedCurrency": "USD", "grossProfit": "807325", "totalRevenue": "3854253", "costOfRevenue": "3046928", "costofGoodsAndServicesSold": "3046928", "operatingIncome": "-749873", "sellingGeneralAndAdministrative": "918014", "researchAndDevelopment": "600408", "operatingExpenses": "4604126", "investmentIncomeNet": "None", "netInterestIncome": "-15549", "interestIncome": "1150", "interestExpense": "16699", "nonInterestIncome": "None", "otherNonOperatingIncome": "None", "depreciation": "None", "depreciationAndAmortization": "None", "incomeBeforeTax": "-765422", "incomeTaxExpense": "None", "interestAndDebtExpense": "None", "netIncomeFromContinuingOperations": "-765422", "comprehensiveIncomeNetOfTax": "None", "ebit": "-749873", "ebitda": "-709947", "netIncome": "-765422"}, {"fiscalDateEnding": "2022-09-30", "reportedCurrency": "USD", "grossProfit": "968148", "totalRevenue": "4102761", "costOfRevenue": "3134613", "costofGoodsAndServicesSold": "3134613", "operatingIncome": "-1770246", "sellingGeneralAndAdministrative": "2619272", "researchAndDevelopment": "0", "operatingExpenses": "2738394", "investmentIncomeNet": "None", "netInterestIncome": "-377156", "interestIncome": "4428", "interestExpense": "381584", "nonInterestIncome": "None", "otherNonOperatingIncome": "None", "depreciation": "None", "depreciationAndAmortization": "9956", "incomeBeforeTax": "-2147402", "incomeTaxExpense": "4428", "interestAndDebtExpense": "None", "netIncomeFromContinuingOperations": "-2147402", "comprehensiveIncomeNetOfTax": "None", "ebit": "-1765818", "ebitda": "-1755862", "netIncome": "-2147402"}, {"fiscalDateEnding": "2022-06-30", "reportedCurrency": "USD", "grossProfit": "97628", "totalRevenue": "338706", "costOfRevenue": "241078", "costofGoodsAndServicesSold": "241078", "operatingIncome": "-1584091", "sellingGeneralAndAdministrative": "1418825", "researchAndDevelopment": "113190", "operatingExpenses": "1681719", "investmentIncomeNet": "None", "netInterestIncome": "-18001", "interestIncome": "None", "interestExpense": "18001", "nonInterestIncome": "None", "otherNonOperatingIncome": "None", "depreciation": "None", "depreciationAndAmortization": "455", "incomeBeforeTax": "-1602092", "incomeTaxExpense": "18001", "interestAndDebtExpense": "None", "netIncomeFromContinuingOperations": "-1602092", "comprehensiveIncomeNetOfTax": "None", "ebit": "-1584091", "ebitda": "-1583636", "netIncome": "-1602092"}, {"fiscalDateEnding": "2022-03-31", "reportedCurrency": "USD", "grossProfit": "57361", "totalRevenue": "154080", "costOfRevenue": "96719", "costofGoodsAndServicesSold": "96719", "operatingIncome": "-959076", "sellingGeneralAndAdministrative": "901294", "researchAndDevelopment": "33273", "operatingExpenses": "1016437", "investmentIncomeNet": "None", "netInterestIncome": "-292405", "interestIncome": "None", "interestExpense": "292405", "nonInterestIncome": "None", "otherNonOperatingIncome": "None", "depreciation": "None", "depreciationAndAmortization": "900", "incomeBeforeTax": "-2628237", "incomeTaxExpense": "1669161", "interestAndDebtExpense": "None", "netIncomeFromContinuingOperations": "-2628237", "comprehensiveIncomeNetOfTax": "None", "ebit": "-959076", "ebitda": "-958176", "netIncome": "-2628237"}, {"fiscalDateEnding": "2021-12-31", "reportedCurrency": "USD", "grossProfit": "43282", "totalRevenue": "138469", "costOfRevenue": "95187", "costofGoodsAndServicesSold": "95187", "operatingIncome": "-647816", "sellingGeneralAndAdministrative": "1409424", "researchAndDevelopment": "54573", "operatingExpenses": "691098", "investmentIncomeNet": "None", "netInterestIncome": "-561038", "interestIncome": "None", "interestExpense": "561038", "nonInterestIncome": "None", "otherNonOperatingIncome": "None", "depreciation": "None", "depreciationAndAmortization": "485", "incomeBeforeTax": "-1208854", "incomeTaxExpense": "561038", "interestAndDebtExpense": "None", "netIncomeFromContinuingOperations": "-1208854", "comprehensiveIncomeNetOfTax": "None", "ebit": "-647816", "ebitda": "-647331", "netIncome": "-1208854"}, {"fiscalDateEnding": "2021-09-30", "reportedCurrency": "USD", "grossProfit": "15278", "totalRevenue": "295490", "costOfRevenue": "280212", "costofGoodsAndServicesSold": "280212", "operatingIncome": "-956604", "sellingGeneralAndAdministrative": "893547", "researchAndDevelopment": "42720", "operatingExpenses": "971882", "investmentIncomeNet": "None", "netInterestIncome": "-382601", "interestIncome": "None", "interestExpense": "382601", "nonInterestIncome": "None", "otherNonOperatingIncome": "None", "depreciation": "None", "depreciationAndAmortization": "1360", "incomeBeforeTax": "-1426780", "incomeTaxExpense": "470176", "interestAndDebtExpense": "None", "netIncomeFromContinuingOperations": "-1426780", "comprehensiveIncomeNetOfTax": "None", "ebit": "-956604", "ebitda": "-955244", "netIncome": "-1426780"}, {"fiscalDateEnding": "2021-06-30", "reportedCurrency": "USD", "grossProfit": "34991", "totalRevenue": "203577", "costOfRevenue": "168586", "costofGoodsAndServicesSold": "168586", "operatingIncome": "-1327656", "sellingGeneralAndAdministrative": "187148", "researchAndDevelopment": "146327", "operatingExpenses": "1362647", "investmentIncomeNet": "None", "netInterestIncome": "-569891", "interestIncome": "None", "interestExpense": "569891", "nonInterestIncome": "None", "otherNonOperatingIncome": "None", "depreciation": "None", "depreciationAndAmortization": "185", "incomeBeforeTax": "-2535695", "incomeTaxExpense": "1208039", "interestAndDebtExpense": "None", "netIncomeFromContinuingOperations": "-2535695", "comprehensiveIncomeNetOfTax": "None", "ebit": "-1327656", "ebitda": "-1327471", "netIncome": "-2535695"}, {"fiscalDateEnding": "2021-03-31", "reportedCurrency": "USD", "grossProfit": "62960", "totalRevenue": "356465", "costOfRevenue": "293505", "costofGoodsAndServicesSold": "293505", "operatingIncome": "-597162", "sellingGeneralAndAdministrative": "417099", "researchAndDevelopment": "44907", "operatingExpenses": "660122", "investmentIncomeNet": "None", "netInterestIncome": "-548252", "interestIncome": "None", "interestExpense": "785295", "nonInterestIncome": "None", "otherNonOperatingIncome": "None", "depreciation": "None", "depreciationAndAmortization": "15203", "incomeBeforeTax": "-1379419", "incomeTaxExpense": "548252", "interestAndDebtExpense": "None", "netIncomeFromContinuingOperations": "-927615", "comprehensiveIncomeNetOfTax": "None", "ebit": "-597162", "ebitda": "-581959", "netIncome": "-1379419"}, {"fiscalDateEnding": "2020-12-31", "reportedCurrency": "USD", "grossProfit": "62960", "totalRevenue": "356465", "costOfRevenue": "293505", "costofGoodsAndServicesSold": "293505", "operatingIncome": "-597162", "sellingGeneralAndAdministrative": "541493", "researchAndDevelopment": "44907", "operatingExpenses": "660122", "investmentIncomeNet": "None", "netInterestIncome": "-785295", "interestIncome": "None", "interestExpense": "785295", "nonInterestIncome": "None", "otherNonOperatingIncome": "None", "depreciation": "None", "depreciationAndAmortization": "15203", "incomeBeforeTax": "-1379419", "incomeTaxExpense": "None", "interestAndDebtExpense": "None", "netIncomeFromContinuingOperations": "-1379419", "comprehensiveIncomeNetOfTax": "None", "ebit": "-594124", "ebitda": "-578921", "netIncome": "-1379419"}, {"fiscalDateEnding": "2020-09-30", "reportedCurrency": "USD", "grossProfit": "50724", "totalRevenue": "279308", "costOfRevenue": "228584", "costofGoodsAndServicesSold": "228584", "operatingIncome": "-568084", "sellingGeneralAndAdministrative": "286541", "researchAndDevelopment": "89578", "operatingExpenses": "618808", "investmentIncomeNet": "None", "netInterestIncome": "-681076", "interestIncome": "None", "interestExpense": "681076", "nonInterestIncome": "None", "otherNonOperatingIncome": "None", "depreciation": "None", "depreciationAndAmortization": "15507", "incomeBeforeTax": "-1318085", "incomeTaxExpense": "750001", "interestAndDebtExpense": "None", "netIncomeFromContinuingOperations": "-1318085", "comprehensiveIncomeNetOfTax": "None", "ebit": "-568084", "ebitda": "-552577", "netIncome": "-1318085"}, {"fiscalDateEnding": "2020-06-30", "reportedCurrency": "USD", "grossProfit": "73627", "totalRevenue": "269662", "costOfRevenue": "196035", "costofGoodsAndServicesSold": "196035", "operatingIncome": "-695111", "sellingGeneralAndAdministrative": "450440", "researchAndDevelopment": "132692", "operatingExpenses": "768738", "investmentIncomeNet": "None", "netInterestIncome": "-416287", "interestIncome": "None", "interestExpense": "416287", "nonInterestIncome": "None", "otherNonOperatingIncome": "None", "depreciation": "None", "depreciationAndAmortization": "15507", "incomeBeforeTax": "-1111398", "incomeTaxExpense": "416287", "interestAndDebtExpense": "None", "netIncomeFromContinuingOperations": "-1111398", "comprehensiveIncomeNetOfTax": "None", "ebit": "-695111", "ebitda": "-679604", "netIncome": "-1111398"}, {"fiscalDateEnding": "2020-03-31", "reportedCurrency": "USD", "grossProfit": "115881", "totalRevenue": "350268", "costOfRevenue": "234387", "costofGoodsAndServicesSold": "234387", "operatingIncome": "-911564", "sellingGeneralAndAdministrative": "619449", "researchAndDevelopment": "53295", "operatingExpenses": "1027445", "investmentIncomeNet": "None", "netInterestIncome": "-410299", "interestIncome": "None", "interestExpense": "410299", "nonInterestIncome": "None", "otherNonOperatingIncome": "None", "depreciation": "None", "depreciationAndAmortization": "15507", "incomeBeforeTax": "-2172180", "incomeTaxExpense": "1260616", "interestAndDebtExpense": "None", "netIncomeFromContinuingOperations": "-2172180", "comprehensiveIncomeNetOfTax": "None", "ebit": "-911564", "ebitda": "-896057", "netIncome": "-2172180"}, {"fiscalDateEnding": "2019-12-31", "reportedCurrency": "USD", "grossProfit": "54105", "totalRevenue": "241077", "costOfRevenue": "186975", "costofGoodsAndServicesSold": "186975", "operatingIncome": "-976783", "sellingGeneralAndAdministrative": "969618", "researchAndDevelopment": "45763", "operatingExpenses": "1217863", "investmentIncomeNet": "None", "netInterestIncome": "-731333", "interestIncome": "None", "interestExpense": "731333", "nonInterestIncome": "None", "otherNonOperatingIncome": "None", "depreciation": "None", "depreciationAndAmortization": "None", "incomeBeforeTax": "-1708116", "incomeTaxExpense": "None", "interestAndDebtExpense": "None", "netIncomeFromContinuingOperations": "-1708116", "comprehensiveIncomeNetOfTax": "None", "ebit": "-961276", "ebitda": "None", "netIncome": "-1708116"}, {"fiscalDateEnding": "2019-09-30", "reportedCurrency": "USD", "grossProfit": "28589", "totalRevenue": "164970", "costOfRevenue": "136381", "costofGoodsAndServicesSold": "136381", "operatingIncome": "-3744848", "sellingGeneralAndAdministrative": "3580342", "researchAndDevelopment": "39331", "operatingExpenses": "3773437", "investmentIncomeNet": "None", "netInterestIncome": "-424346", "interestIncome": "None", "interestExpense": "424346", "nonInterestIncome": "None", "otherNonOperatingIncome": "None", "depreciation": "None", "depreciationAndAmortization": "15507", "incomeBeforeTax": "-4169194", "incomeTaxExpense": "424346", "interestAndDebtExpense": "None", "netIncomeFromContinuingOperations": "-4169194", "comprehensiveIncomeNetOfTax": "None", "ebit": "-3744848", "ebitda": "-3729341", "netIncome": "-4169194"}, {"fiscalDateEnding": "2019-06-30", "reportedCurrency": "USD", "grossProfit": "609", "totalRevenue": "59047", "costOfRevenue": "58438", "costofGoodsAndServicesSold": "58438", "operatingIncome": "-741136", "sellingGeneralAndAdministrative": "383600", "researchAndDevelopment": "182834", "operatingExpenses": "741745", "investmentIncomeNet": "None", "netInterestIncome": "-225003", "interestIncome": "None", "interestExpense": "225003", "nonInterestIncome": "None", "otherNonOperatingIncome": "None", "depreciation": "None", "depreciationAndAmortization": "15507", "incomeBeforeTax": "-966139", "incomeTaxExpense": "225003", "interestAndDebtExpense": "None", "netIncomeFromContinuingOperations": "-966139", "comprehensiveIncomeNetOfTax": "None", "ebit": "-741136", "ebitda": "-725629", "netIncome": "-966139"}, {"fiscalDateEnding": "2019-03-31", "reportedCurrency": "USD", "grossProfit": "26209", "totalRevenue": "70015", "costOfRevenue": "43806", "costofGoodsAndServicesSold": "43806", "operatingIncome": "-537454", "sellingGeneralAndAdministrative": "343370", "researchAndDevelopment": "41133", "operatingExpenses": "563663", "investmentIncomeNet": "None", "netInterestIncome": "-221169", "interestIncome": "None", "interestExpense": "221169", "nonInterestIncome": "None", "otherNonOperatingIncome": "0", "depreciation": "None", "depreciationAndAmortization": "15507", "incomeBeforeTax": "-758623", "incomeTaxExpense": "221169", "interestAndDebtExpense": "None", "netIncomeFromContinuingOperations": "-758623", "comprehensiveIncomeNetOfTax": "None", "ebit": "-537454", "ebitda": "-521947", "netIncome": "-758623"}, {"fiscalDateEnding": "2018-12-31", "reportedCurrency": "USD", "grossProfit": "25346", "totalRevenue": "44913", "costOfRevenue": "19567", "costofGoodsAndServicesSold": "19567", "operatingIncome": "-427290", "sellingGeneralAndAdministrative": "429629", "researchAndDevelopment": "7500", "operatingExpenses": "472203", "investmentIncomeNet": "None", "netInterestIncome": "None", "interestIncome": "None", "interestExpense": "86864", "nonInterestIncome": "None", "otherNonOperatingIncome": "0", "depreciation": "None", "depreciationAndAmortization": "None", "incomeBeforeTax": "-514155", "incomeTaxExpense": "0", "interestAndDebtExpense": "None", "netIncomeFromContinuingOperations": "-514155", "comprehensiveIncomeNetOfTax": "None", "ebit": "-427290", "ebitda": "None", "netIncome": "-514155"}, {"fiscalDateEnding": "2018-09-30", "reportedCurrency": "USD", "grossProfit": "-33", "totalRevenue": "26831", "costOfRevenue": "26864", "costofGoodsAndServicesSold": "26864", "operatingIncome": "-326869", "sellingGeneralAndAdministrative": "198936", "researchAndDevelopment": "316", "operatingExpenses": "326836", "investmentIncomeNet": "None", "netInterestIncome": "None", "interestIncome": "None", "interestExpense": "50345", "nonInterestIncome": "None", "otherNonOperatingIncome": "0", "depreciation": "None", "depreciationAndAmortization": "15507", "incomeBeforeTax": "-377215", "incomeTaxExpense": "50346", "interestAndDebtExpense": "None", "netIncomeFromContinuingOperations": "-377215", "comprehensiveIncomeNetOfTax": "None", "ebit": "-326869", "ebitda": "-311362", "netIncome": "-377215"}, {"fiscalDateEnding": "2018-06-30", "reportedCurrency": "USD", "grossProfit": "2445", "totalRevenue": "31214", "costOfRevenue": "28769", "costofGoodsAndServicesSold": "28769", "operatingIncome": "-416668", "sellingGeneralAndAdministrative": "239226", "researchAndDevelopment": "7866", "operatingExpenses": "419113", "investmentIncomeNet": "None", "netInterestIncome": "None", "interestIncome": "None", "interestExpense": "66309", "nonInterestIncome": "None", "otherNonOperatingIncome": "0", "depreciation": "None", "depreciationAndAmortization": "15507", "incomeBeforeTax": "-482978", "incomeTaxExpense": "66309", "interestAndDebtExpense": "None", "netIncomeFromContinuingOperations": "-482978", "comprehensiveIncomeNetOfTax": "None", "ebit": "-416668", "ebitda": "-401161", "netIncome": "-482978"}, {"fiscalDateEnding": "2018-03-31", "reportedCurrency": "USD", "grossProfit": "1204", "totalRevenue": "28316", "costOfRevenue": "27112", "costofGoodsAndServicesSold": "27112", "operatingIncome": "-540865", "sellingGeneralAndAdministrative": "310979", "researchAndDevelopment": "7936", "operatingExpenses": "542069", "investmentIncomeNet": "None", "netInterestIncome": "None", "interestIncome": "None", "interestExpense": "86491", "nonInterestIncome": "None", "otherNonOperatingIncome": "None", "depreciation": "None", "depreciationAndAmortization": "15507", "incomeBeforeTax": "-627357", "incomeTaxExpense": "86491", "interestAndDebtExpense": "None", "netIncomeFromContinuingOperations": "-627357", "comprehensiveIncomeNetOfTax": "None", "ebit": "-540865", "ebitda": "-525358", "netIncome": "-627357"}, {"fiscalDateEnding": "2017-12-31", "reportedCurrency": "USD", "grossProfit": "9068", "totalRevenue": "18035", "costOfRevenue": "8967", "costofGoodsAndServicesSold": "8967", "operatingIncome": "-276111", "sellingGeneralAndAdministrative": "240672", "researchAndDevelopment": "29000", "operatingExpenses": "294146", "investmentIncomeNet": "None", "netInterestIncome": "None", "interestIncome": "None", "interestExpense": "139496", "nonInterestIncome": "None", "otherNonOperatingIncome": "None", "depreciation": "None", "depreciationAndAmortization": "None", "incomeBeforeTax": "-415606", "incomeTaxExpense": "0", "interestAndDebtExpense": "None", "netIncomeFromContinuingOperations": "-415606", "comprehensiveIncomeNetOfTax": "None", "ebit": "-276111", "ebitda": "None", "netIncome": "-415606"}, {"fiscalDateEnding": "2017-09-30", "reportedCurrency": "USD", "grossProfit": "-8657", "totalRevenue": "10164", "costOfRevenue": "18821", "costofGoodsAndServicesSold": "18821", "operatingIncome": "-343857", "sellingGeneralAndAdministrative": "225551", "researchAndDevelopment": "12860", "operatingExpenses": "335200", "investmentIncomeNet": "None", "netInterestIncome": "None", "interestIncome": "None", "interestExpense": "121893", "nonInterestIncome": "None", "otherNonOperatingIncome": "None", "depreciation": "None", "depreciationAndAmortization": "15507", "incomeBeforeTax": "-465751", "incomeTaxExpense": "121894", "interestAndDebtExpense": "None", "netIncomeFromContinuingOperations": "-465751", "comprehensiveIncomeNetOfTax": "None", "ebit": "-343857", "ebitda": "-328350", "netIncome": "-465751"}, {"fiscalDateEnding": "2017-06-30", "reportedCurrency": "USD", "grossProfit": "-7098", "totalRevenue": "12031", "costOfRevenue": "19129", "costofGoodsAndServicesSold": "19129", "operatingIncome": "-1767409", "sellingGeneralAndAdministrative": "1616476", "researchAndDevelopment": "7240", "operatingExpenses": "1760311", "investmentIncomeNet": "None", "netInterestIncome": "None", "interestIncome": "None", "interestExpense": "12865", "nonInterestIncome": "None", "otherNonOperatingIncome": "None", "depreciation": "None", "depreciationAndAmortization": "15507", "incomeBeforeTax": "-1760273", "incomeTaxExpense": "-7136", "interestAndDebtExpense": "None", "netIncomeFromContinuingOperations": "-1760273", "comprehensiveIncomeNetOfTax": "None", "ebit": "-1747409", "ebitda": "-1731902", "netIncome": "-1760273"}, {"fiscalDateEnding": "2017-03-31", "reportedCurrency": "USD", "grossProfit": "-500", "totalRevenue": "6166", "costOfRevenue": "500", "costofGoodsAndServicesSold": "500", "operatingIncome": "-10771", "sellingGeneralAndAdministrative": "10271", "researchAndDevelopment": "15276", "operatingExpenses": "10271", "investmentIncomeNet": "None", "netInterestIncome": "None", "interestIncome": "None", "interestExpense": "26566", "nonInterestIncome": "None", "otherNonOperatingIncome": "None", "depreciation": "None", "depreciationAndAmortization": "500", "incomeBeforeTax": "-37337", "incomeTaxExpense": "26566", "interestAndDebtExpense": "None", "netIncomeFromContinuingOperations": "-37337", "comprehensiveIncomeNetOfTax": "None", "ebit": "-10771", "ebitda": "-10271", "netIncome": "-37337"}, {"fiscalDateEnding": "2016-12-31", "reportedCurrency": "USD", "grossProfit": "-3000", "totalRevenue": "7103", "costOfRevenue": "3000", "costofGoodsAndServicesSold": "3000", "operatingIncome": "-8648", "sellingGeneralAndAdministrative": "5648", "researchAndDevelopment": "14000", "operatingExpenses": "5648", "investmentIncomeNet": "None", "netInterestIncome": "None", "interestIncome": "None", "interestExpense": "16959", "nonInterestIncome": "None", "otherNonOperatingIncome": "None", "depreciation": "None", "depreciationAndAmortization": "3000", "incomeBeforeTax": "-25607", "incomeTaxExpense": "16959", "interestAndDebtExpense": "None", "netIncomeFromContinuingOperations": "962114", "comprehensiveIncomeNetOfTax": "None", "ebit": "-8648", "ebitda": "-5648", "netIncome": "-25607"}, {"fiscalDateEnding": "2016-09-30", "reportedCurrency": "USD", "grossProfit": "-3000", "totalRevenue": "None", "costOfRevenue": "3000", "costofGoodsAndServicesSold": "3000", "operatingIncome": "-8451", "sellingGeneralAndAdministrative": "5451", "researchAndDevelopment": "23486", "operatingExpenses": "5451", "investmentIncomeNet": "None", "netInterestIncome": "None", "interestIncome": "None", "interestExpense": "1553", "nonInterestIncome": "None", "otherNonOperatingIncome": "None", "depreciation": "None", "depreciationAndAmortization": "3000", "incomeBeforeTax": "-10004", "incomeTaxExpense": "1553", "interestAndDebtExpense": "None", "netIncomeFromContinuingOperations": "None", "comprehensiveIncomeNetOfTax": "None", "ebit": "-8451", "ebitda": "-5451", "netIncome": "-10004"}, {"fiscalDateEnding": "2016-06-30", "reportedCurrency": "USD", "grossProfit": "None", "totalRevenue": "None", "costOfRevenue": "None", "costofGoodsAndServicesSold": "None", "operatingIncome": "-19883", "sellingGeneralAndAdministrative": "16883", "researchAndDevelopment": "38894", "operatingExpenses": "19883", "investmentIncomeNet": "None", "netInterestIncome": "None", "interestIncome": "None", "interestExpense": "11632", "nonInterestIncome": "None", "otherNonOperatingIncome": "None", "depreciation": "None", "depreciationAndAmortization": "6000", "incomeBeforeTax": "84017", "incomeTaxExpense": "-103900", "interestAndDebtExpense": "None", "netIncomeFromContinuingOperations": "None", "comprehensiveIncomeNetOfTax": "None", "ebit": "-123783", "ebitda": "-117783", "netIncome": "84017"}, {"fiscalDateEnding": "2016-03-31", "reportedCurrency": "USD", "grossProfit": "None", "totalRevenue": "None", "costOfRevenue": "None", "costofGoodsAndServicesSold": "None", "operatingIncome": "-63275", "sellingGeneralAndAdministrative": "46275", "researchAndDevelopment": "14000", "operatingExpenses": "63275", "investmentIncomeNet": "None", "netInterestIncome": "None", "interestIncome": "None", "interestExpense": "None", "nonInterestIncome": "None", "otherNonOperatingIncome": "None", "depreciation": "None", "depreciationAndAmortization": "3000", "incomeBeforeTax": "-63275", "incomeTaxExpense": "126550", "interestAndDebtExpense": "None", "netIncomeFromContinuingOperations": "None", "comprehensiveIncomeNetOfTax": "None", "ebit": "-63275", "ebitda": "-60275", "netIncome": "-63275"}, {"fiscalDateEnding": "2015-12-31", "reportedCurrency": "USD", "grossProfit": "None", "totalRevenue": "None", "costOfRevenue": "None", "costofGoodsAndServicesSold": "None", "operatingIncome": "-41390", "sellingGeneralAndAdministrative": "25190", "researchAndDevelopment": "13200", "operatingExpenses": "41390", "investmentIncomeNet": "None", "netInterestIncome": "None", "interestIncome": "None", "interestExpense": "None", "nonInterestIncome": "None", "otherNonOperatingIncome": "None", "depreciation": "None", "depreciationAndAmortization": "3000", "incomeBeforeTax": "-41390", "incomeTaxExpense": "800", "interestAndDebtExpense": "None", "netIncomeFromContinuingOperations": "None", "comprehensiveIncomeNetOfTax": "None", "ebit": "-41390", "ebitda": "-38390", "netIncome": "-42190"}, {"fiscalDateEnding": "2015-09-30", "reportedCurrency": "USD", "grossProfit": "None", "totalRevenue": "None", "costOfRevenue": "None", "costofGoodsAndServicesSold": "None", "operatingIncome": "-32400", "sellingGeneralAndAdministrative": "15600", "researchAndDevelopment": "13800", "operatingExpenses": "32400", "investmentIncomeNet": "None", "netInterestIncome": "None", "interestIncome": "None", "interestExpense": "None", "nonInterestIncome": "None", "otherNonOperatingIncome": "None", "depreciation": "None", "depreciationAndAmortization": "500", "incomeBeforeTax": "-32400", "incomeTaxExpense": "64800", "interestAndDebtExpense": "None", "netIncomeFromContinuingOperations": "None", "comprehensiveIncomeNetOfTax": "None", "ebit": "-29900", "ebitda": "-29400", "netIncome": "-32400"}, {"fiscalDateEnding": "2015-06-30", "reportedCurrency": "USD", "grossProfit": "None", "totalRevenue": "None", "costOfRevenue": "None", "costofGoodsAndServicesSold": "None", "operatingIncome": "-25800", "sellingGeneralAndAdministrative": "8800", "researchAndDevelopment": "13000", "operatingExpenses": "25800", "investmentIncomeNet": "None", "netInterestIncome": "None", "interestIncome": "None", "interestExpense": "None", "nonInterestIncome": "None", "otherNonOperatingIncome": "None", "depreciation": "None", "depreciationAndAmortization": "5500", "incomeBeforeTax": "-25800", "incomeTaxExpense": "None", "interestAndDebtExpense": "None", "netIncomeFromContinuingOperations": "None", "comprehensiveIncomeNetOfTax": "None", "ebit": "-25800", "ebitda": "-20300", "netIncome": "-25800"}, {"fiscalDateEnding": "2015-03-31", "reportedCurrency": "USD", "grossProfit": "None", "totalRevenue": "None", "costOfRevenue": "None", "costofGoodsAndServicesSold": "None", "operatingIncome": "-15600", "sellingGeneralAndAdministrative": "4100", "researchAndDevelopment": "9000", "operatingExpenses": "15600", "investmentIncomeNet": "None", "netInterestIncome": "None", "interestIncome": "None", "interestExpense": "None", "nonInterestIncome": "None", "otherNonOperatingIncome": "None", "depreciation": "None", "depreciationAndAmortization": "2500", "incomeBeforeTax": "-15600", "incomeTaxExpense": "None", "interestAndDebtExpense": "None", "netIncomeFromContinuingOperations": "None", "comprehensiveIncomeNetOfTax": "None", "ebit": "-15600", "ebitda": "-13100", "netIncome": "-15600"}]}