{"symbol": "GE", "annualReports": [{"fiscalDateEnding": "2025-12-31", "reportedCurrency": "USD", "grossProfit": "16887000000", "totalRevenue": "45855000000", "costOfRevenue": "28968000000", "costofGoodsAndServicesSold": "28968000000", "operatingIncome": "8770000000", "sellingGeneralAndAdministrative": "4088000000", "researchAndDevelopment": "1580000000", "operatingExpenses": "8117000000", "investmentIncomeNet": "None", "netInterestIncome": "103000000", "interestIncome": "946000000", "interestExpense": "843000000", "nonInterestIncome": "None", "otherNonOperatingIncome": "None", "depreciation": "None", "depreciationAndAmortization": "1220000000", "incomeBeforeTax": "10000000000", "incomeTaxExpense": "1405000000", "interestAndDebtExpense": "None", "netIncomeFromContinuingOperations": "8595000000", "comprehensiveIncomeNetOfTax": "None", "ebit": "10843000000", "ebitda": "12063000000", "netIncome": "8704000000"}, {"fiscalDateEnding": "2024-12-31", "reportedCurrency": "USD", "grossProfit": "14394000000", "totalRevenue": "38702000000", "costOfRevenue": "24308000000", "costofGoodsAndServicesSold": "24308000000", "operatingIncome": "6761000000", "sellingGeneralAndAdministrative": "6347000000", "researchAndDevelopment": "1286000000", "operatingExpenses": "7633000000", "investmentIncomeNet": "None", "netInterestIncome": "-173000000", "interestIncome": "813000000", "interestExpense": "986000000", "nonInterestIncome": "None", "otherNonOperatingIncome": "None", "depreciation": "None", "depreciationAndAmortization": "1184000000", "incomeBeforeTax": "7620000000", "incomeTaxExpense": "962000000", "interestAndDebtExpense": "None", "netIncomeFromContinuingOperations": "6657000000", "comprehensiveIncomeNetOfTax": "None", "ebit": "8606000000", "ebitda": "9790000000", "netIncome": "6556000000"}, {"fiscalDateEnding": "2023-12-31", "reportedCurrency": "USD", "grossProfit": "12409000000", "totalRevenue": "35348000000", "costOfRevenue": "22939000000", "costofGoodsAndServicesSold": "22939000000", "operatingIncome": "4717000000", "sellingGeneralAndAdministrative": "6681000000", "researchAndDevelopment": "1011000000", "operatingExpenses": "7692000000", "investmentIncomeNet": "None", "netInterestIncome": "-578000000", "interestIncome": "721000000", "interestExpense": "1029000000", "nonInterestIncome": "None", "otherNonOperatingIncome": "None", "depreciation": "None", "depreciationAndAmortization": "1179000000", "incomeBeforeTax": "10441000000", "incomeTaxExpense": "994000000", "interestAndDebtExpense": "None", "netIncomeFromContinuingOperations": "10957000000", "comprehensiveIncomeNetOfTax": "None", "ebit": "11470000000", "ebitda": "12649000000", "netIncome": "9482000000"}, {"fiscalDateEnding": "2022-12-31", "reportedCurrency": "USD", "grossProfit": "13827000000", "totalRevenue": "76555000000", "costOfRevenue": "55535000000", "costofGoodsAndServicesSold": "55535000000", "operatingIncome": "1858000000", "sellingGeneralAndAdministrative": "12781000000", "researchAndDevelopment": "2813000000", "operatingExpenses": "13551000000", "investmentIncomeNet": "None", "netInterestIncome": "-1607000000", "interestIncome": "681000000", "interestExpense": "1477000000", "nonInterestIncome": "None", "otherNonOperatingIncome": "-532000000", "depreciation": "None", "depreciationAndAmortization": "2902000000", "incomeBeforeTax": "-799000000", "incomeTaxExpense": "476000000", "interestAndDebtExpense": "None", "netIncomeFromContinuingOperations": "1412000000", "comprehensiveIncomeNetOfTax": "None", "ebit": "1858000000", "ebitda": "4760000000", "netIncome": "292000000"}, {"fiscalDateEnding": "2021-12-31", "reportedCurrency": "USD", "grossProfit": "13091000000", "totalRevenue": "56469000000", "costOfRevenue": "43378000000", "costofGoodsAndServicesSold": "43378000000", "operatingIncome": "1058000000", "sellingGeneralAndAdministrative": "10351000000", "researchAndDevelopment": "1682000000", "operatingExpenses": "12033000000", "investmentIncomeNet": "None", "netInterestIncome": "-1876000000", "interestIncome": "2111000000", "interestExpense": "1790000000", "nonInterestIncome": "None", "otherNonOperatingIncome": "None", "depreciation": "None", "depreciationAndAmortization": "2360000000", "incomeBeforeTax": "-5695000000", "incomeTaxExpense": "-757000000", "interestAndDebtExpense": "None", "netIncomeFromContinuingOperations": "-3396000000", "comprehensiveIncomeNetOfTax": "None", "ebit": "-3905000000", "ebitda": "-1545000000", "netIncome": "-6337000000"}, {"fiscalDateEnding": "2020-12-31", "reportedCurrency": "USD", "grossProfit": "17963000000", "totalRevenue": "75834000000", "costOfRevenue": "57871000000", "costofGoodsAndServicesSold": "57871000000", "operatingIncome": "409000000", "sellingGeneralAndAdministrative": "14989000000", "researchAndDevelopment": "2565000000", "operatingExpenses": "17554000000", "investmentIncomeNet": "None", "netInterestIncome": "-3273000000", "interestIncome": "2606000000", "interestExpense": "3515000000", "nonInterestIncome": "None", "otherNonOperatingIncome": "11387000000", "depreciation": "None", "depreciationAndAmortization": "3464000000", "incomeBeforeTax": "5970000000", "incomeTaxExpense": "-487000000", "interestAndDebtExpense": "None", "netIncomeFromContinuingOperations": "5672000000", "comprehensiveIncomeNetOfTax": "None", "ebit": "9485000000", "ebitda": "12949000000", "netIncome": "5704000000"}, {"fiscalDateEnding": "2019-12-31", "reportedCurrency": "USD", "grossProfit": "25369000000", "totalRevenue": "90221000000", "costOfRevenue": "64852000000", "costofGoodsAndServicesSold": "64852000000", "operatingIncome": "5151000000", "sellingGeneralAndAdministrative": "17100000000", "researchAndDevelopment": "3118000000", "operatingExpenses": "20218000000", "investmentIncomeNet": "None", "netInterestIncome": "-475000000", "interestIncome": "1220000000", "interestExpense": "2927000000", "nonInterestIncome": "None", "otherNonOperatingIncome": "2222000000", "depreciation": "None", "depreciationAndAmortization": "3541000000", "incomeBeforeTax": "-54000000", "incomeTaxExpense": "552000000", "interestAndDebtExpense": "None", "netIncomeFromContinuingOperations": "423000000", "comprehensiveIncomeNetOfTax": "None", "ebit": "2873000000", "ebitda": "6414000000", "netIncome": "-4979000000"}, {"fiscalDateEnding": "2018-12-31", "reportedCurrency": "USD", "grossProfit": "27609000000", "totalRevenue": "97012000000", "costOfRevenue": "69403000000", "costofGoodsAndServicesSold": "69403000000", "operatingIncome": "6761000000", "sellingGeneralAndAdministrative": "17433000000", "researchAndDevelopment": "3415000000", "operatingExpenses": "20848000000", "investmentIncomeNet": "None", "netInterestIncome": "-1408000000", "interestIncome": "669000000", "interestExpense": "4766000000", "nonInterestIncome": "None", "otherNonOperatingIncome": "None", "depreciation": "None", "depreciationAndAmortization": "6582000000", "incomeBeforeTax": "-20987000000", "incomeTaxExpense": "93000000", "interestAndDebtExpense": "None", "netIncomeFromContinuingOperations": "-20717000000", "comprehensiveIncomeNetOfTax": "None", "ebit": "-16221000000", "ebitda": "-9639000000", "netIncome": "-22355000000"}, {"fiscalDateEnding": "2017-12-31", "reportedCurrency": "USD", "grossProfit": "23686000000", "totalRevenue": "99279000000", "costOfRevenue": "75593000000", "costofGoodsAndServicesSold": "75593000000", "operatingIncome": "-2739000000", "sellingGeneralAndAdministrative": "26425000000", "researchAndDevelopment": "4738000000", "operatingExpenses": "26425000000", "investmentIncomeNet": "None", "netInterestIncome": "-1724000000", "interestIncome": "944000000", "interestExpense": "4655000000", "nonInterestIncome": "None", "otherNonOperatingIncome": "None", "depreciation": "None", "depreciationAndAmortization": "6194000000", "incomeBeforeTax": "-11345000000", "incomeTaxExpense": "-2808000000", "interestAndDebtExpense": "None", "netIncomeFromContinuingOperations": "-5748000000", "comprehensiveIncomeNetOfTax": "None", "ebit": "-6690000000", "ebitda": "-496000000", "netIncome": "-8484000000"}, {"fiscalDateEnding": "2016-12-31", "reportedCurrency": "USD", "grossProfit": "31816000000", "totalRevenue": "119468000000", "costOfRevenue": "87652000000", "costofGoodsAndServicesSold": "87652000000", "operatingIncome": "14178000000", "sellingGeneralAndAdministrative": "18377000000", "researchAndDevelopment": "4782000000", "operatingExpenses": "17638000000", "investmentIncomeNet": "None", "netInterestIncome": "-1234000000", "interestIncome": "896000000", "interestExpense": "5024000000", "nonInterestIncome": "None", "otherNonOperatingIncome": "None", "depreciation": "None", "depreciationAndAmortization": "7070000000", "incomeBeforeTax": "7031000000", "incomeTaxExpense": "-1133000000", "interestAndDebtExpense": "None", "netIncomeFromContinuingOperations": "9494000000", "comprehensiveIncomeNetOfTax": "None", "ebit": "12055000000", "ebitda": "19125000000", "netIncome": "7500000000"}, {"fiscalDateEnding": "2015-12-31", "reportedCurrency": "USD", "grossProfit": "32465000000", "totalRevenue": "115158000000", "costOfRevenue": "82693000000", "costofGoodsAndServicesSold": "82693000000", "operatingIncome": "14634000000", "sellingGeneralAndAdministrative": "17831000000", "researchAndDevelopment": "5416000000", "operatingExpenses": "17831000000", "investmentIncomeNet": "None", "netInterestIncome": "None", "interestIncome": "1052000000", "interestExpense": "3463000000", "nonInterestIncome": "None", "otherNonOperatingIncome": "None", "depreciation": "None", "depreciationAndAmortization": "4847000000", "incomeBeforeTax": "8186000000", "incomeTaxExpense": "6485000000", "interestAndDebtExpense": "None", "netIncomeFromContinuingOperations": "1700000000", "comprehensiveIncomeNetOfTax": "None", "ebit": "11649000000", "ebitda": "16496000000", "netIncome": "-6126000000"}, {"fiscalDateEnding": "2014-12-31", "reportedCurrency": "USD", "grossProfit": "32702000000", "totalRevenue": "116406000000", "costOfRevenue": "83704000000", "costofGoodsAndServicesSold": "83704000000", "operatingIncome": "15854000000", "sellingGeneralAndAdministrative": "28024000000", "researchAndDevelopment": "5273000000", "operatingExpenses": "16848000000", "investmentIncomeNet": "None", "netInterestIncome": "None", "interestIncome": "None", "interestExpense": "2800000000", "nonInterestIncome": "None", "otherNonOperatingIncome": "None", "depreciation": "None", "depreciationAndAmortization": "4953000000", "incomeBeforeTax": "10263000000", "incomeTaxExpense": "773000000", "interestAndDebtExpense": "None", "netIncomeFromContinuingOperations": "15457000000", "comprehensiveIncomeNetOfTax": "None", "ebit": "13063000000", "ebitda": "18016000000", "netIncome": "15233000000"}, {"fiscalDateEnding": "2013-12-31", "reportedCurrency": "USD", "grossProfit": "30296000000", "totalRevenue": "110137000000", "costOfRevenue": "79841000000", "costofGoodsAndServicesSold": "79841000000", "operatingIncome": "12351000000", "sellingGeneralAndAdministrative": "35143000000", "researchAndDevelopment": "5461000000", "operatingExpenses": "17945000000", "investmentIncomeNet": "None", "netInterestIncome": "None", "interestIncome": "None", "interestExpense": "2870000000", "nonInterestIncome": "None", "otherNonOperatingIncome": "None", "depreciation": "None", "depreciationAndAmortization": "5202000000", "incomeBeforeTax": "9100000000", "incomeTaxExpense": "1219000000", "interestAndDebtExpense": "None", "netIncomeFromContinuingOperations": "15475000000", "comprehensiveIncomeNetOfTax": "None", "ebit": "11970000000", "ebitda": "17172000000", "netIncome": "13057000000"}, {"fiscalDateEnding": "2012-12-31", "reportedCurrency": "USD", "grossProfit": "69811000000", "totalRevenue": "144121000000", "costOfRevenue": "74310000000", "costofGoodsAndServicesSold": "74310000000", "operatingIncome": "29384000000", "sellingGeneralAndAdministrative": "29694000000", "researchAndDevelopment": "5200000000", "operatingExpenses": "40427000000", "investmentIncomeNet": "None", "netInterestIncome": "None", "interestIncome": "None", "interestExpense": "12407000000", "nonInterestIncome": "None", "otherNonOperatingIncome": "None", "depreciation": "None", "depreciationAndAmortization": "9192000000", "incomeBeforeTax": "17381000000", "incomeTaxExpense": "2534000000", "interestAndDebtExpense": "None", "netIncomeFromContinuingOperations": "14902000000", "comprehensiveIncomeNetOfTax": "None", "ebit": "29788000000", "ebitda": "38980000000", "netIncome": "13641000000"}, {"fiscalDateEnding": "2011-12-31", "reportedCurrency": "USD", "grossProfit": "73201000000", "totalRevenue": "141479000000", "costOfRevenue": "68278000000", "costofGoodsAndServicesSold": "68278000000", "operatingIncome": "69271000000", "sellingGeneralAndAdministrative": "2912000000", "researchAndDevelopment": "4601000000", "operatingExpenses": "3930000000", "investmentIncomeNet": "None", "netInterestIncome": "None", "interestIncome": "None", "interestExpense": "14422000000", "nonInterestIncome": "None", "otherNonOperatingIncome": "None", "depreciation": "None", "depreciationAndAmortization": "8986000000", "incomeBeforeTax": "20159000000", "incomeTaxExpense": "5745000000", "interestAndDebtExpense": "None", "netIncomeFromContinuingOperations": "None", "comprehensiveIncomeNetOfTax": "None", "ebit": "34581000000", "ebitda": "43567000000", "netIncome": "14151000000"}, {"fiscalDateEnding": "2010-12-31", "reportedCurrency": "USD", "grossProfit": "40394000000", "totalRevenue": "150211000000", "costOfRevenue": "109817000000", "costofGoodsAndServicesSold": "109817000000", "operatingIncome": "30191000000", "sellingGeneralAndAdministrative": "41116000000", "researchAndDevelopment": "3939000000", "operatingExpenses": "10203000000", "investmentIncomeNet": "None", "netInterestIncome": "None", "interestIncome": "None", "interestExpense": "15983000000", "nonInterestIncome": "None", "otherNonOperatingIncome": "None", "depreciation": "None", "depreciationAndAmortization": "10013000000", "incomeBeforeTax": "14208000000", "incomeTaxExpense": "1050000000", "interestAndDebtExpense": "None", "netIncomeFromContinuingOperations": "13158000000", "comprehensiveIncomeNetOfTax": "None", "ebit": "30191000000", "ebitda": "40204000000", "netIncome": "11644000000"}, {"fiscalDateEnding": "2009-12-31", "reportedCurrency": "USD", "grossProfit": "43058000000", "totalRevenue": "156783000000", "costOfRevenue": "113725000000", "costofGoodsAndServicesSold": "113725000000", "operatingIncome": "29113000000", "sellingGeneralAndAdministrative": "40821000000", "researchAndDevelopment": "3324000000", "operatingExpenses": "13945000000", "investmentIncomeNet": "None", "netInterestIncome": "None", "interestIncome": "None", "interestExpense": "18769000000", "nonInterestIncome": "None", "otherNonOperatingIncome": "None", "depreciation": "None", "depreciationAndAmortization": "10636000000", "incomeBeforeTax": "10344000000", "incomeTaxExpense": "-1090000000", "interestAndDebtExpense": "None", "netIncomeFromContinuingOperations": "None", "comprehensiveIncomeNetOfTax": "None", "ebit": "29113000000", "ebitda": "39749000000", "netIncome": "11025000000"}, {"fiscalDateEnding": "2008-12-31", "reportedCurrency": "USD", "grossProfit": "97809000000", "totalRevenue": "181581000000", "costOfRevenue": "83772000000", "costofGoodsAndServicesSold": "83772000000", "operatingIncome": "45528000000", "sellingGeneralAndAdministrative": "45048000000", "researchAndDevelopment": "3020000000", "operatingExpenses": "52281000000", "investmentIncomeNet": "None", "netInterestIncome": "None", "interestIncome": "None", "interestExpense": "25758000000", "nonInterestIncome": "None", "otherNonOperatingIncome": "None", "depreciation": "None", "depreciationAndAmortization": "11481000000", "incomeBeforeTax": "19770000000", "incomeTaxExpense": "1102000000", "interestAndDebtExpense": "None", "netIncomeFromContinuingOperations": "None", "comprehensiveIncomeNetOfTax": "None", "ebit": "45528000000", "ebitda": "57009000000", "netIncome": "17410000000"}, {"fiscalDateEnding": "2007-12-31", "reportedCurrency": "USD", "grossProfit": "99363000000", "totalRevenue": "172488000000", "costOfRevenue": "73125000000", "costofGoodsAndServicesSold": "73125000000", "operatingIncome": "51290000000", "sellingGeneralAndAdministrative": "43642000000", "researchAndDevelopment": "3009000000", "operatingExpenses": "48073000000", "investmentIncomeNet": "None", "netInterestIncome": "None", "interestIncome": "None", "interestExpense": "23762000000", "nonInterestIncome": "None", "otherNonOperatingIncome": "None", "depreciation": "None", "depreciationAndAmortization": "10275000000", "incomeBeforeTax": "27528000000", "incomeTaxExpense": "4155000000", "interestAndDebtExpense": "None", "netIncomeFromContinuingOperations": "None", "comprehensiveIncomeNetOfTax": "None", "ebit": "51290000000", "ebitda": "61565000000", "netIncome": "22208000000"}, {"fiscalDateEnding": "2006-12-31", "reportedCurrency": "USD", "grossProfit": "84795000000", "totalRevenue": "151568000000", "costOfRevenue": "66773000000", "costofGoodsAndServicesSold": "66773000000", "operatingIncome": "43029000000", "sellingGeneralAndAdministrative": "38704000000", "researchAndDevelopment": "2969000000", "operatingExpenses": "41766000000", "investmentIncomeNet": "None", "netInterestIncome": "None", "interestIncome": "None", "interestExpense": "18879000000", "nonInterestIncome": "None", "otherNonOperatingIncome": "None", "depreciation": "None", "depreciationAndAmortization": "8457000000", "incomeBeforeTax": "23288000000", "incomeTaxExpense": "3944000000", "interestAndDebtExpense": "None", "netIncomeFromContinuingOperations": "None", "comprehensiveIncomeNetOfTax": "None", "ebit": "42167000000", "ebitda": "50624000000", "netIncome": "20742000000"}], "quarterlyReports": [{"fiscalDateEnding": "2025-12-31", "reportedCurrency": "USD", "grossProfit": "4354000000", "totalRevenue": "12717000000", "costOfRevenue": "8363000000", "costofGoodsAndServicesSold": "8363000000", "operatingIncome": "2359000000", "sellingGeneralAndAdministrative": "997000000", "researchAndDevelopment": "448000000", "operatingExpenses": "1995000000", "investmentIncomeNet": "None", "netInterestIncome": "200000000", "interestIncome": "450000000", "interestExpense": "250000000", "nonInterestIncome": "None", "otherNonOperatingIncome": "None", "depreciation": "None", "depreciationAndAmortization": "307000000", "incomeBeforeTax": "2851000000", "incomeTaxExpense": "390000000", "interestAndDebtExpense": "None", "netIncomeFromContinuingOperations": "2462000000", "comprehensiveIncomeNetOfTax": "None", "ebit": "3101000000", "ebitda": "3408000000", "netIncome": "2540000000"}, {"fiscalDateEnding": "2025-09-30", "reportedCurrency": "USD", "grossProfit": "4459000000", "totalRevenue": "12221000000", "costOfRevenue": "7762000000", "costofGoodsAndServicesSold": "7762000000", "operatingIncome": "2796000000", "sellingGeneralAndAdministrative": "1195000000", "researchAndDevelopment": "415000000", "operatingExpenses": "1663000000", "investmentIncomeNet": "None", "netInterestIncome": "-63000000", "interestIncome": "162000000", "interestExpense": "225000000", "nonInterestIncome": "None", "otherNonOperatingIncome": "None", "depreciation": "None", "depreciationAndAmortization": "303000000", "incomeBeforeTax": "2515000000", "incomeTaxExpense": "344000000", "interestAndDebtExpense": "None", "netIncomeFromContinuingOperations": "2171000000", "comprehensiveIncomeNetOfTax": "None", "ebit": "2740000000", "ebitda": "3043000000", "netIncome": "2157000000"}, {"fiscalDateEnding": "2025-06-30", "reportedCurrency": "USD", "grossProfit": "4176000000", "totalRevenue": "11022000000", "costOfRevenue": "6846000000", "costofGoodsAndServicesSold": "6846000000", "operatingIncome": "2099000000", "sellingGeneralAndAdministrative": "1718000000", "researchAndDevelopment": "359000000", "operatingExpenses": "2077000000", "investmentIncomeNet": "None", "netInterestIncome": "2000000", "interestIncome": "160000000", "interestExpense": "158000000", "nonInterestIncome": "None", "otherNonOperatingIncome": "None", "depreciation": "None", "depreciationAndAmortization": "311000000", "incomeBeforeTax": "2389000000", "incomeTaxExpense": "388000000", "interestAndDebtExpense": "None", "netIncomeFromContinuingOperations": "2000000000", "comprehensiveIncomeNetOfTax": "None", "ebit": "2547000000", "ebitda": "2858000000", "netIncome": "2028000000"}, {"fiscalDateEnding": "2025-03-31", "reportedCurrency": "USD", "grossProfit": "3939000000", "totalRevenue": "9934000000", "costOfRevenue": "5995000000", "costofGoodsAndServicesSold": "5995000000", "operatingIncome": "2003000000", "sellingGeneralAndAdministrative": "1577000000", "researchAndDevelopment": "359000000", "operatingExpenses": "1936000000", "investmentIncomeNet": "None", "netInterestIncome": "-37000000", "interestIncome": "173000000", "interestExpense": "210000000", "nonInterestIncome": "None", "otherNonOperatingIncome": "None", "depreciation": "None", "depreciationAndAmortization": "299000000", "incomeBeforeTax": "2245000000", "incomeTaxExpense": "283000000", "interestAndDebtExpense": "None", "netIncomeFromContinuingOperations": "1962000000", "comprehensiveIncomeNetOfTax": "None", "ebit": "2455000000", "ebitda": "2754000000", "netIncome": "1978000000"}, {"fiscalDateEnding": "2024-12-31", "reportedCurrency": "USD", "grossProfit": "4049000000", "totalRevenue": "10811000000", "costOfRevenue": "6762000000", "costofGoodsAndServicesSold": "6762000000", "operatingIncome": "2605000000", "sellingGeneralAndAdministrative": "4339000000", "researchAndDevelopment": "385000000", "operatingExpenses": "1444000000", "investmentIncomeNet": "None", "netInterestIncome": "-27000000", "interestIncome": "197000000", "interestExpense": "224000000", "nonInterestIncome": "None", "otherNonOperatingIncome": "None", "depreciation": "None", "depreciationAndAmortization": "298000000", "incomeBeforeTax": "2293000000", "incomeTaxExpense": "395000000", "interestAndDebtExpense": "None", "netIncomeFromContinuingOperations": "1897000000", "comprehensiveIncomeNetOfTax": "None", "ebit": "2517000000", "ebitda": "2815000000", "netIncome": "1899000000"}, {"fiscalDateEnding": "2024-09-30", "reportedCurrency": "USD", "grossProfit": "3616000000", "totalRevenue": "9842000000", "costOfRevenue": "6226000000", "costofGoodsAndServicesSold": "6226000000", "operatingIncome": "1241000000", "sellingGeneralAndAdministrative": "714000000", "researchAndDevelopment": "331000000", "operatingExpenses": "2375000000", "investmentIncomeNet": "None", "netInterestIncome": "-64000000", "interestIncome": "187000000", "interestExpense": "251000000", "nonInterestIncome": "None", "otherNonOperatingIncome": "None", "depreciation": "None", "depreciationAndAmortization": "313000000", "incomeBeforeTax": "1893000000", "incomeTaxExpense": "198000000", "interestAndDebtExpense": "None", "netIncomeFromContinuingOperations": "1695000000", "comprehensiveIncomeNetOfTax": "None", "ebit": "2144000000", "ebitda": "2457000000", "netIncome": "1852000000"}, {"fiscalDateEnding": "2024-06-30", "reportedCurrency": "USD", "grossProfit": "3518000000", "totalRevenue": "9093000000", "costOfRevenue": "5575000000", "costofGoodsAndServicesSold": "5575000000", "operatingIncome": "1627000000", "sellingGeneralAndAdministrative": "1591000000", "researchAndDevelopment": "300000000", "operatingExpenses": "1891000000", "investmentIncomeNet": "None", "netInterestIncome": "-48000000", "interestIncome": "200000000", "interestExpense": "248000000", "nonInterestIncome": "None", "otherNonOperatingIncome": "None", "depreciation": "None", "depreciationAndAmortization": "283000000", "incomeBeforeTax": "1447000000", "incomeTaxExpense": "125000000", "interestAndDebtExpense": "None", "netIncomeFromContinuingOperations": "1322000000", "comprehensiveIncomeNetOfTax": "None", "ebit": "1695000000", "ebitda": "1978000000", "netIncome": "1266000000"}, {"fiscalDateEnding": "2024-03-31", "reportedCurrency": "USD", "grossProfit": "3209000000", "totalRevenue": "8955000000", "costOfRevenue": "5746000000", "costofGoodsAndServicesSold": "5746000000", "operatingIncome": "1286000000", "sellingGeneralAndAdministrative": "1653000000", "researchAndDevelopment": "270000000", "operatingExpenses": "1923000000", "investmentIncomeNet": "None", "netInterestIncome": "-26000000", "interestIncome": "252000000", "interestExpense": "263000000", "nonInterestIncome": "None", "otherNonOperatingIncome": "None", "depreciation": "None", "depreciationAndAmortization": "290000000", "incomeBeforeTax": "1987000000", "incomeTaxExpense": "244000000", "interestAndDebtExpense": "None", "netIncomeFromContinuingOperations": "1549000000", "comprehensiveIncomeNetOfTax": "None", "ebit": "2250000000", "ebitda": "2540000000", "netIncome": "1539000000"}, {"fiscalDateEnding": "2023-12-31", "reportedCurrency": "USD", "grossProfit": "5027000000", "totalRevenue": "19423000000", "costOfRevenue": "14396000000", "costofGoodsAndServicesSold": "14396000000", "operatingIncome": "1195000000", "sellingGeneralAndAdministrative": "9952000000", "researchAndDevelopment": "551000000", "operatingExpenses": "3832000000", "investmentIncomeNet": "None", "netInterestIncome": "-91000000", "interestIncome": "205000000", "interestExpense": "296000000", "nonInterestIncome": "None", "otherNonOperatingIncome": "None", "depreciation": "None", "depreciationAndAmortization": "534000000", "incomeBeforeTax": "2009000000", "incomeTaxExpense": "421000000", "interestAndDebtExpense": "None", "netIncomeFromContinuingOperations": "1589000000", "comprehensiveIncomeNetOfTax": "None", "ebit": "2305000000", "ebitda": "2839000000", "netIncome": "1592000000"}, {"fiscalDateEnding": "2023-09-30", "reportedCurrency": "USD", "grossProfit": "3310000000", "totalRevenue": "9302000000", "costOfRevenue": "5992000000", "costofGoodsAndServicesSold": "5992000000", "operatingIncome": "1352000000", "sellingGeneralAndAdministrative": "710000000", "researchAndDevelopment": "247000000", "operatingExpenses": "1958000000", "investmentIncomeNet": "None", "netInterestIncome": "-93000000", "interestIncome": "849000000", "interestExpense": "270000000", "nonInterestIncome": "None", "otherNonOperatingIncome": "None", "depreciation": "None", "depreciationAndAmortization": "292000000", "incomeBeforeTax": "333000000", "incomeTaxExpense": "26000000", "interestAndDebtExpense": "None", "netIncomeFromContinuingOperations": "161000000", "comprehensiveIncomeNetOfTax": "None", "ebit": "603000000", "ebitda": "895000000", "netIncome": "352000000"}, {"fiscalDateEnding": "2023-06-30", "reportedCurrency": "USD", "grossProfit": "3062000000", "totalRevenue": "8754000000", "costOfRevenue": "5692000000", "costofGoodsAndServicesSold": "5692000000", "operatingIncome": "1175000000", "sellingGeneralAndAdministrative": "1648000000", "researchAndDevelopment": "239000000", "operatingExpenses": "1887000000", "investmentIncomeNet": "None", "netInterestIncome": "-112000000", "interestIncome": "155000000", "interestExpense": "249000000", "nonInterestIncome": "None", "otherNonOperatingIncome": "692000000", "depreciation": "None", "depreciationAndAmortization": "71000000", "incomeBeforeTax": "1509000000", "incomeTaxExpense": "253000000", "interestAndDebtExpense": "None", "netIncomeFromContinuingOperations": "1058000000", "comprehensiveIncomeNetOfTax": "None", "ebit": "1758000000", "ebitda": "1829000000", "netIncome": "33000000"}, {"fiscalDateEnding": "2023-03-31", "reportedCurrency": "USD", "grossProfit": "3756000000", "totalRevenue": "14485000000", "costOfRevenue": "10729000000", "costofGoodsAndServicesSold": "10729000000", "operatingIncome": "499000000", "sellingGeneralAndAdministrative": "2826000000", "researchAndDevelopment": "431000000", "operatingExpenses": "3257000000", "investmentIncomeNet": "None", "netInterestIncome": "-83000000", "interestIncome": "6082000000", "interestExpense": "269000000", "nonInterestIncome": "None", "otherNonOperatingIncome": "6081000000", "depreciation": "None", "depreciationAndAmortization": "507000000", "incomeBeforeTax": "6492000000", "incomeTaxExpense": "271000000", "interestAndDebtExpense": "None", "netIncomeFromContinuingOperations": "6221000000", "comprehensiveIncomeNetOfTax": "None", "ebit": "6761000000", "ebitda": "7268000000", "netIncome": "7506000000"}, {"fiscalDateEnding": "2022-12-31", "reportedCurrency": "USD", "grossProfit": "6320000000", "totalRevenue": "21787000000", "costOfRevenue": "15467000000", "costofGoodsAndServicesSold": "15467000000", "operatingIncome": "1229000000", "sellingGeneralAndAdministrative": "4301000000", "researchAndDevelopment": "790000000", "operatingExpenses": "5091000000", "investmentIncomeNet": "None", "netInterestIncome": "-416000000", "interestIncome": "2436000000", "interestExpense": "416000000", "nonInterestIncome": "None", "otherNonOperatingIncome": "None", "depreciation": "None", "depreciationAndAmortization": "736000000", "incomeBeforeTax": "2237000000", "incomeTaxExpense": "-65000000", "interestAndDebtExpense": "None", "netIncomeFromContinuingOperations": "2302000000", "comprehensiveIncomeNetOfTax": "None", "ebit": "2653000000", "ebitda": "3389000000", "netIncome": "2222000000"}, {"fiscalDateEnding": "2022-09-30", "reportedCurrency": "USD", "grossProfit": "2937000000", "totalRevenue": "14471000000", "costOfRevenue": "11534000000", "costofGoodsAndServicesSold": "11534000000", "operatingIncome": "41000000", "sellingGeneralAndAdministrative": "504000000", "researchAndDevelopment": "426000000", "operatingExpenses": "2896000000", "investmentIncomeNet": "None", "netInterestIncome": "-265000000", "interestIncome": "125000000", "interestExpense": "374000000", "nonInterestIncome": "None", "otherNonOperatingIncome": "None", "depreciation": "None", "depreciationAndAmortization": "482000000", "incomeBeforeTax": "-232000000", "incomeTaxExpense": "13000000", "interestAndDebtExpense": "None", "netIncomeFromContinuingOperations": "-76000000", "comprehensiveIncomeNetOfTax": "None", "ebit": "142000000", "ebitda": "624000000", "netIncome": "161000000"}, {"fiscalDateEnding": "2022-06-30", "reportedCurrency": "USD", "grossProfit": "3603000000", "totalRevenue": "14128000000", "costOfRevenue": "10525000000", "costofGoodsAndServicesSold": "10525000000", "operatingIncome": "678000000", "sellingGeneralAndAdministrative": "2486000000", "researchAndDevelopment": "439000000", "operatingExpenses": "2925000000", "investmentIncomeNet": "None", "netInterestIncome": "-352000000", "interestIncome": "42000000", "interestExpense": "368000000", "nonInterestIncome": "None", "otherNonOperatingIncome": "None", "depreciation": "None", "depreciationAndAmortization": "516000000", "incomeBeforeTax": "-966000000", "incomeTaxExpense": "161000000", "interestAndDebtExpense": "None", "netIncomeFromContinuingOperations": "-561000000", "comprehensiveIncomeNetOfTax": "None", "ebit": "-598000000", "ebitda": "-82000000", "netIncome": "-882000000"}, {"fiscalDateEnding": "2022-03-31", "reportedCurrency": "USD", "grossProfit": "2900000000", "totalRevenue": "12674000000", "costOfRevenue": "9774000000", "costofGoodsAndServicesSold": "9774000000", "operatingIncome": "-848000000", "sellingGeneralAndAdministrative": "3345000000", "researchAndDevelopment": "403000000", "operatingExpenses": "3748000000", "investmentIncomeNet": "None", "netInterestIncome": "-538000000", "interestIncome": "107000000", "interestExpense": "387000000", "nonInterestIncome": "None", "otherNonOperatingIncome": "None", "depreciation": "None", "depreciationAndAmortization": "1325000000", "incomeBeforeTax": "-1180000000", "incomeTaxExpense": "29000000", "interestAndDebtExpense": "None", "netIncomeFromContinuingOperations": "-729000000", "comprehensiveIncomeNetOfTax": "None", "ebit": "-793000000", "ebitda": "532000000", "netIncome": "-1136000000"}, {"fiscalDateEnding": "2021-12-31", "reportedCurrency": "USD", "grossProfit": "6032000000", "totalRevenue": "20370000000", "costOfRevenue": "14338000000", "costofGoodsAndServicesSold": "14338000000", "operatingIncome": "1521000000", "sellingGeneralAndAdministrative": "3806000000", "researchAndDevelopment": "705000000", "operatingExpenses": "4511000000", "investmentIncomeNet": "None", "netInterestIncome": "-426000000", "interestIncome": "1143000000", "interestExpense": "426000000", "nonInterestIncome": "None", "otherNonOperatingIncome": "None", "depreciation": "None", "depreciationAndAmortization": "759000000", "incomeBeforeTax": "-3467000000", "incomeTaxExpense": "37000000", "interestAndDebtExpense": "None", "netIncomeFromContinuingOperations": "-3504000000", "comprehensiveIncomeNetOfTax": "None", "ebit": "-3041000000", "ebitda": "-2282000000", "netIncome": "-3595000000"}, {"fiscalDateEnding": "2021-09-30", "reportedCurrency": "USD", "grossProfit": "5167000000", "totalRevenue": "18569000000", "costOfRevenue": "13402000000", "costofGoodsAndServicesSold": "13402000000", "operatingIncome": "1121000000", "sellingGeneralAndAdministrative": "3419000000", "researchAndDevelopment": "627000000", "operatingExpenses": "4046000000", "investmentIncomeNet": "None", "netInterestIncome": "20000000", "interestIncome": "482000000", "interestExpense": "462000000", "nonInterestIncome": "None", "otherNonOperatingIncome": "None", "depreciation": "None", "depreciationAndAmortization": "726000000", "incomeBeforeTax": "584000000", "incomeTaxExpense": "2000000", "interestAndDebtExpense": "None", "netIncomeFromContinuingOperations": "582000000", "comprehensiveIncomeNetOfTax": "None", "ebit": "1046000000", "ebitda": "1772000000", "netIncome": "1257000000"}, {"fiscalDateEnding": "2021-06-30", "reportedCurrency": "USD", "grossProfit": "4635000000", "totalRevenue": "18253000000", "costOfRevenue": "13618000000", "costofGoodsAndServicesSold": "13618000000", "operatingIncome": "652000000", "sellingGeneralAndAdministrative": "3379000000", "researchAndDevelopment": "604000000", "operatingExpenses": "3983000000", "investmentIncomeNet": "None", "netInterestIncome": "114000000", "interestIncome": "602000000", "interestExpense": "488000000", "nonInterestIncome": "None", "otherNonOperatingIncome": "None", "depreciation": "None", "depreciationAndAmortization": "771000000", "incomeBeforeTax": "-1037000000", "incomeTaxExpense": "-466000000", "interestAndDebtExpense": "None", "netIncomeFromContinuingOperations": "-571000000", "comprehensiveIncomeNetOfTax": "None", "ebit": "-549000000", "ebitda": "222000000", "netIncome": "-1131000000"}, {"fiscalDateEnding": "2021-03-31", "reportedCurrency": "USD", "grossProfit": "4534000000", "totalRevenue": "17071000000", "costOfRevenue": "12537000000", "costofGoodsAndServicesSold": "12537000000", "operatingIncome": "496000000", "sellingGeneralAndAdministrative": "3477000000", "researchAndDevelopment": "561000000", "operatingExpenses": "4038000000", "investmentIncomeNet": "None", "netInterestIncome": "-61000000", "interestIncome": "439000000", "interestExpense": "500000000", "nonInterestIncome": "None", "otherNonOperatingIncome": "None", "depreciation": "None", "depreciationAndAmortization": "753000000", "incomeBeforeTax": "238000000", "incomeTaxExpense": "142000000", "interestAndDebtExpense": "None", "netIncomeFromContinuingOperations": "97000000", "comprehensiveIncomeNetOfTax": "None", "ebit": "738000000", "ebitda": "1491000000", "netIncome": "-55000000"}, {"fiscalDateEnding": "2020-12-31", "reportedCurrency": "USD", "grossProfit": "7562000000", "totalRevenue": "21929000000", "costOfRevenue": "14367000000", "costofGoodsAndServicesSold": "14367000000", "operatingIncome": "1174000000", "sellingGeneralAndAdministrative": "3823000000", "researchAndDevelopment": "636000000", "operatingExpenses": "6388000000", "investmentIncomeNet": "None", "netInterestIncome": "-737000000", "interestIncome": "2012000000", "interestExpense": "4347000000", "nonInterestIncome": "None", "otherNonOperatingIncome": "2957000000", "depreciation": "None", "depreciationAndAmortization": "1287000000", "incomeBeforeTax": "2580000000", "incomeTaxExpense": "102000000", "interestAndDebtExpense": "None", "netIncomeFromContinuingOperations": "2559000000", "comprehensiveIncomeNetOfTax": "None", "ebit": "745000000", "ebitda": "2032000000", "netIncome": "2636000000"}, {"fiscalDateEnding": "2020-09-30", "reportedCurrency": "USD", "grossProfit": "4488000000", "totalRevenue": "18529000000", "costOfRevenue": "14041000000", "costofGoodsAndServicesSold": "14041000000", "operatingIncome": "54000000", "sellingGeneralAndAdministrative": "3839000000", "researchAndDevelopment": "595000000", "operatingExpenses": "4434000000", "investmentIncomeNet": "None", "netInterestIncome": "-1327000000", "interestIncome": "1405000000", "interestExpense": "1108000000", "nonInterestIncome": "None", "otherNonOperatingIncome": "-517000000", "depreciation": "None", "depreciationAndAmortization": "1162000000", "incomeBeforeTax": "-1620000000", "incomeTaxExpense": "-483000000", "interestAndDebtExpense": "None", "netIncomeFromContinuingOperations": "-1160000000", "comprehensiveIncomeNetOfTax": "None", "ebit": "-512000000", "ebitda": "650000000", "netIncome": "-1144000000"}, {"fiscalDateEnding": "2020-06-30", "reportedCurrency": "USD", "grossProfit": "3172000000", "totalRevenue": "16805000000", "costOfRevenue": "13633000000", "costofGoodsAndServicesSold": "13633000000", "operatingIncome": "-1071000000", "sellingGeneralAndAdministrative": "3632000000", "researchAndDevelopment": "611000000", "operatingExpenses": "4243000000", "investmentIncomeNet": "None", "netInterestIncome": "958000000", "interestIncome": "1955000000", "interestExpense": "561000000", "nonInterestIncome": "None", "otherNonOperatingIncome": "2078000000", "depreciation": "None", "depreciationAndAmortization": "759000000", "incomeBeforeTax": "-1298000000", "incomeTaxExpense": "-160000000", "interestAndDebtExpense": "None", "netIncomeFromContinuingOperations": "-2139000000", "comprehensiveIncomeNetOfTax": "None", "ebit": "-737000000", "ebitda": "22000000", "netIncome": "-1987000000"}, {"fiscalDateEnding": "2020-03-31", "reportedCurrency": "USD", "grossProfit": "5063000000", "totalRevenue": "19490000000", "costOfRevenue": "14427000000", "costofGoodsAndServicesSold": "14427000000", "operatingIncome": "643000000", "sellingGeneralAndAdministrative": "3697000000", "researchAndDevelopment": "723000000", "operatingExpenses": "4420000000", "investmentIncomeNet": "None", "netInterestIncome": "-794000000", "interestIncome": "6388000000", "interestExpense": "6193000000", "nonInterestIncome": "None", "otherNonOperatingIncome": "6869000000", "depreciation": "None", "depreciationAndAmortization": "779000000", "incomeBeforeTax": "6308000000", "incomeTaxExpense": "54000000", "interestAndDebtExpense": "None", "netIncomeFromContinuingOperations": "6412000000", "comprehensiveIncomeNetOfTax": "None", "ebit": "12501000000", "ebitda": "13280000000", "netIncome": "6199000000"}, {"fiscalDateEnding": "2019-12-31", "reportedCurrency": "USD", "grossProfit": "7158000000", "totalRevenue": "26238000000", "costOfRevenue": "19080000000", "costofGoodsAndServicesSold": "19080000000", "operatingIncome": "2747000000", "sellingGeneralAndAdministrative": "4411000000", "researchAndDevelopment": "859000000", "operatingExpenses": "4411000000", "investmentIncomeNet": "None", "netInterestIncome": "2797000000", "interestIncome": "336000000", "interestExpense": "1155000000", "nonInterestIncome": "None", "otherNonOperatingIncome": "2064000000", "depreciation": "None", "depreciationAndAmortization": "1406000000", "incomeBeforeTax": "1571000000", "incomeTaxExpense": "727000000", "interestAndDebtExpense": "None", "netIncomeFromContinuingOperations": "786000000", "comprehensiveIncomeNetOfTax": "None", "ebit": "2526000000", "ebitda": "3932000000", "netIncome": "728000000"}, {"fiscalDateEnding": "2019-09-30", "reportedCurrency": "USD", "grossProfit": "6032000000", "totalRevenue": "23360000000", "costOfRevenue": "17328000000", "costofGoodsAndServicesSold": "17328000000", "operatingIncome": "1276000000", "sellingGeneralAndAdministrative": "4756000000", "researchAndDevelopment": "None", "operatingExpenses": "4756000000", "investmentIncomeNet": "None", "netInterestIncome": "-1279000000", "interestIncome": "689000000", "interestExpense": "1308000000", "nonInterestIncome": "None", "otherNonOperatingIncome": "158000000", "depreciation": "None", "depreciationAndAmortization": "1500000000", "incomeBeforeTax": "-1249000000", "incomeTaxExpense": "41000000", "interestAndDebtExpense": "None", "netIncomeFromContinuingOperations": "-1290000000", "comprehensiveIncomeNetOfTax": "None", "ebit": "59000000", "ebitda": "1559000000", "netIncome": "-9423000000"}, {"fiscalDateEnding": "2019-06-30", "reportedCurrency": "USD", "grossProfit": "6001000000", "totalRevenue": "23413000000", "costOfRevenue": "17412000000", "costofGoodsAndServicesSold": "17412000000", "operatingIncome": "1938000000", "sellingGeneralAndAdministrative": "4063000000", "researchAndDevelopment": "None", "operatingExpenses": "4063000000", "investmentIncomeNet": "None", "netInterestIncome": "-991000000", "interestIncome": "824000000", "interestExpense": "929000000", "nonInterestIncome": "None", "otherNonOperatingIncome": "None", "depreciation": "None", "depreciationAndAmortization": "1327000000", "incomeBeforeTax": "-296000000", "incomeTaxExpense": "-181000000", "interestAndDebtExpense": "None", "netIncomeFromContinuingOperations": "-126000000", "comprehensiveIncomeNetOfTax": "None", "ebit": "633000000", "ebitda": "1960000000", "netIncome": "127000000"}, {"fiscalDateEnding": "2019-03-31", "reportedCurrency": "USD", "grossProfit": "5994000000", "totalRevenue": "22202000000", "costOfRevenue": "16208000000", "costofGoodsAndServicesSold": "16208000000", "operatingIncome": "1981000000", "sellingGeneralAndAdministrative": "4013000000", "researchAndDevelopment": "None", "operatingExpenses": "4013000000", "investmentIncomeNet": "None", "netInterestIncome": "-1133000000", "interestIncome": "None", "interestExpense": "1065000000", "nonInterestIncome": "None", "otherNonOperatingIncome": "None", "depreciation": "None", "depreciationAndAmortization": "1362000000", "incomeBeforeTax": "1122000000", "incomeTaxExpense": "140000000", "interestAndDebtExpense": "None", "netIncomeFromContinuingOperations": "1053000000", "comprehensiveIncomeNetOfTax": "None", "ebit": "2187000000", "ebitda": "3549000000", "netIncome": "3588000000"}, {"fiscalDateEnding": "2018-12-31", "reportedCurrency": "USD", "grossProfit": "7403000000", "totalRevenue": "33279000000", "costOfRevenue": "25876000000", "costofGoodsAndServicesSold": "25876000000", "operatingIncome": "4939000000", "sellingGeneralAndAdministrative": "2890000000", "researchAndDevelopment": "4065000000", "operatingExpenses": "2464000000", "investmentIncomeNet": "None", "netInterestIncome": "None", "interestIncome": "None", "interestExpense": "1180000000", "nonInterestIncome": "None", "otherNonOperatingIncome": "None", "depreciation": "None", "depreciationAndAmortization": "1876000000", "incomeBeforeTax": "330000000", "incomeTaxExpense": "-367000000", "interestAndDebtExpense": "None", "netIncomeFromContinuingOperations": "953000000", "comprehensiveIncomeNetOfTax": "None", "ebit": "2110000000", "ebitda": "3986000000", "netIncome": "761000000"}, {"fiscalDateEnding": "2018-09-30", "reportedCurrency": "USD", "grossProfit": "5545000000", "totalRevenue": "23392000000", "costOfRevenue": "17847000000", "costofGoodsAndServicesSold": "17847000000", "operatingIncome": "735000000", "sellingGeneralAndAdministrative": "4810000000", "researchAndDevelopment": "0", "operatingExpenses": "4810000000", "investmentIncomeNet": "None", "netInterestIncome": "None", "interestIncome": "None", "interestExpense": "1155000000", "nonInterestIncome": "None", "otherNonOperatingIncome": "None", "depreciation": "None", "depreciationAndAmortization": "1308000000", "incomeBeforeTax": "-22962000000", "incomeTaxExpense": "52000000", "interestAndDebtExpense": "None", "netIncomeFromContinuingOperations": "-22899000000", "comprehensiveIncomeNetOfTax": "None", "ebit": "-21807000000", "ebitda": "-20499000000", "netIncome": "-22769000000"}, {"fiscalDateEnding": "2018-06-30", "reportedCurrency": "USD", "grossProfit": "7413000000", "totalRevenue": "29162000000", "costOfRevenue": "21749000000", "costofGoodsAndServicesSold": "21749000000", "operatingIncome": "2398000000", "sellingGeneralAndAdministrative": "5015000000", "researchAndDevelopment": "0", "operatingExpenses": "5015000000", "investmentIncomeNet": "None", "netInterestIncome": "None", "interestIncome": "None", "interestExpense": "1291000000", "nonInterestIncome": "None", "otherNonOperatingIncome": "None", "depreciation": "None", "depreciationAndAmortization": "1915000000", "incomeBeforeTax": "1236000000", "incomeTaxExpense": "504000000", "interestAndDebtExpense": "None", "netIncomeFromContinuingOperations": "789000000", "comprehensiveIncomeNetOfTax": "None", "ebit": "2527000000", "ebitda": "4442000000", "netIncome": "800000000"}, {"fiscalDateEnding": "2018-03-31", "reportedCurrency": "USD", "grossProfit": "6877000000", "totalRevenue": "27788000000", "costOfRevenue": "20911000000", "costofGoodsAndServicesSold": "20911000000", "operatingIncome": "2159000000", "sellingGeneralAndAdministrative": "4718000000", "researchAndDevelopment": "0", "operatingExpenses": "4718000000", "investmentIncomeNet": "None", "netInterestIncome": "None", "interestIncome": "None", "interestExpense": "1282000000", "nonInterestIncome": "None", "otherNonOperatingIncome": "None", "depreciation": "None", "depreciationAndAmortization": "1874000000", "incomeBeforeTax": "277000000", "incomeTaxExpense": "-50000000", "interestAndDebtExpense": "None", "netIncomeFromContinuingOperations": "440000000", "comprehensiveIncomeNetOfTax": "None", "ebit": "1559000000", "ebitda": "3433000000", "netIncome": "-1147000000"}, {"fiscalDateEnding": "2017-12-31", "reportedCurrency": "USD", "grossProfit": "6701000000", "totalRevenue": "32389000000", "costOfRevenue": "25688000000", "costofGoodsAndServicesSold": "25688000000", "operatingIncome": "-541000000", "sellingGeneralAndAdministrative": "4631000000", "researchAndDevelopment": "5504000000", "operatingExpenses": "7242000000", "investmentIncomeNet": "None", "netInterestIncome": "None", "interestIncome": "None", "interestExpense": "1324000000", "nonInterestIncome": "None", "otherNonOperatingIncome": "None", "depreciation": "None", "depreciationAndAmortization": "1424000000", "incomeBeforeTax": "-12603000000", "incomeTaxExpense": "-2740000000", "interestAndDebtExpense": "None", "netIncomeFromContinuingOperations": "-9863000000", "comprehensiveIncomeNetOfTax": "None", "ebit": "-11279000000", "ebitda": "-9855000000", "netIncome": "-9642000000"}, {"fiscalDateEnding": "2017-09-30", "reportedCurrency": "USD", "grossProfit": "6992000000", "totalRevenue": "30663000000", "costOfRevenue": "23671000000", "costofGoodsAndServicesSold": "23671000000", "operatingIncome": "2251000000", "sellingGeneralAndAdministrative": "4855000000", "researchAndDevelopment": "0", "operatingExpenses": "4741000000", "investmentIncomeNet": "None", "netInterestIncome": "None", "interestIncome": "None", "interestExpense": "1232000000", "nonInterestIncome": "None", "otherNonOperatingIncome": "None", "depreciation": "None", "depreciationAndAmortization": "2027000000", "incomeBeforeTax": "746000000", "incomeTaxExpense": "-551000000", "interestAndDebtExpense": "None", "netIncomeFromContinuingOperations": "1800000000", "comprehensiveIncomeNetOfTax": "None", "ebit": "1978000000", "ebitda": "4005000000", "netIncome": "1360000000"}, {"fiscalDateEnding": "2017-06-30", "reportedCurrency": "USD", "grossProfit": "7474000000", "totalRevenue": "29097000000", "costOfRevenue": "21623000000", "costofGoodsAndServicesSold": "21623000000", "operatingIncome": "3322000000", "sellingGeneralAndAdministrative": "4287000000", "researchAndDevelopment": "0", "operatingExpenses": "4152000000", "investmentIncomeNet": "None", "netInterestIncome": "None", "interestIncome": "None", "interestExpense": "1174000000", "nonInterestIncome": "None", "otherNonOperatingIncome": "None", "depreciation": "None", "depreciationAndAmortization": "1669000000", "incomeBeforeTax": "1127000000", "incomeTaxExpense": "-38000000", "interestAndDebtExpense": "None", "netIncomeFromContinuingOperations": "1499000000", "comprehensiveIncomeNetOfTax": "None", "ebit": "2301000000", "ebitda": "3970000000", "netIncome": "1057000000"}, {"fiscalDateEnding": "2017-03-31", "reportedCurrency": "USD", "grossProfit": "6650000000", "totalRevenue": "26880000000", "costOfRevenue": "20230000000", "costofGoodsAndServicesSold": "20230000000", "operatingIncome": "2363000000", "sellingGeneralAndAdministrative": "4506000000", "researchAndDevelopment": "0", "operatingExpenses": "4287000000", "investmentIncomeNet": "None", "netInterestIncome": "None", "interestIncome": "None", "interestExpense": "1139000000", "nonInterestIncome": "None", "otherNonOperatingIncome": "None", "depreciation": "None", "depreciationAndAmortization": "1732000000", "incomeBeforeTax": "-53000000", "incomeTaxExpense": "-105000000", "interestAndDebtExpense": "None", "netIncomeFromContinuingOperations": "816000000", "comprehensiveIncomeNetOfTax": "None", "ebit": "1086000000", "ebitda": "2818000000", "netIncome": "-83000000"}, {"fiscalDateEnding": "2016-12-31", "reportedCurrency": "USD", "grossProfit": "8695000000", "totalRevenue": "32468000000", "costOfRevenue": "23773000000", "costofGoodsAndServicesSold": "23773000000", "operatingIncome": "766000000", "sellingGeneralAndAdministrative": "4544000000", "researchAndDevelopment": "5480000000", "operatingExpenses": "7929000000", "investmentIncomeNet": "None", "netInterestIncome": "None", "interestIncome": "None", "interestExpense": "1001000000", "nonInterestIncome": "None", "otherNonOperatingIncome": "None", "depreciation": "None", "depreciationAndAmortization": "1356000000", "incomeBeforeTax": "2893000000", "incomeTaxExpense": "-766000000", "interestAndDebtExpense": "None", "netIncomeFromContinuingOperations": "3715000000", "comprehensiveIncomeNetOfTax": "None", "ebit": "3894000000", "ebitda": "5250000000", "netIncome": "3667000000"}, {"fiscalDateEnding": "2016-09-30", "reportedCurrency": "USD", "grossProfit": "8072000000", "totalRevenue": "29038000000", "costOfRevenue": "20966000000", "costofGoodsAndServicesSold": "20966000000", "operatingIncome": "3956000000", "sellingGeneralAndAdministrative": "4343000000", "researchAndDevelopment": "0", "operatingExpenses": "4116000000", "investmentIncomeNet": "None", "netInterestIncome": "None", "interestIncome": "None", "interestExpense": "961000000", "nonInterestIncome": "None", "otherNonOperatingIncome": "None", "depreciation": "None", "depreciationAndAmortization": "1136000000", "incomeBeforeTax": "2074000000", "incomeTaxExpense": "18000000", "interestAndDebtExpense": "None", "netIncomeFromContinuingOperations": "2056000000", "comprehensiveIncomeNetOfTax": "None", "ebit": "3035000000", "ebitda": "4171000000", "netIncome": "2027000000"}, {"fiscalDateEnding": "2016-06-30", "reportedCurrency": "USD", "grossProfit": "7961000000", "totalRevenue": "30344000000", "costOfRevenue": "22383000000", "costofGoodsAndServicesSold": "22383000000", "operatingIncome": "6228000000", "sellingGeneralAndAdministrative": "4883000000", "researchAndDevelopment": "0", "operatingExpenses": "1733000000", "investmentIncomeNet": "None", "netInterestIncome": "None", "interestIncome": "None", "interestExpense": "1326000000", "nonInterestIncome": "None", "otherNonOperatingIncome": "None", "depreciation": "None", "depreciationAndAmortization": "1295000000", "incomeBeforeTax": "3824000000", "incomeTaxExpense": "461000000", "interestAndDebtExpense": "None", "netIncomeFromContinuingOperations": "3345000000", "comprehensiveIncomeNetOfTax": "None", "ebit": "5150000000", "ebitda": "6445000000", "netIncome": "2908000000"}, {"fiscalDateEnding": "2016-03-31", "reportedCurrency": "USD", "grossProfit": "7475000000", "totalRevenue": "27836000000", "costOfRevenue": "20361000000", "costofGoodsAndServicesSold": "20361000000", "operatingIncome": "2876000000", "sellingGeneralAndAdministrative": "4608000000", "researchAndDevelopment": "0", "operatingExpenses": "4599000000", "investmentIncomeNet": "None", "netInterestIncome": "None", "interestIncome": "None", "interestExpense": "1736000000", "nonInterestIncome": "None", "otherNonOperatingIncome": "None", "depreciation": "None", "depreciationAndAmortization": "1210000000", "incomeBeforeTax": "238000000", "incomeTaxExpense": "-177000000", "interestAndDebtExpense": "None", "netIncomeFromContinuingOperations": "378000000", "comprehensiveIncomeNetOfTax": "None", "ebit": "1974000000", "ebitda": "3184000000", "netIncome": "228000000"}, {"fiscalDateEnding": "2015-12-31", "reportedCurrency": "USD", "grossProfit": "-1736000000", "totalRevenue": "23519000000", "costOfRevenue": "25255000000", "costofGoodsAndServicesSold": "25255000000", "operatingIncome": "-16023000000", "sellingGeneralAndAdministrative": "4772000000", "researchAndDevelopment": "5278000000", "operatingExpenses": "14287000000", "investmentIncomeNet": "None", "netInterestIncome": "None", "interestIncome": "None", "interestExpense": "1235000000", "nonInterestIncome": "None", "otherNonOperatingIncome": "None", "depreciation": "None", "depreciationAndAmortization": "1244000000", "incomeBeforeTax": "2582000000", "incomeTaxExpense": "-981000000", "interestAndDebtExpense": "None", "netIncomeFromContinuingOperations": "7599000000", "comprehensiveIncomeNetOfTax": "None", "ebit": "2069000000", "ebitda": "3313000000", "netIncome": "6301000000"}, {"fiscalDateEnding": "2015-09-30", "reportedCurrency": "USD", "grossProfit": "8004000000", "totalRevenue": "27859000000", "costOfRevenue": "19855000000", "costofGoodsAndServicesSold": "19855000000", "operatingIncome": "3915000000", "sellingGeneralAndAdministrative": "6298000000", "researchAndDevelopment": "0", "operatingExpenses": "4089000000", "investmentIncomeNet": "None", "netInterestIncome": "None", "interestIncome": "None", "interestExpense": "897000000", "nonInterestIncome": "None", "otherNonOperatingIncome": "None", "depreciation": "None", "depreciationAndAmortization": "1265000000", "incomeBeforeTax": "2050000000", "incomeTaxExpense": "135000000", "interestAndDebtExpense": "None", "netIncomeFromContinuingOperations": "2892000000", "comprehensiveIncomeNetOfTax": "None", "ebit": "2947000000", "ebitda": "4212000000", "netIncome": "2506000000"}, {"fiscalDateEnding": "2015-06-30", "reportedCurrency": "USD", "grossProfit": "7874000000", "totalRevenue": "28446000000", "costOfRevenue": "20572000000", "costofGoodsAndServicesSold": "20572000000", "operatingIncome": "4269000000", "sellingGeneralAndAdministrative": "6419000000", "researchAndDevelopment": "0", "operatingExpenses": "3605000000", "investmentIncomeNet": "None", "netInterestIncome": "None", "interestIncome": "None", "interestExpense": "713000000", "nonInterestIncome": "None", "otherNonOperatingIncome": "None", "depreciation": "None", "depreciationAndAmortization": "1188000000", "incomeBeforeTax": "2612000000", "incomeTaxExpense": "799000000", "interestAndDebtExpense": "None", "netIncomeFromContinuingOperations": "2615000000", "comprehensiveIncomeNetOfTax": "None", "ebit": "3325000000", "ebitda": "4513000000", "netIncome": "-1360000000"}, {"fiscalDateEnding": "2015-03-31", "reportedCurrency": "USD", "grossProfit": "7415000000", "totalRevenue": "26097000000", "costOfRevenue": "18682000000", "costofGoodsAndServicesSold": "18682000000", "operatingIncome": "3142000000", "sellingGeneralAndAdministrative": "8733000000", "researchAndDevelopment": "0", "operatingExpenses": "4273000000", "investmentIncomeNet": "None", "netInterestIncome": "None", "interestIncome": "None", "interestExpense": "618000000", "nonInterestIncome": "None", "otherNonOperatingIncome": "None", "depreciation": "None", "depreciationAndAmortization": "1101000000", "incomeBeforeTax": "1621000000", "incomeTaxExpense": "6294000000", "interestAndDebtExpense": "None", "netIncomeFromContinuingOperations": "-11406000000", "comprehensiveIncomeNetOfTax": "None", "ebit": "2239000000", "ebitda": "3340000000", "netIncome": "-13573000000"}, {"fiscalDateEnding": "2014-12-31", "reportedCurrency": "USD", "grossProfit": "18975000000", "totalRevenue": "42018000000", "costOfRevenue": "23043000000", "costofGoodsAndServicesSold": "23043000000", "operatingIncome": "-17798000000", "sellingGeneralAndAdministrative": "8810000000", "researchAndDevelopment": "5273000000", "operatingExpenses": "36773000000", "investmentIncomeNet": "None", "netInterestIncome": "None", "interestIncome": "None", "interestExpense": "2443000000", "nonInterestIncome": "None", "otherNonOperatingIncome": "None", "depreciation": "None", "depreciationAndAmortization": "2288000000", "incomeBeforeTax": "6079000000", "incomeTaxExpense": "600000000", "interestAndDebtExpense": "None", "netIncomeFromContinuingOperations": "5479000000", "comprehensiveIncomeNetOfTax": "None", "ebit": "8522000000", "ebitda": "10810000000", "netIncome": "5152000000"}, {"fiscalDateEnding": "2014-09-30", "reportedCurrency": "USD", "grossProfit": "12109000000", "totalRevenue": "31849000000", "costOfRevenue": "19740000000", "costofGoodsAndServicesSold": "19740000000", "operatingIncome": "11509000000", "sellingGeneralAndAdministrative": "8543000000", "researchAndDevelopment": "0", "operatingExpenses": "600000000", "investmentIncomeNet": "None", "netInterestIncome": "None", "interestIncome": "None", "interestExpense": "1325000000", "nonInterestIncome": "None", "otherNonOperatingIncome": "None", "depreciation": "None", "depreciationAndAmortization": "1425000000", "incomeBeforeTax": "3204000000", "incomeTaxExpense": "401000000", "interestAndDebtExpense": "None", "netIncomeFromContinuingOperations": "3452000000", "comprehensiveIncomeNetOfTax": "None", "ebit": "4529000000", "ebitda": "5954000000", "netIncome": "3537000000"}, {"fiscalDateEnding": "2014-06-30", "reportedCurrency": "USD", "grossProfit": "11916000000", "totalRevenue": "31922000000", "costOfRevenue": "20006000000", "costofGoodsAndServicesSold": "20006000000", "operatingIncome": "11306000000", "sellingGeneralAndAdministrative": "8477000000", "researchAndDevelopment": "None", "operatingExpenses": "610000000", "investmentIncomeNet": "None", "netInterestIncome": "None", "interestIncome": "None", "interestExpense": "1299000000", "nonInterestIncome": "None", "otherNonOperatingIncome": "None", "depreciation": "None", "depreciationAndAmortization": "206000000", "incomeBeforeTax": "3076000000", "incomeTaxExpense": "192000000", "interestAndDebtExpense": "None", "netIncomeFromContinuingOperations": "3586000000", "comprehensiveIncomeNetOfTax": "None", "ebit": "4375000000", "ebitda": "4581000000", "netIncome": "3545000000"}, {"fiscalDateEnding": "2014-03-31", "reportedCurrency": "USD", "grossProfit": "14830000000", "totalRevenue": "33352000000", "costOfRevenue": "18522000000", "costofGoodsAndServicesSold": "18522000000", "operatingIncome": "14042000000", "sellingGeneralAndAdministrative": "8196000000", "researchAndDevelopment": "None", "operatingExpenses": "788000000", "investmentIncomeNet": "None", "netInterestIncome": "None", "interestIncome": "None", "interestExpense": "2141000000", "nonInterestIncome": "None", "otherNonOperatingIncome": "None", "depreciation": "None", "depreciationAndAmortization": "2189000000", "incomeBeforeTax": "3319000000", "incomeTaxExpense": "619000000", "interestAndDebtExpense": "None", "netIncomeFromContinuingOperations": "2940000000", "comprehensiveIncomeNetOfTax": "None", "ebit": "5460000000", "ebitda": "7649000000", "netIncome": "2999000000"}, {"fiscalDateEnding": "2013-12-31", "reportedCurrency": "USD", "grossProfit": "17281000000", "totalRevenue": "39161000000", "costOfRevenue": "21880000000", "costofGoodsAndServicesSold": "21880000000", "operatingIncome": "13719000000", "sellingGeneralAndAdministrative": "9069000000", "researchAndDevelopment": "5461000000", "operatingExpenses": "3562000000", "investmentIncomeNet": "None", "netInterestIncome": "None", "interestIncome": "None", "interestExpense": "2416000000", "nonInterestIncome": "None", "otherNonOperatingIncome": "None", "depreciation": "None", "depreciationAndAmortization": "2607000000", "incomeBeforeTax": "4688000000", "incomeTaxExpense": "-483000000", "interestAndDebtExpense": "None", "netIncomeFromContinuingOperations": "5171000000", "comprehensiveIncomeNetOfTax": "None", "ebit": "7104000000", "ebitda": "9711000000", "netIncome": "3206000000"}, {"fiscalDateEnding": "2013-09-30", "reportedCurrency": "USD", "grossProfit": "15843000000", "totalRevenue": "35298000000", "costOfRevenue": "19455000000", "costofGoodsAndServicesSold": "19455000000", "operatingIncome": "15417000000", "sellingGeneralAndAdministrative": "8705000000", "researchAndDevelopment": "0", "operatingExpenses": "426000000", "investmentIncomeNet": "None", "netInterestIncome": "None", "interestIncome": "None", "interestExpense": "2445000000", "nonInterestIncome": "None", "otherNonOperatingIncome": "None", "depreciation": "None", "depreciationAndAmortization": "2577000000", "incomeBeforeTax": "3620000000", "incomeTaxExpense": "348000000", "interestAndDebtExpense": "None", "netIncomeFromContinuingOperations": "3263000000", "comprehensiveIncomeNetOfTax": "None", "ebit": "6065000000", "ebitda": "8642000000", "netIncome": "3191000000"}, {"fiscalDateEnding": "2013-06-30", "reportedCurrency": "USD", "grossProfit": "16464000000", "totalRevenue": "34955000000", "costOfRevenue": "18491000000", "costofGoodsAndServicesSold": "18491000000", "operatingIncome": "15558000000", "sellingGeneralAndAdministrative": "8573000000", "researchAndDevelopment": "0", "operatingExpenses": "906000000", "investmentIncomeNet": "None", "netInterestIncome": "None", "interestIncome": "None", "interestExpense": "2600000000", "nonInterestIncome": "None", "otherNonOperatingIncome": "None", "depreciation": "None", "depreciationAndAmortization": "2266000000", "incomeBeforeTax": "3733000000", "incomeTaxExpense": "310000000", "interestAndDebtExpense": "None", "netIncomeFromContinuingOperations": "3421000000", "comprehensiveIncomeNetOfTax": "None", "ebit": "6333000000", "ebitda": "8599000000", "netIncome": "3133000000"}, {"fiscalDateEnding": "2013-03-31", "reportedCurrency": "USD", "grossProfit": "16013000000", "totalRevenue": "33328000000", "costOfRevenue": "17315000000", "costofGoodsAndServicesSold": "17315000000", "operatingIncome": "16171000000", "sellingGeneralAndAdministrative": "8796000000", "researchAndDevelopment": "0", "operatingExpenses": "-158000000", "investmentIncomeNet": "None", "netInterestIncome": "None", "interestIncome": "None", "interestExpense": "2603000000", "nonInterestIncome": "None", "otherNonOperatingIncome": "None", "depreciation": "None", "depreciationAndAmortization": "2309000000", "incomeBeforeTax": "4139000000", "incomeTaxExpense": "508000000", "interestAndDebtExpense": "None", "netIncomeFromContinuingOperations": "3620000000", "comprehensiveIncomeNetOfTax": "None", "ebit": "6742000000", "ebitda": "9051000000", "netIncome": "3527000000"}, {"fiscalDateEnding": "2012-12-31", "reportedCurrency": "USD", "grossProfit": "18031000000", "totalRevenue": "36764000000", "costOfRevenue": "18733000000", "costofGoodsAndServicesSold": "18733000000", "operatingIncome": "44910000000", "sellingGeneralAndAdministrative": "1652000000", "researchAndDevelopment": "5200000000", "operatingExpenses": "-26879000000", "investmentIncomeNet": "None", "netInterestIncome": "None", "interestIncome": "None", "interestExpense": "2960000000", "nonInterestIncome": "None", "otherNonOperatingIncome": "None", "depreciation": "None", "depreciationAndAmortization": "2532000000", "incomeBeforeTax": "5269000000", "incomeTaxExpense": "818000000", "interestAndDebtExpense": "None", "netIncomeFromContinuingOperations": "0", "comprehensiveIncomeNetOfTax": "None", "ebit": "8229000000", "ebitda": "10761000000", "netIncome": "4011000000"}, {"fiscalDateEnding": "2012-09-30", "reportedCurrency": "USD", "grossProfit": "16958000000", "totalRevenue": "35467000000", "costOfRevenue": "18509000000", "costofGoodsAndServicesSold": "18509000000", "operatingIncome": "16623000000", "sellingGeneralAndAdministrative": "9713000000", "researchAndDevelopment": "0", "operatingExpenses": "335000000", "investmentIncomeNet": "None", "netInterestIncome": "None", "interestIncome": "None", "interestExpense": "2972000000", "nonInterestIncome": "None", "otherNonOperatingIncome": "None", "depreciation": "None", "depreciationAndAmortization": "2287000000", "incomeBeforeTax": "4024000000", "incomeTaxExpense": "557000000", "interestAndDebtExpense": "None", "netIncomeFromContinuingOperations": "0", "comprehensiveIncomeNetOfTax": "None", "ebit": "6996000000", "ebitda": "9283000000", "netIncome": "3491000000"}, {"fiscalDateEnding": "2012-06-30", "reportedCurrency": "USD", "grossProfit": "16805000000", "totalRevenue": "36004000000", "costOfRevenue": "19199000000", "costofGoodsAndServicesSold": "19199000000", "operatingIncome": "16455000000", "sellingGeneralAndAdministrative": "9163000000", "researchAndDevelopment": "0", "operatingExpenses": "350000000", "investmentIncomeNet": "None", "netInterestIncome": "None", "interestIncome": "None", "interestExpense": "3202000000", "nonInterestIncome": "None", "otherNonOperatingIncome": "None", "depreciation": "None", "depreciationAndAmortization": "2192000000", "incomeBeforeTax": "4187000000", "incomeTaxExpense": "496000000", "interestAndDebtExpense": "None", "netIncomeFromContinuingOperations": "0", "comprehensiveIncomeNetOfTax": "None", "ebit": "7389000000", "ebitda": "9581000000", "netIncome": "3105000000"}, {"fiscalDateEnding": "2012-03-31", "reportedCurrency": "USD", "grossProfit": "16654000000", "totalRevenue": "34523000000", "costOfRevenue": "17869000000", "costofGoodsAndServicesSold": "17869000000", "operatingIncome": "15791000000", "sellingGeneralAndAdministrative": "9166000000", "researchAndDevelopment": "0", "operatingExpenses": "863000000", "investmentIncomeNet": "None", "netInterestIncome": "None", "interestIncome": "None", "interestExpense": "3347000000", "nonInterestIncome": "None", "otherNonOperatingIncome": "None", "depreciation": "None", "depreciationAndAmortization": "2220000000", "incomeBeforeTax": "3934000000", "incomeTaxExpense": "665000000", "interestAndDebtExpense": "None", "netIncomeFromContinuingOperations": "0", "comprehensiveIncomeNetOfTax": "None", "ebit": "7281000000", "ebitda": "9501000000", "netIncome": "3034000000"}, {"fiscalDateEnding": "2011-12-31", "reportedCurrency": "USD", "grossProfit": "15447000000", "totalRevenue": "32910000000", "costOfRevenue": "17463000000", "costofGoodsAndServicesSold": "17463000000", "operatingIncome": "42945000000", "sellingGeneralAndAdministrative": "711000000", "researchAndDevelopment": "4601000000", "operatingExpenses": "-27498000000", "investmentIncomeNet": "None", "netInterestIncome": "None", "interestIncome": "None", "interestExpense": "3236000000", "nonInterestIncome": "None", "otherNonOperatingIncome": "None", "depreciation": "None", "depreciationAndAmortization": "2241000000", "incomeBeforeTax": "4476000000", "incomeTaxExpense": "466000000", "interestAndDebtExpense": "None", "netIncomeFromContinuingOperations": "0", "comprehensiveIncomeNetOfTax": "None", "ebit": "7712000000", "ebitda": "9953000000", "netIncome": "3730000000"}, {"fiscalDateEnding": "2011-09-30", "reportedCurrency": "USD", "grossProfit": "18605000000", "totalRevenue": "35364000000", "costOfRevenue": "16759000000", "costofGoodsAndServicesSold": "16759000000", "operatingIncome": "7498000000", "sellingGeneralAndAdministrative": "10146000000", "researchAndDevelopment": "0", "operatingExpenses": "11107000000", "investmentIncomeNet": "None", "netInterestIncome": "None", "interestIncome": "None", "interestExpense": "3731000000", "nonInterestIncome": "None", "otherNonOperatingIncome": "None", "depreciation": "None", "depreciationAndAmortization": "2350000000", "incomeBeforeTax": "3767000000", "incomeTaxExpense": "437000000", "interestAndDebtExpense": "None", "netIncomeFromContinuingOperations": "3264000000", "comprehensiveIncomeNetOfTax": "None", "ebit": "7498000000", "ebitda": "9848000000", "netIncome": "3224000000"}, {"fiscalDateEnding": "2011-06-30", "reportedCurrency": "USD", "grossProfit": "18206000000", "totalRevenue": "35623000000", "costOfRevenue": "17417000000", "costofGoodsAndServicesSold": "17417000000", "operatingIncome": "8306000000", "sellingGeneralAndAdministrative": "9108000000", "researchAndDevelopment": "0", "operatingExpenses": "9900000000", "investmentIncomeNet": "None", "netInterestIncome": "None", "interestIncome": "None", "interestExpense": "3770000000", "nonInterestIncome": "None", "otherNonOperatingIncome": "None", "depreciation": "None", "depreciationAndAmortization": "2302000000", "incomeBeforeTax": "4536000000", "incomeTaxExpense": "892000000", "interestAndDebtExpense": "None", "netIncomeFromContinuingOperations": "3621000000", "comprehensiveIncomeNetOfTax": "None", "ebit": "8306000000", "ebitda": "10608000000", "netIncome": "3764000000"}, {"fiscalDateEnding": "2011-03-31", "reportedCurrency": "USD", "grossProfit": "21613000000", "totalRevenue": "38329000000", "costOfRevenue": "16716000000", "costofGoodsAndServicesSold": "16716000000", "operatingIncome": "11230000000", "sellingGeneralAndAdministrative": "9243000000", "researchAndDevelopment": "0", "operatingExpenses": "10383000000", "investmentIncomeNet": "None", "netInterestIncome": "None", "interestIncome": "None", "interestExpense": "3796000000", "nonInterestIncome": "None", "otherNonOperatingIncome": "None", "depreciation": "None", "depreciationAndAmortization": "2292000000", "incomeBeforeTax": "7434000000", "incomeTaxExpense": "3942000000", "interestAndDebtExpense": "None", "netIncomeFromContinuingOperations": "3508000000", "comprehensiveIncomeNetOfTax": "None", "ebit": "11230000000", "ebitda": "13522000000", "netIncome": "3433000000"}, {"fiscalDateEnding": "2010-12-31", "reportedCurrency": "USD", "grossProfit": "19895000000", "totalRevenue": "40274000000", "costOfRevenue": "20379000000", "costofGoodsAndServicesSold": "20379000000", "operatingIncome": "7066000000", "sellingGeneralAndAdministrative": "11606000000", "researchAndDevelopment": "3939000000", "operatingExpenses": "12829000000", "investmentIncomeNet": "None", "netInterestIncome": "None", "interestIncome": "None", "interestExpense": "3612000000", "nonInterestIncome": "None", "otherNonOperatingIncome": "None", "depreciation": "None", "depreciationAndAmortization": "2536000000", "incomeBeforeTax": "3454000000", "incomeTaxExpense": "-584000000", "interestAndDebtExpense": "None", "netIncomeFromContinuingOperations": "0", "comprehensiveIncomeNetOfTax": "None", "ebit": "7066000000", "ebitda": "9602000000", "netIncome": "4535000000"}, {"fiscalDateEnding": "2010-09-30", "reportedCurrency": "USD", "grossProfit": "18746000000", "totalRevenue": "35373000000", "costOfRevenue": "16627000000", "costofGoodsAndServicesSold": "16627000000", "operatingIncome": "7405000000", "sellingGeneralAndAdministrative": "9704000000", "researchAndDevelopment": "0", "operatingExpenses": "11341000000", "investmentIncomeNet": "None", "netInterestIncome": "None", "interestIncome": "None", "interestExpense": "3822000000", "nonInterestIncome": "None", "otherNonOperatingIncome": "None", "depreciation": "None", "depreciationAndAmortization": "2611000000", "incomeBeforeTax": "3583000000", "incomeTaxExpense": "319000000", "interestAndDebtExpense": "None", "netIncomeFromContinuingOperations": "0", "comprehensiveIncomeNetOfTax": "None", "ebit": "7405000000", "ebitda": "10016000000", "netIncome": "2055000000"}, {"fiscalDateEnding": "2010-06-30", "reportedCurrency": "USD", "grossProfit": "19733000000", "totalRevenue": "36928000000", "costOfRevenue": "17195000000", "costofGoodsAndServicesSold": "17195000000", "operatingIncome": "8118000000", "sellingGeneralAndAdministrative": "9608000000", "researchAndDevelopment": "0", "operatingExpenses": "11615000000", "investmentIncomeNet": "None", "netInterestIncome": "None", "interestIncome": "None", "interestExpense": "3946000000", "nonInterestIncome": "None", "otherNonOperatingIncome": "None", "depreciation": "None", "depreciationAndAmortization": "2373000000", "incomeBeforeTax": "4172000000", "incomeTaxExpense": "866000000", "interestAndDebtExpense": "None", "netIncomeFromContinuingOperations": "0", "comprehensiveIncomeNetOfTax": "None", "ebit": "8118000000", "ebitda": "10491000000", "netIncome": "3109000000"}, {"fiscalDateEnding": "2010-03-31", "reportedCurrency": "USD", "grossProfit": "18692000000", "totalRevenue": "36204000000", "costOfRevenue": "17512000000", "costofGoodsAndServicesSold": "17512000000", "operatingIncome": "6830000000", "sellingGeneralAndAdministrative": "9675000000", "researchAndDevelopment": "0", "operatingExpenses": "11862000000", "investmentIncomeNet": "None", "netInterestIncome": "None", "interestIncome": "None", "interestExpense": "4023000000", "nonInterestIncome": "None", "otherNonOperatingIncome": "None", "depreciation": "None", "depreciationAndAmortization": "2465000000", "incomeBeforeTax": "2807000000", "incomeTaxExpense": "443000000", "interestAndDebtExpense": "None", "netIncomeFromContinuingOperations": "0", "comprehensiveIncomeNetOfTax": "None", "ebit": "6830000000", "ebitda": "9295000000", "netIncome": "1945000000"}, {"fiscalDateEnding": "2009-12-31", "reportedCurrency": "USD", "grossProfit": "20935000000", "totalRevenue": "41438000000", "costOfRevenue": "20503000000", "costofGoodsAndServicesSold": "20503000000", "operatingIncome": "7088000000", "sellingGeneralAndAdministrative": "10940000000", "researchAndDevelopment": "3324000000", "operatingExpenses": "13847000000", "investmentIncomeNet": "None", "netInterestIncome": "None", "interestIncome": "None", "interestExpense": "4467000000", "nonInterestIncome": "None", "otherNonOperatingIncome": "None", "depreciation": "None", "depreciationAndAmortization": "2743000000", "incomeBeforeTax": "2621000000", "incomeTaxExpense": "-524000000", "interestAndDebtExpense": "None", "netIncomeFromContinuingOperations": "0", "comprehensiveIncomeNetOfTax": "None", "ebit": "7088000000", "ebitda": "9831000000", "netIncome": "3013000000"}, {"fiscalDateEnding": "2009-09-30", "reportedCurrency": "USD", "grossProfit": "19251000000", "totalRevenue": "37799000000", "costOfRevenue": "18548000000", "costofGoodsAndServicesSold": "18548000000", "operatingIncome": "6297000000", "sellingGeneralAndAdministrative": "10086000000", "researchAndDevelopment": "0", "operatingExpenses": "12954000000", "investmentIncomeNet": "None", "netInterestIncome": "None", "interestIncome": "None", "interestExpense": "4322000000", "nonInterestIncome": "None", "otherNonOperatingIncome": "None", "depreciation": "None", "depreciationAndAmortization": "2658000000", "incomeBeforeTax": "1975000000", "incomeTaxExpense": "-484000000", "interestAndDebtExpense": "None", "netIncomeFromContinuingOperations": "0", "comprehensiveIncomeNetOfTax": "None", "ebit": "6297000000", "ebitda": "8955000000", "netIncome": "2494000000"}, {"fiscalDateEnding": "2009-06-30", "reportedCurrency": "USD", "grossProfit": "20304000000", "totalRevenue": "39108000000", "costOfRevenue": "18804000000", "costofGoodsAndServicesSold": "18804000000", "operatingIncome": "7775000000", "sellingGeneralAndAdministrative": "9712000000", "researchAndDevelopment": "0", "operatingExpenses": "12529000000", "investmentIncomeNet": "None", "netInterestIncome": "None", "interestIncome": "None", "interestExpense": "4653000000", "nonInterestIncome": "None", "otherNonOperatingIncome": "None", "depreciation": "None", "depreciationAndAmortization": "2504000000", "incomeBeforeTax": "3122000000", "incomeTaxExpense": "227000000", "interestAndDebtExpense": "None", "netIncomeFromContinuingOperations": "0", "comprehensiveIncomeNetOfTax": "None", "ebit": "7775000000", "ebitda": "10279000000", "netIncome": "2689000000"}, {"fiscalDateEnding": "2009-03-31", "reportedCurrency": "USD", "grossProfit": "20372000000", "totalRevenue": "38438000000", "costOfRevenue": "18066000000", "costofGoodsAndServicesSold": "18066000000", "operatingIncome": "7953000000", "sellingGeneralAndAdministrative": "10083000000", "researchAndDevelopment": "0", "operatingExpenses": "12419000000", "investmentIncomeNet": "None", "netInterestIncome": "None", "interestIncome": "None", "interestExpense": "5327000000", "nonInterestIncome": "None", "otherNonOperatingIncome": "None", "depreciation": "None", "depreciationAndAmortization": "2731000000", "incomeBeforeTax": "2626000000", "incomeTaxExpense": "-309000000", "interestAndDebtExpense": "None", "netIncomeFromContinuingOperations": "0", "comprehensiveIncomeNetOfTax": "None", "ebit": "7953000000", "ebitda": "10684000000", "netIncome": "2829000000"}, {"fiscalDateEnding": "2008-12-31", "reportedCurrency": "USD", "grossProfit": "23300000000", "totalRevenue": "46213000000", "costOfRevenue": "22913000000", "costofGoodsAndServicesSold": "22913000000", "operatingIncome": "8730000000", "sellingGeneralAndAdministrative": "11505000000", "researchAndDevelopment": "3020000000", "operatingExpenses": "14570000000", "investmentIncomeNet": "None", "netInterestIncome": "None", "interestIncome": "None", "interestExpense": "6106000000", "nonInterestIncome": "None", "otherNonOperatingIncome": "None", "depreciation": "None", "depreciationAndAmortization": "3276000000", "incomeBeforeTax": "2485000000", "incomeTaxExpense": "-1382000000", "interestAndDebtExpense": "None", "netIncomeFromContinuingOperations": "0", "comprehensiveIncomeNetOfTax": "None", "ebit": "8591000000", "ebitda": "11867000000", "netIncome": "3722000000"}, {"fiscalDateEnding": "2008-09-30", "reportedCurrency": "USD", "grossProfit": "25097000000", "totalRevenue": "47234000000", "costOfRevenue": "22137000000", "costofGoodsAndServicesSold": "22137000000", "operatingIncome": "12127000000", "sellingGeneralAndAdministrative": "11329000000", "researchAndDevelopment": "0", "operatingExpenses": "12970000000", "investmentIncomeNet": "None", "netInterestIncome": "None", "interestIncome": "None", "interestExpense": "6955000000", "nonInterestIncome": "None", "otherNonOperatingIncome": "None", "depreciation": "None", "depreciationAndAmortization": "2861000000", "incomeBeforeTax": "5172000000", "incomeTaxExpense": "539000000", "interestAndDebtExpense": "None", "netIncomeFromContinuingOperations": "0", "comprehensiveIncomeNetOfTax": "None", "ebit": "12127000000", "ebitda": "14988000000", "netIncome": "4312000000"}, {"fiscalDateEnding": "2008-06-30", "reportedCurrency": "USD", "grossProfit": "26111000000", "totalRevenue": "46840000000", "costOfRevenue": "20729000000", "costofGoodsAndServicesSold": "20729000000", "operatingIncome": "13253000000", "sellingGeneralAndAdministrative": "11389000000", "researchAndDevelopment": "0", "operatingExpenses": "12858000000", "investmentIncomeNet": "None", "netInterestIncome": "None", "interestIncome": "None", "interestExpense": "6621000000", "nonInterestIncome": "None", "otherNonOperatingIncome": "None", "depreciation": "None", "depreciationAndAmortization": "2673000000", "incomeBeforeTax": "6632000000", "incomeTaxExpense": "1054000000", "interestAndDebtExpense": "None", "netIncomeFromContinuingOperations": "0", "comprehensiveIncomeNetOfTax": "None", "ebit": "13253000000", "ebitda": "15926000000", "netIncome": "5072000000"}, {"fiscalDateEnding": "2008-03-31", "reportedCurrency": "USD", "grossProfit": "24235000000", "totalRevenue": "42228000000", "costOfRevenue": "17993000000", "costofGoodsAndServicesSold": "17993000000", "operatingIncome": "11881000000", "sellingGeneralAndAdministrative": "11011000000", "researchAndDevelopment": "0", "operatingExpenses": "12354000000", "investmentIncomeNet": "None", "netInterestIncome": "None", "interestIncome": "None", "interestExpense": "6527000000", "nonInterestIncome": "None", "otherNonOperatingIncome": "None", "depreciation": "None", "depreciationAndAmortization": "2682000000", "incomeBeforeTax": "5354000000", "incomeTaxExpense": "841000000", "interestAndDebtExpense": "None", "netIncomeFromContinuingOperations": "0", "comprehensiveIncomeNetOfTax": "None", "ebit": "11881000000", "ebitda": "14563000000", "netIncome": "4304000000"}, {"fiscalDateEnding": "2007-12-31", "reportedCurrency": "USD", "grossProfit": "27060000000", "totalRevenue": "48576000000", "costOfRevenue": "21516000000", "costofGoodsAndServicesSold": "21516000000", "operatingIncome": "14389000000", "sellingGeneralAndAdministrative": "11341000000", "researchAndDevelopment": "3009000000", "operatingExpenses": "12671000000", "investmentIncomeNet": "None", "netInterestIncome": "None", "interestIncome": "None", "interestExpense": "6487000000", "nonInterestIncome": "None", "otherNonOperatingIncome": "None", "depreciation": "None", "depreciationAndAmortization": "2846000000", "incomeBeforeTax": "7620000000", "incomeTaxExpense": "808000000", "interestAndDebtExpense": "None", "netIncomeFromContinuingOperations": "0", "comprehensiveIncomeNetOfTax": "None", "ebit": "14107000000", "ebitda": "16953000000", "netIncome": "6687000000"}, {"fiscalDateEnding": "2007-09-30", "reportedCurrency": "USD", "grossProfit": "24254000000", "totalRevenue": "42512000000", "costOfRevenue": "18258000000", "costofGoodsAndServicesSold": "18258000000", "operatingIncome": "12011000000", "sellingGeneralAndAdministrative": "11053000000", "researchAndDevelopment": "0", "operatingExpenses": "12243000000", "investmentIncomeNet": "None", "netInterestIncome": "None", "interestIncome": "None", "interestExpense": "6070000000", "nonInterestIncome": "None", "otherNonOperatingIncome": "None", "depreciation": "None", "depreciationAndAmortization": "2580000000", "incomeBeforeTax": "5751000000", "incomeTaxExpense": "640000000", "interestAndDebtExpense": "None", "netIncomeFromContinuingOperations": "0", "comprehensiveIncomeNetOfTax": "None", "ebit": "11821000000", "ebitda": "14401000000", "netIncome": "5559000000"}, {"fiscalDateEnding": "2007-06-30", "reportedCurrency": "USD", "grossProfit": "24876000000", "totalRevenue": "42384000000", "costOfRevenue": "17508000000", "costofGoodsAndServicesSold": "17508000000", "operatingIncome": "12932000000", "sellingGeneralAndAdministrative": "10887000000", "researchAndDevelopment": "0", "operatingExpenses": "11944000000", "investmentIncomeNet": "None", "netInterestIncome": "None", "interestIncome": "None", "interestExpense": "5645000000", "nonInterestIncome": "None", "otherNonOperatingIncome": "None", "depreciation": "None", "depreciationAndAmortization": "2411000000", "incomeBeforeTax": "7066000000", "incomeTaxExpense": "1453000000", "interestAndDebtExpense": "None", "netIncomeFromContinuingOperations": "0", "comprehensiveIncomeNetOfTax": "None", "ebit": "12711000000", "ebitda": "15122000000", "netIncome": "5382000000"}, {"fiscalDateEnding": "2007-03-31", "reportedCurrency": "USD", "grossProfit": "23354000000", "totalRevenue": "39200000000", "costOfRevenue": "15846000000", "costofGoodsAndServicesSold": "15846000000", "operatingIncome": "11961000000", "sellingGeneralAndAdministrative": "10457000000", "researchAndDevelopment": "0", "operatingExpenses": "11393000000", "investmentIncomeNet": "None", "netInterestIncome": "None", "interestIncome": "None", "interestExpense": "5578000000", "nonInterestIncome": "None", "otherNonOperatingIncome": "None", "depreciation": "None", "depreciationAndAmortization": "2440000000", "incomeBeforeTax": "6160000000", "incomeTaxExpense": "1232000000", "interestAndDebtExpense": "None", "netIncomeFromContinuingOperations": "0", "comprehensiveIncomeNetOfTax": "None", "ebit": "11738000000", "ebitda": "14178000000", "netIncome": "4571000000"}, {"fiscalDateEnding": "2006-12-31", "reportedCurrency": "USD", "grossProfit": "24976000000", "totalRevenue": "44814000000", "costOfRevenue": "19838000000", "costofGoodsAndServicesSold": "19838000000", "operatingIncome": "13232000000", "sellingGeneralAndAdministrative": "10588000000", "researchAndDevelopment": "2790000000", "operatingExpenses": "11744000000", "investmentIncomeNet": "None", "netInterestIncome": "None", "interestIncome": "None", "interestExpense": "5249000000", "nonInterestIncome": "None", "otherNonOperatingIncome": "None", "depreciation": "None", "depreciationAndAmortization": "2486000000", "incomeBeforeTax": "7763000000", "incomeTaxExpense": "1052000000", "interestAndDebtExpense": "None", "netIncomeFromContinuingOperations": "0", "comprehensiveIncomeNetOfTax": "None", "ebit": "13012000000", "ebitda": "15498000000", "netIncome": "6708000000"}, {"fiscalDateEnding": "2006-09-30", "reportedCurrency": "USD", "grossProfit": "21258000000", "totalRevenue": "37874000000", "costOfRevenue": "16616000000", "costofGoodsAndServicesSold": "16616000000", "operatingIncome": "10852000000", "sellingGeneralAndAdministrative": "9613000000", "researchAndDevelopment": "0", "operatingExpenses": "10406000000", "investmentIncomeNet": "None", "netInterestIncome": "None", "interestIncome": "None", "interestExpense": "5030000000", "nonInterestIncome": "None", "otherNonOperatingIncome": "None", "depreciation": "None", "depreciationAndAmortization": "2108000000", "incomeBeforeTax": "5624000000", "incomeTaxExpense": "875000000", "interestAndDebtExpense": "None", "netIncomeFromContinuingOperations": "0", "comprehensiveIncomeNetOfTax": "None", "ebit": "10654000000", "ebitda": "12762000000", "netIncome": "4866000000"}, {"fiscalDateEnding": "2006-06-30", "reportedCurrency": "USD", "grossProfit": "21423000000", "totalRevenue": "37745000000", "costOfRevenue": "16322000000", "costofGoodsAndServicesSold": "16322000000", "operatingIncome": "10560000000", "sellingGeneralAndAdministrative": "9967000000", "researchAndDevelopment": "0", "operatingExpenses": "10863000000", "investmentIncomeNet": "None", "netInterestIncome": "None", "interestIncome": "None", "interestExpense": "4480000000", "nonInterestIncome": "None", "otherNonOperatingIncome": "None", "depreciation": "None", "depreciationAndAmortization": "1919000000", "incomeBeforeTax": "5864000000", "incomeTaxExpense": "1063000000", "interestAndDebtExpense": "None", "netIncomeFromContinuingOperations": "0", "comprehensiveIncomeNetOfTax": "None", "ebit": "10344000000", "ebitda": "12263000000", "netIncome": "4946000000"}, {"fiscalDateEnding": "2006-03-31", "reportedCurrency": "USD", "grossProfit": "20368000000", "totalRevenue": "38029000000", "costOfRevenue": "17661000000", "costofGoodsAndServicesSold": "17661000000", "operatingIncome": "9760000000", "sellingGeneralAndAdministrative": "9786000000", "researchAndDevelopment": "0", "operatingExpenses": "10608000000", "investmentIncomeNet": "None", "netInterestIncome": "None", "interestIncome": "None", "interestExpense": "4348000000", "nonInterestIncome": "None", "otherNonOperatingIncome": "None", "depreciation": "None", "depreciationAndAmortization": "2132000000", "incomeBeforeTax": "5174000000", "incomeTaxExpense": "997000000", "interestAndDebtExpense": "None", "netIncomeFromContinuingOperations": "0", "comprehensiveIncomeNetOfTax": "None", "ebit": "9522000000", "ebitda": "11654000000", "netIncome": "4440000000"}, {"fiscalDateEnding": "2005-12-31", "reportedCurrency": "USD", "grossProfit": "7818000000", "totalRevenue": "26493000000", "costOfRevenue": "18675000000", "costofGoodsAndServicesSold": "18675000000", "operatingIncome": "8691000000", "sellingGeneralAndAdministrative": "1759000000", "researchAndDevelopment": "2741000000", "operatingExpenses": "-873000000", "investmentIncomeNet": "None", "netInterestIncome": "None", "interestIncome": "None", "interestExpense": "3687000000", "nonInterestIncome": "None", "otherNonOperatingIncome": "None", "depreciation": "None", "depreciationAndAmortization": "2031000000", "incomeBeforeTax": "5148000000", "incomeTaxExpense": "162000000", "interestAndDebtExpense": "None", "netIncomeFromContinuingOperations": "0", "comprehensiveIncomeNetOfTax": "None", "ebit": "8835000000", "ebitda": "10866000000", "netIncome": "3064000000"}]}