{"symbol": "ATLC", "annualReports": [{"fiscalDateEnding": "2024-12-31", "reportedCurrency": "USD", "grossProfit": "283032000", "totalRevenue": "459573000", "costOfRevenue": "176541000", "costofGoodsAndServicesSold": "176541000", "operatingIncome": "138577000", "sellingGeneralAndAdministrative": "50143000", "researchAndDevelopment": "None", "operatingExpenses": "144455000", "investmentIncomeNet": "None", "netInterestIncome": "819641000", "interestIncome": "979814000", "interestExpense": "160173000", "nonInterestIncome": "None", "otherNonOperatingIncome": "None", "depreciation": "None", "depreciationAndAmortization": "5187000", "incomeBeforeTax": "138577000", "incomeTaxExpense": "28471000", "interestAndDebtExpense": "None", "netIncomeFromContinuingOperations": "110106000", "comprehensiveIncomeNetOfTax": "None", "ebit": "138577000", "ebitda": "143764000", "netIncome": "111296000"}, {"fiscalDateEnding": "2023-12-31", "reportedCurrency": "USD", "grossProfit": "254185000", "totalRevenue": "365679000", "costOfRevenue": "111494000", "costofGoodsAndServicesSold": "111494000", "operatingIncome": "128558000", "sellingGeneralAndAdministrative": "43906000", "researchAndDevelopment": "0.14", "operatingExpenses": "125627000", "investmentIncomeNet": "None", "netInterestIncome": "765566000", "interestIncome": "866291000", "interestExpense": "109342000", "nonInterestIncome": "None", "otherNonOperatingIncome": "None", "depreciation": "None", "depreciationAndAmortization": "4043000", "incomeBeforeTax": "128558000", "incomeTaxExpense": "26604000", "interestAndDebtExpense": "None", "netIncomeFromContinuingOperations": "99371000", "comprehensiveIncomeNetOfTax": "None", "ebit": "128558000", "ebitda": "132601000", "netIncome": "102845000"}, {"fiscalDateEnding": "2022-12-31", "reportedCurrency": "USD", "grossProfit": "291313000", "totalRevenue": "374416000", "costOfRevenue": "83103000", "costofGoodsAndServicesSold": "83103000", "operatingIncome": "149272000", "sellingGeneralAndAdministrative": "43063000", "researchAndDevelopment": "0.14", "operatingExpenses": "142041000", "investmentIncomeNet": "None", "netInterestIncome": "704384000", "interestIncome": "786235000", "interestExpense": "81851000", "nonInterestIncome": "None", "otherNonOperatingIncome": "None", "depreciation": "None", "depreciationAndAmortization": "4848000", "incomeBeforeTax": "149272000", "incomeTaxExpense": "14660000", "interestAndDebtExpense": "None", "netIncomeFromContinuingOperations": "134612000", "comprehensiveIncomeNetOfTax": "None", "ebit": "149272000", "ebitda": "154120000", "netIncome": "135597000"}, {"fiscalDateEnding": "2021-12-31", "reportedCurrency": "USD", "grossProfit": "363344000", "totalRevenue": "453926000", "costOfRevenue": "90582000", "costofGoodsAndServicesSold": "90582000", "operatingIncome": "219573000", "sellingGeneralAndAdministrative": "34024000", "researchAndDevelopment": "0.29", "operatingExpenses": "143771000", "investmentIncomeNet": "None", "netInterestIncome": "464656000", "interestIncome": "518783000", "interestExpense": "54127000", "nonInterestIncome": "None", "otherNonOperatingIncome": "-29439000", "depreciation": "None", "depreciationAndAmortization": "2494000", "incomeBeforeTax": "219573000", "incomeTaxExpense": "41784000", "interestAndDebtExpense": "None", "netIncomeFromContinuingOperations": "177789000", "comprehensiveIncomeNetOfTax": "None", "ebit": "219573000", "ebitda": "222067000", "netIncome": "177902000"}, {"fiscalDateEnding": "2020-12-31", "reportedCurrency": "USD", "grossProfit": "197548000", "totalRevenue": "391815000", "costOfRevenue": "194267000", "costofGoodsAndServicesSold": "194267000", "operatingIncome": "114391000", "sellingGeneralAndAdministrative": "29079000", "researchAndDevelopment": "0.20", "operatingExpenses": "83157000", "investmentIncomeNet": "None", "netInterestIncome": "359068000", "interestIncome": "410616000", "interestExpense": "51548000", "nonInterestIncome": "None", "otherNonOperatingIncome": "None", "depreciation": "None", "depreciationAndAmortization": "7952000", "incomeBeforeTax": "114391000", "incomeTaxExpense": "20474000", "interestAndDebtExpense": "None", "netIncomeFromContinuingOperations": "93917000", "comprehensiveIncomeNetOfTax": "None", "ebit": "114391000", "ebitda": "122343000", "netIncome": "94120000"}, {"fiscalDateEnding": "2019-12-31", "reportedCurrency": "USD", "grossProfit": "108713000", "totalRevenue": "407826000", "costOfRevenue": "299113000", "costofGoodsAndServicesSold": "299113000", "operatingIncome": "31763000", "sellingGeneralAndAdministrative": "26229000", "researchAndDevelopment": "0.07", "operatingExpenses": "76950000", "investmentIncomeNet": "None", "netInterestIncome": "210488000", "interestIncome": "261218000", "interestExpense": "50730000", "nonInterestIncome": "None", "otherNonOperatingIncome": "1001000", "depreciation": "None", "depreciationAndAmortization": "7693000", "incomeBeforeTax": "31763000", "incomeTaxExpense": "5553000", "interestAndDebtExpense": "None", "netIncomeFromContinuingOperations": "26210000", "comprehensiveIncomeNetOfTax": "None", "ebit": "31763000", "ebitda": "39456000", "netIncome": "26443000"}, {"fiscalDateEnding": "2018-12-31", "reportedCurrency": "USD", "grossProfit": "54432000", "totalRevenue": "192215000", "costOfRevenue": "137783000", "costofGoodsAndServicesSold": "137783000", "operatingIncome": "3482000", "sellingGeneralAndAdministrative": "23430000", "researchAndDevelopment": "0.02", "operatingExpenses": "50950000", "investmentIncomeNet": "None", "netInterestIncome": "124272000", "interestIncome": "161168000", "interestExpense": "36896000", "nonInterestIncome": "None", "otherNonOperatingIncome": "581000", "depreciation": "None", "depreciationAndAmortization": "987000", "incomeBeforeTax": "3482000", "incomeTaxExpense": "-4130000", "interestAndDebtExpense": "None", "netIncomeFromContinuingOperations": "7612000", "comprehensiveIncomeNetOfTax": "None", "ebit": "3482000", "ebitda": "4469000", "netIncome": "7856000"}, {"fiscalDateEnding": "2017-12-31", "reportedCurrency": "USD", "grossProfit": "4568000", "totalRevenue": "100420000", "costOfRevenue": "95852000", "costofGoodsAndServicesSold": "95852000", "operatingIncome": "-47250000", "sellingGeneralAndAdministrative": "22751000", "researchAndDevelopment": "0.34", "operatingExpenses": "51818000", "investmentIncomeNet": "None", "netInterestIncome": "87007000", "interestIncome": "114707000", "interestExpense": "27700000", "nonInterestIncome": "None", "otherNonOperatingIncome": "None", "depreciation": "None", "depreciationAndAmortization": "1021000", "incomeBeforeTax": "-47250000", "incomeTaxExpense": "-6378000", "interestAndDebtExpense": "None", "netIncomeFromContinuingOperations": "-40872000", "comprehensiveIncomeNetOfTax": "None", "ebit": "-47250000", "ebitda": "-46229000", "netIncome": "-40781000"}, {"fiscalDateEnding": "2016-12-31", "reportedCurrency": "USD", "grossProfit": "24078000", "totalRevenue": "75910000", "costOfRevenue": "51832000", "costofGoodsAndServicesSold": "51832000", "operatingIncome": "-12356000", "sellingGeneralAndAdministrative": "24026000", "researchAndDevelopment": "0.10", "operatingExpenses": "36434000", "investmentIncomeNet": "None", "netInterestIncome": "68415000", "interestIncome": "88622000", "interestExpense": "20207000", "nonInterestIncome": "None", "otherNonOperatingIncome": "None", "depreciation": "None", "depreciationAndAmortization": "7477000", "incomeBeforeTax": "-12356000", "incomeTaxExpense": "-6015000", "interestAndDebtExpense": "None", "netIncomeFromContinuingOperations": "-6341000", "comprehensiveIncomeNetOfTax": "None", "ebit": "-12356000", "ebitda": "-4879000", "netIncome": "-6335000"}, {"fiscalDateEnding": "2015-12-31", "reportedCurrency": "USD", "grossProfit": "84263000", "totalRevenue": "90323000", "costOfRevenue": "6060000", "costofGoodsAndServicesSold": "6060000", "operatingIncome": "3535000", "sellingGeneralAndAdministrative": "19825000", "researchAndDevelopment": "0", "operatingExpenses": "80728000", "investmentIncomeNet": "None", "netInterestIncome": "None", "interestIncome": "None", "interestExpense": "18330000", "nonInterestIncome": "None", "otherNonOperatingIncome": "None", "depreciation": "None", "depreciationAndAmortization": "40565000", "incomeBeforeTax": "3535000", "incomeTaxExpense": "1829000", "interestAndDebtExpense": "None", "netIncomeFromContinuingOperations": "1706000", "comprehensiveIncomeNetOfTax": "None", "ebit": "3535000", "ebitda": "44100000", "netIncome": "1713000"}, {"fiscalDateEnding": "2014-12-31", "reportedCurrency": "USD", "grossProfit": "78291000", "totalRevenue": "128319000", "costOfRevenue": "50028000", "costofGoodsAndServicesSold": "50028000", "operatingIncome": "-27305000", "sellingGeneralAndAdministrative": "19777000", "researchAndDevelopment": "2700000", "operatingExpenses": "105596000", "investmentIncomeNet": "None", "netInterestIncome": "None", "interestIncome": "None", "interestExpense": "24052000", "nonInterestIncome": "None", "otherNonOperatingIncome": "None", "depreciation": "None", "depreciationAndAmortization": "68075000", "incomeBeforeTax": "-27305000", "incomeTaxExpense": "-34632000", "interestAndDebtExpense": "None", "netIncomeFromContinuingOperations": "7327000", "comprehensiveIncomeNetOfTax": "None", "ebit": "-27305000", "ebitda": "40770000", "netIncome": "7177000"}, {"fiscalDateEnding": "2013-12-31", "reportedCurrency": "USD", "grossProfit": "55436000", "totalRevenue": "123546000", "costOfRevenue": "68110000", "costofGoodsAndServicesSold": "68110000", "operatingIncome": "-22779000", "sellingGeneralAndAdministrative": "17832000", "researchAndDevelopment": "0", "operatingExpenses": "78215000", "investmentIncomeNet": "None", "netInterestIncome": "None", "interestIncome": "None", "interestExpense": "23872000", "nonInterestIncome": "None", "otherNonOperatingIncome": "None", "depreciation": "None", "depreciationAndAmortization": "17699000", "incomeBeforeTax": "-22779000", "incomeTaxExpense": "-5114000", "interestAndDebtExpense": "None", "netIncomeFromContinuingOperations": "-17665000", "comprehensiveIncomeNetOfTax": "None", "ebit": "-22779000", "ebitda": "-5080000", "netIncome": "-17741000"}, {"fiscalDateEnding": "2012-12-31", "reportedCurrency": "USD", "grossProfit": "25769000", "totalRevenue": "163791000", "costOfRevenue": "138022000", "costofGoodsAndServicesSold": "138022000", "operatingIncome": "-43831000", "sellingGeneralAndAdministrative": "18313000", "researchAndDevelopment": "0", "operatingExpenses": "69600000", "investmentIncomeNet": "None", "netInterestIncome": "None", "interestIncome": "None", "interestExpense": "31124000", "nonInterestIncome": "None", "otherNonOperatingIncome": "None", "depreciation": "None", "depreciationAndAmortization": "2574000", "incomeBeforeTax": "-43831000", "incomeTaxExpense": "-15609000", "interestAndDebtExpense": "None", "netIncomeFromContinuingOperations": "-28222000", "comprehensiveIncomeNetOfTax": "None", "ebit": "-43831000", "ebitda": "-41257000", "netIncome": "24451000"}, {"fiscalDateEnding": "2011-12-31", "reportedCurrency": "USD", "grossProfit": "115863000", "totalRevenue": "300260000", "costOfRevenue": "184397000", "costofGoodsAndServicesSold": "184397000", "operatingIncome": "-2046000", "sellingGeneralAndAdministrative": "21022000", "researchAndDevelopment": "0", "operatingExpenses": "117909000", "investmentIncomeNet": "None", "netInterestIncome": "None", "interestIncome": "None", "interestExpense": "43828000", "nonInterestIncome": "None", "otherNonOperatingIncome": "None", "depreciation": "None", "depreciationAndAmortization": "6187000", "incomeBeforeTax": "-2046000", "incomeTaxExpense": "-994000", "interestAndDebtExpense": "None", "netIncomeFromContinuingOperations": "16041000", "comprehensiveIncomeNetOfTax": "None", "ebit": "-2046000", "ebitda": "4141000", "netIncome": "134017000"}, {"fiscalDateEnding": "2010-12-31", "reportedCurrency": "USD", "grossProfit": "554137000", "totalRevenue": "648191000", "costOfRevenue": "94054000", "costofGoodsAndServicesSold": "94054000", "operatingIncome": "-107761000", "sellingGeneralAndAdministrative": "130870000", "researchAndDevelopment": "None", "operatingExpenses": "661898000", "investmentIncomeNet": "None", "netInterestIncome": "None", "interestIncome": "None", "interestExpense": "58631000", "nonInterestIncome": "None", "otherNonOperatingIncome": "None", "depreciation": "None", "depreciationAndAmortization": "13557000", "incomeBeforeTax": "-107761000", "incomeTaxExpense": "-1907000", "interestAndDebtExpense": "None", "netIncomeFromContinuingOperations": "None", "comprehensiveIncomeNetOfTax": "None", "ebit": "-107761000", "ebitda": "-94204000", "netIncome": "-97504000"}, {"fiscalDateEnding": "2009-12-31", "reportedCurrency": "USD", "grossProfit": "-322267000", "totalRevenue": "-218332000", "costOfRevenue": "103935000", "costofGoodsAndServicesSold": "103935000", "operatingIncome": "-744744000", "sellingGeneralAndAdministrative": "250877000", "researchAndDevelopment": "None", "operatingExpenses": "422477000", "investmentIncomeNet": "None", "netInterestIncome": "None", "interestIncome": "None", "interestExpense": "41873000", "nonInterestIncome": "None", "otherNonOperatingIncome": "None", "depreciation": "None", "depreciationAndAmortization": "21870000", "incomeBeforeTax": "-744744000", "incomeTaxExpense": "-183977000", "interestAndDebtExpense": "None", "netIncomeFromContinuingOperations": "None", "comprehensiveIncomeNetOfTax": "None", "ebit": "-744744000", "ebitda": "-722874000", "netIncome": "-540889000"}, {"fiscalDateEnding": "2008-12-31", "reportedCurrency": "USD", "grossProfit": "355781000", "totalRevenue": "479270000", "costOfRevenue": "123489000", "costofGoodsAndServicesSold": "123489000", "operatingIncome": "-201552000", "sellingGeneralAndAdministrative": "347044000", "researchAndDevelopment": "None", "operatingExpenses": "557333000", "investmentIncomeNet": "None", "netInterestIncome": "None", "interestIncome": "None", "interestExpense": "52878000", "nonInterestIncome": "None", "otherNonOperatingIncome": "None", "depreciation": "None", "depreciationAndAmortization": "36368000", "incomeBeforeTax": "-201552000", "incomeTaxExpense": "-65820000", "interestAndDebtExpense": "None", "netIncomeFromContinuingOperations": "None", "comprehensiveIncomeNetOfTax": "None", "ebit": "-201552000", "ebitda": "-165184000", "netIncome": "-139473000"}, {"fiscalDateEnding": "2007-12-31", "reportedCurrency": "USD", "grossProfit": "711268000", "totalRevenue": "1760014000", "costOfRevenue": "1048746000", "costofGoodsAndServicesSold": "1048746000", "operatingIncome": "-42263000", "sellingGeneralAndAdministrative": "74371000", "researchAndDevelopment": "None", "operatingExpenses": "753531000", "investmentIncomeNet": "None", "netInterestIncome": "None", "interestIncome": "None", "interestExpense": "81516000", "nonInterestIncome": "None", "otherNonOperatingIncome": "None", "depreciation": "None", "depreciationAndAmortization": "52119000", "incomeBeforeTax": "-42263000", "incomeTaxExpense": "-11836000", "interestAndDebtExpense": "None", "netIncomeFromContinuingOperations": "None", "comprehensiveIncomeNetOfTax": "None", "ebit": "-42263000", "ebitda": "9856000", "netIncome": "-50996000"}, {"fiscalDateEnding": "2006-12-31", "reportedCurrency": "USD", "grossProfit": "770784000", "totalRevenue": "1335835000", "costOfRevenue": "565051000", "costofGoodsAndServicesSold": "565051000", "operatingIncome": "167930000", "sellingGeneralAndAdministrative": "50211000", "researchAndDevelopment": "None", "operatingExpenses": "602854000", "investmentIncomeNet": "None", "netInterestIncome": "None", "interestIncome": "None", "interestExpense": "52472000", "nonInterestIncome": "None", "otherNonOperatingIncome": "None", "depreciation": "None", "depreciationAndAmortization": "37859000", "incomeBeforeTax": "167930000", "incomeTaxExpense": "60455000", "interestAndDebtExpense": "None", "netIncomeFromContinuingOperations": "None", "comprehensiveIncomeNetOfTax": "None", "ebit": "167930000", "ebitda": "205789000", "netIncome": "107475000"}, {"fiscalDateEnding": "2005-12-31", "reportedCurrency": "USD", "grossProfit": "773954000", "totalRevenue": "948585000", "costOfRevenue": "174631000", "costofGoodsAndServicesSold": "174631000", "operatingIncome": "269843000", "sellingGeneralAndAdministrative": "33815000", "researchAndDevelopment": "None", "operatingExpenses": "504111000", "investmentIncomeNet": "None", "netInterestIncome": "None", "interestIncome": "None", "interestExpense": "33971000", "nonInterestIncome": "None", "otherNonOperatingIncome": "None", "depreciation": "None", "depreciationAndAmortization": "21993000", "incomeBeforeTax": "269843000", "incomeTaxExpense": "98493000", "interestAndDebtExpense": "None", "netIncomeFromContinuingOperations": "None", "comprehensiveIncomeNetOfTax": "None", "ebit": "269843000", "ebitda": "291836000", "netIncome": "171350000"}], "quarterlyReports": [{"fiscalDateEnding": "2025-09-30", "reportedCurrency": "USD", "grossProfit": "101788000", "totalRevenue": "178801000", "costOfRevenue": "77013000", "costofGoodsAndServicesSold": "77013000", "operatingIncome": "32479000", "sellingGeneralAndAdministrative": "18196000", "researchAndDevelopment": "None", "operatingExpenses": "69309000", "investmentIncomeNet": "None", "netInterestIncome": "265699000", "interestIncome": "341163000", "interestExpense": "75464000", "nonInterestIncome": "None", "otherNonOperatingIncome": "None", "depreciation": "None", "depreciationAndAmortization": "2490000", "incomeBeforeTax": "32479000", "incomeTaxExpense": "7891000", "interestAndDebtExpense": "None", "netIncomeFromContinuingOperations": "24588000", "comprehensiveIncomeNetOfTax": "None", "ebit": "32479000", "ebitda": "34969000", "netIncome": "24977000"}, {"fiscalDateEnding": "2025-06-30", "reportedCurrency": "USD", "grossProfit": "88235000", "totalRevenue": "143301000", "costOfRevenue": "55066000", "costofGoodsAndServicesSold": "55066000", "operatingIncome": "40146000", "sellingGeneralAndAdministrative": "13381000", "researchAndDevelopment": "None", "operatingExpenses": "48089000", "investmentIncomeNet": "None", "netInterestIncome": "222666000", "interestIncome": "276350000", "interestExpense": "53684000", "nonInterestIncome": "None", "otherNonOperatingIncome": "None", "depreciation": "None", "depreciationAndAmortization": "1687000", "incomeBeforeTax": "40146000", "incomeTaxExpense": "9856000", "interestAndDebtExpense": "None", "netIncomeFromContinuingOperations": "30290000", "comprehensiveIncomeNetOfTax": "None", "ebit": "40146000", "ebitda": "41833000", "netIncome": "30573000"}, {"fiscalDateEnding": "2025-03-31", "reportedCurrency": "USD", "grossProfit": "86071000", "totalRevenue": "134669000", "costOfRevenue": "48598000", "costofGoodsAndServicesSold": "48598000", "operatingIncome": "40868000", "sellingGeneralAndAdministrative": "15503000", "researchAndDevelopment": "None", "operatingExpenses": "45203000", "investmentIncomeNet": "None", "netInterestIncome": "200125000", "interestIncome": "247655000", "interestExpense": "47530000", "nonInterestIncome": "None", "otherNonOperatingIncome": "None", "depreciation": "None", "depreciationAndAmortization": "1600000", "incomeBeforeTax": "40868000", "incomeTaxExpense": "9746000", "interestAndDebtExpense": "None", "netIncomeFromContinuingOperations": "31122000", "comprehensiveIncomeNetOfTax": "None", "ebit": "40868000", "ebitda": "42468000", "netIncome": "31520000"}, {"fiscalDateEnding": "2024-12-31", "reportedCurrency": "USD", "grossProfit": "81655000", "totalRevenue": "133370000", "costOfRevenue": "51715000", "costofGoodsAndServicesSold": "51715000", "operatingIncome": "39867000", "sellingGeneralAndAdministrative": "12559000", "researchAndDevelopment": "None", "operatingExpenses": "41788000", "investmentIncomeNet": "None", "netInterestIncome": "207032000", "interestIncome": "251702000", "interestExpense": "44670000", "nonInterestIncome": "None", "otherNonOperatingIncome": "None", "depreciation": "None", "depreciationAndAmortization": "1402000", "incomeBeforeTax": "39867000", "incomeTaxExpense": "8896000", "interestAndDebtExpense": "None", "netIncomeFromContinuingOperations": "30971000", "comprehensiveIncomeNetOfTax": "None", "ebit": "39867000", "ebitda": "41269000", "netIncome": "31303000"}, {"fiscalDateEnding": "2024-09-30", "reportedCurrency": "USD", "grossProfit": "72291000", "totalRevenue": "119416000", "costOfRevenue": "47125000", "costofGoodsAndServicesSold": "47125000", "operatingIncome": "37286000", "sellingGeneralAndAdministrative": "12299000", "researchAndDevelopment": "None", "operatingExpenses": "35005000", "investmentIncomeNet": "None", "netInterestIncome": "212897000", "interestIncome": "255389000", "interestExpense": "42492000", "nonInterestIncome": "None", "otherNonOperatingIncome": "None", "depreciation": "None", "depreciationAndAmortization": "1281000", "incomeBeforeTax": "37286000", "incomeTaxExpense": "8097000", "interestAndDebtExpense": "None", "netIncomeFromContinuingOperations": "29189000", "comprehensiveIncomeNetOfTax": "None", "ebit": "37286000", "ebitda": "38567000", "netIncome": "29543000"}, {"fiscalDateEnding": "2024-06-30", "reportedCurrency": "USD", "grossProfit": "62380000", "totalRevenue": "102074000", "costOfRevenue": "39694000", "costofGoodsAndServicesSold": "39694000", "operatingIncome": "28603000", "sellingGeneralAndAdministrative": "11973000", "researchAndDevelopment": "None", "operatingExpenses": "33777000", "investmentIncomeNet": "None", "netInterestIncome": "204401000", "interestIncome": "242349000", "interestExpense": "37948000", "nonInterestIncome": "None", "otherNonOperatingIncome": "None", "depreciation": "None", "depreciationAndAmortization": "1253000", "incomeBeforeTax": "28603000", "incomeTaxExpense": "4476000", "interestAndDebtExpense": "None", "netIncomeFromContinuingOperations": "24127000", "comprehensiveIncomeNetOfTax": "None", "ebit": "28603000", "ebitda": "29856000", "netIncome": "24280000"}, {"fiscalDateEnding": "2024-03-31", "reportedCurrency": "USD", "grossProfit": "66706000", "totalRevenue": "104713000", "costOfRevenue": "38007000", "costofGoodsAndServicesSold": "38007000", "operatingIncome": "32821000", "sellingGeneralAndAdministrative": "13312000", "researchAndDevelopment": "None", "operatingExpenses": "33885000", "investmentIncomeNet": "None", "netInterestIncome": "195311000", "interestIncome": "230374000", "interestExpense": "35063000", "nonInterestIncome": "None", "otherNonOperatingIncome": "None", "depreciation": "None", "depreciationAndAmortization": "1251000", "incomeBeforeTax": "32821000", "incomeTaxExpense": "7002000", "interestAndDebtExpense": "None", "netIncomeFromContinuingOperations": "25819000", "comprehensiveIncomeNetOfTax": "None", "ebit": "32821000", "ebitda": "34072000", "netIncome": "26170000"}, {"fiscalDateEnding": "2023-12-31", "reportedCurrency": "USD", "grossProfit": "65191000", "totalRevenue": "98411000", "costOfRevenue": "33220000", "costofGoodsAndServicesSold": "33220000", "operatingIncome": "30705000", "sellingGeneralAndAdministrative": "11313000", "researchAndDevelopment": "None", "operatingExpenses": "34486000", "investmentIncomeNet": "None", "netInterestIncome": "192079000", "interestIncome": "224698000", "interestExpense": "32619000", "nonInterestIncome": "None", "otherNonOperatingIncome": "None", "depreciation": "None", "depreciationAndAmortization": "1258000", "incomeBeforeTax": "30705000", "incomeTaxExpense": "4432000", "interestAndDebtExpense": "None", "netIncomeFromContinuingOperations": "26273000", "comprehensiveIncomeNetOfTax": "None", "ebit": "30705000", "ebitda": "31963000", "netIncome": "26304000"}, {"fiscalDateEnding": "2023-09-30", "reportedCurrency": "USD", "grossProfit": "62377000", "totalRevenue": "91189000", "costOfRevenue": "28812000", "costofGoodsAndServicesSold": "28812000", "operatingIncome": "31758000", "sellingGeneralAndAdministrative": "11360000", "researchAndDevelopment": "None", "operatingExpenses": "30619000", "investmentIncomeNet": "None", "netInterestIncome": "196408000", "interestIncome": "224682000", "interestExpense": "28274000", "nonInterestIncome": "None", "otherNonOperatingIncome": "None", "depreciation": "None", "depreciationAndAmortization": "1089000", "incomeBeforeTax": "31758000", "incomeTaxExpense": "6785000", "interestAndDebtExpense": "None", "netIncomeFromContinuingOperations": "24973000", "comprehensiveIncomeNetOfTax": "None", "ebit": "31758000", "ebitda": "32847000", "netIncome": "25240000"}, {"fiscalDateEnding": "2023-06-30", "reportedCurrency": "USD", "grossProfit": "64671000", "totalRevenue": "89195000", "costOfRevenue": "24524000", "costofGoodsAndServicesSold": "24524000", "operatingIncome": "32013000", "sellingGeneralAndAdministrative": "10629000", "researchAndDevelopment": "None", "operatingExpenses": "32658000", "investmentIncomeNet": "None", "netInterestIncome": "195827000", "interestIncome": "220042000", "interestExpense": "24215000", "nonInterestIncome": "None", "otherNonOperatingIncome": "None", "depreciation": "None", "depreciationAndAmortization": "852000", "incomeBeforeTax": "32013000", "incomeTaxExpense": "7199000", "interestAndDebtExpense": "None", "netIncomeFromContinuingOperations": "24814000", "comprehensiveIncomeNetOfTax": "None", "ebit": "32013000", "ebitda": "32865000", "netIncome": "25089000"}, {"fiscalDateEnding": "2023-03-31", "reportedCurrency": "USD", "grossProfit": "51987000", "totalRevenue": "62650000", "costOfRevenue": "10663000", "costofGoodsAndServicesSold": "10663000", "operatingIncome": "207998000", "sellingGeneralAndAdministrative": "10604000", "researchAndDevelopment": "None", "operatingExpenses": "41536000", "investmentIncomeNet": "None", "netInterestIncome": "185467000", "interestIncome": "209701000", "interestExpense": "24234000", "nonInterestIncome": "None", "otherNonOperatingIncome": "None", "depreciation": "None", "depreciationAndAmortization": "844000", "incomeBeforeTax": "34082000", "incomeTaxExpense": "8188000", "interestAndDebtExpense": "None", "netIncomeFromContinuingOperations": "25894000", "comprehensiveIncomeNetOfTax": "None", "ebit": "207998000", "ebitda": "208842000", "netIncome": "19985000"}, {"fiscalDateEnding": "2022-12-31", "reportedCurrency": "USD", "grossProfit": "25395000", "totalRevenue": "58904000", "costOfRevenue": "33509000", "costofGoodsAndServicesSold": "33509000", "operatingIncome": "155697000", "sellingGeneralAndAdministrative": "11175000", "researchAndDevelopment": "None", "operatingExpenses": "151650000", "investmentIncomeNet": "None", "netInterestIncome": "187864000", "interestIncome": "211866000", "interestExpense": "24002000", "nonInterestIncome": "None", "otherNonOperatingIncome": "None", "depreciation": "None", "depreciationAndAmortization": "754000", "incomeBeforeTax": "29782000", "incomeTaxExpense": "6092000", "interestAndDebtExpense": "None", "netIncomeFromContinuingOperations": "23690000", "comprehensiveIncomeNetOfTax": "None", "ebit": "155697000", "ebitda": "156451000", "netIncome": "23991000"}, {"fiscalDateEnding": "2022-09-30", "reportedCurrency": "USD", "grossProfit": "67660000", "totalRevenue": "89555000", "costOfRevenue": "21895000", "costofGoodsAndServicesSold": "21895000", "operatingIncome": "39316000", "sellingGeneralAndAdministrative": "10363000", "researchAndDevelopment": "None", "operatingExpenses": "28344000", "investmentIncomeNet": "None", "netInterestIncome": "196502000", "interestIncome": "218016000", "interestExpense": "21514000", "nonInterestIncome": "None", "otherNonOperatingIncome": "None", "depreciation": "None", "depreciationAndAmortization": "694000", "incomeBeforeTax": "39316000", "incomeTaxExpense": "6946000", "interestAndDebtExpense": "None", "netIncomeFromContinuingOperations": "32370000", "comprehensiveIncomeNetOfTax": "None", "ebit": "39316000", "ebitda": "40010000", "netIncome": "32571000"}, {"fiscalDateEnding": "2022-06-30", "reportedCurrency": "USD", "grossProfit": "80372000", "totalRevenue": "99479000", "costOfRevenue": "19107000", "costofGoodsAndServicesSold": "19107000", "operatingIncome": "42540000", "sellingGeneralAndAdministrative": "10099000", "researchAndDevelopment": "None", "operatingExpenses": "37832000", "investmentIncomeNet": "None", "netInterestIncome": "172622000", "interestIncome": "191547000", "interestExpense": "18925000", "nonInterestIncome": "None", "otherNonOperatingIncome": "None", "depreciation": "None", "depreciationAndAmortization": "1484000", "incomeBeforeTax": "42540000", "incomeTaxExpense": "8743000", "interestAndDebtExpense": "None", "netIncomeFromContinuingOperations": "33797000", "comprehensiveIncomeNetOfTax": "None", "ebit": "42540000", "ebitda": "44024000", "netIncome": "34025000"}, {"fiscalDateEnding": "2022-03-31", "reportedCurrency": "USD", "grossProfit": "84919000", "totalRevenue": "102476000", "costOfRevenue": "17557000", "costofGoodsAndServicesSold": "17557000", "operatingIncome": "37634000", "sellingGeneralAndAdministrative": "11426000", "researchAndDevelopment": "None", "operatingExpenses": "47285000", "investmentIncomeNet": "None", "netInterestIncome": "147396000", "interestIncome": "164806000", "interestExpense": "17410000", "nonInterestIncome": "None", "otherNonOperatingIncome": "None", "depreciation": "None", "depreciationAndAmortization": "1916000", "incomeBeforeTax": "37634000", "incomeTaxExpense": "-7121000", "interestAndDebtExpense": "None", "netIncomeFromContinuingOperations": "44755000", "comprehensiveIncomeNetOfTax": "None", "ebit": "37634000", "ebitda": "39550000", "netIncome": "45010000"}, {"fiscalDateEnding": "2021-12-31", "reportedCurrency": "USD", "grossProfit": "95301000", "totalRevenue": "122956000", "costOfRevenue": "27655000", "costofGoodsAndServicesSold": "27655000", "operatingIncome": "62955000", "sellingGeneralAndAdministrative": "9447000", "researchAndDevelopment": "None", "operatingExpenses": "32346000", "investmentIncomeNet": "None", "netInterestIncome": "136987000", "interestIncome": "152656000", "interestExpense": "15669000", "nonInterestIncome": "None", "otherNonOperatingIncome": "None", "depreciation": "None", "depreciationAndAmortization": "2046000", "incomeBeforeTax": "62955000", "incomeTaxExpense": "13116000", "interestAndDebtExpense": "None", "netIncomeFromContinuingOperations": "49839000", "comprehensiveIncomeNetOfTax": "None", "ebit": "62955000", "ebitda": "65001000", "netIncome": "49977000"}, {"fiscalDateEnding": "2021-09-30", "reportedCurrency": "USD", "grossProfit": "104375000", "totalRevenue": "125983000", "costOfRevenue": "21608000", "costofGoodsAndServicesSold": "21608000", "operatingIncome": "57878000", "sellingGeneralAndAdministrative": "8455000", "researchAndDevelopment": "None", "operatingExpenses": "46497000", "investmentIncomeNet": "None", "netInterestIncome": "128807000", "interestIncome": "141177000", "interestExpense": "12370000", "nonInterestIncome": "None", "otherNonOperatingIncome": "-16184000", "depreciation": "None", "depreciationAndAmortization": "-1279000", "incomeBeforeTax": "57878000", "incomeTaxExpense": "10781000", "interestAndDebtExpense": "None", "netIncomeFromContinuingOperations": "47097000", "comprehensiveIncomeNetOfTax": "None", "ebit": "57878000", "ebitda": "56599000", "netIncome": "46974000"}, {"fiscalDateEnding": "2021-06-30", "reportedCurrency": "USD", "grossProfit": "80244000", "totalRevenue": "105130000", "costOfRevenue": "24886000", "costofGoodsAndServicesSold": "24886000", "operatingIncome": "46943000", "sellingGeneralAndAdministrative": "7883000", "researchAndDevelopment": "None", "operatingExpenses": "33301000", "investmentIncomeNet": "None", "netInterestIncome": "108864000", "interestIncome": "122654000", "interestExpense": "13790000", "nonInterestIncome": "None", "otherNonOperatingIncome": "-5448000", "depreciation": "None", "depreciationAndAmortization": "883000", "incomeBeforeTax": "46943000", "incomeTaxExpense": "10117000", "interestAndDebtExpense": "None", "netIncomeFromContinuingOperations": "36826000", "comprehensiveIncomeNetOfTax": "None", "ebit": "46943000", "ebitda": "47826000", "netIncome": "36876000"}, {"fiscalDateEnding": "2021-03-31", "reportedCurrency": "USD", "grossProfit": "83424000", "totalRevenue": "99857000", "costOfRevenue": "16433000", "costofGoodsAndServicesSold": "16433000", "operatingIncome": "51797000", "sellingGeneralAndAdministrative": "8239000", "researchAndDevelopment": "None", "operatingExpenses": "31627000", "investmentIncomeNet": "None", "netInterestIncome": "89998000", "interestIncome": "102296000", "interestExpense": "12298000", "nonInterestIncome": "None", "otherNonOperatingIncome": "-7807000", "depreciation": "None", "depreciationAndAmortization": "844000", "incomeBeforeTax": "51797000", "incomeTaxExpense": "7770000", "interestAndDebtExpense": "None", "netIncomeFromContinuingOperations": "44027000", "comprehensiveIncomeNetOfTax": "None", "ebit": "51797000", "ebitda": "52641000", "netIncome": "44075000"}, {"fiscalDateEnding": "2020-12-31", "reportedCurrency": "USD", "grossProfit": "53472000", "totalRevenue": "88400000", "costOfRevenue": "34928000", "costofGoodsAndServicesSold": "34928000", "operatingIncome": "31389000", "sellingGeneralAndAdministrative": "8437000", "researchAndDevelopment": "None", "operatingExpenses": "22083000", "investmentIncomeNet": "None", "netInterestIncome": "90680000", "interestIncome": "103714000", "interestExpense": "13034000", "nonInterestIncome": "None", "otherNonOperatingIncome": "None", "depreciation": "None", "depreciationAndAmortization": "1993000", "incomeBeforeTax": "31389000", "incomeTaxExpense": "4758000", "interestAndDebtExpense": "None", "netIncomeFromContinuingOperations": "26631000", "comprehensiveIncomeNetOfTax": "None", "ebit": "31389000", "ebitda": "33382000", "netIncome": "26675000"}, {"fiscalDateEnding": "2020-09-30", "reportedCurrency": "USD", "grossProfit": "66175000", "totalRevenue": "95881000", "costOfRevenue": "29706000", "costofGoodsAndServicesSold": "29706000", "operatingIncome": "48263000", "sellingGeneralAndAdministrative": "6624000", "researchAndDevelopment": "None", "operatingExpenses": "17912000", "investmentIncomeNet": "None", "netInterestIncome": "90964000", "interestIncome": "103642000", "interestExpense": "12678000", "nonInterestIncome": "None", "otherNonOperatingIncome": "None", "depreciation": "None", "depreciationAndAmortization": "2004000", "incomeBeforeTax": "48263000", "incomeTaxExpense": "9456000", "interestAndDebtExpense": "None", "netIncomeFromContinuingOperations": "38807000", "comprehensiveIncomeNetOfTax": "None", "ebit": "48263000", "ebitda": "50267000", "netIncome": "38855000"}, {"fiscalDateEnding": "2020-06-30", "reportedCurrency": "USD", "grossProfit": "49696000", "totalRevenue": "94478000", "costOfRevenue": "44782000", "costofGoodsAndServicesSold": "44782000", "operatingIncome": "28092000", "sellingGeneralAndAdministrative": "6508000", "researchAndDevelopment": "None", "operatingExpenses": "21604000", "investmentIncomeNet": "None", "netInterestIncome": "87861000", "interestIncome": "100113000", "interestExpense": "12252000", "nonInterestIncome": "None", "otherNonOperatingIncome": "79000", "depreciation": "None", "depreciationAndAmortization": "1993000", "incomeBeforeTax": "28092000", "incomeTaxExpense": "4975000", "interestAndDebtExpense": "None", "netIncomeFromContinuingOperations": "23117000", "comprehensiveIncomeNetOfTax": "None", "ebit": "28092000", "ebitda": "30085000", "netIncome": "23165000"}, {"fiscalDateEnding": "2020-03-31", "reportedCurrency": "USD", "grossProfit": "28560000", "totalRevenue": "109480000", "costOfRevenue": "80920000", "costofGoodsAndServicesSold": "80920000", "operatingIncome": "6647000", "sellingGeneralAndAdministrative": "7510000", "researchAndDevelopment": "None", "operatingExpenses": "21913000", "investmentIncomeNet": "None", "netInterestIncome": "89563000", "interestIncome": "103147000", "interestExpense": "13584000", "nonInterestIncome": "None", "otherNonOperatingIncome": "-66000", "depreciation": "None", "depreciationAndAmortization": "1962000", "incomeBeforeTax": "6647000", "incomeTaxExpense": "1285000", "interestAndDebtExpense": "None", "netIncomeFromContinuingOperations": "5362000", "comprehensiveIncomeNetOfTax": "None", "ebit": "6647000", "ebitda": "8609000", "netIncome": "5425000"}, {"fiscalDateEnding": "2019-12-31", "reportedCurrency": "USD", "grossProfit": "22770000", "totalRevenue": "137267000", "costOfRevenue": "114497000", "costofGoodsAndServicesSold": "114497000", "operatingIncome": "1940000", "sellingGeneralAndAdministrative": "6774000", "researchAndDevelopment": "None", "operatingExpenses": "20830000", "investmentIncomeNet": "None", "netInterestIncome": "70507000", "interestIncome": "84978000", "interestExpense": "14471000", "nonInterestIncome": "None", "otherNonOperatingIncome": "265000", "depreciation": "None", "depreciationAndAmortization": "1957000", "incomeBeforeTax": "1940000", "incomeTaxExpense": "-413000", "interestAndDebtExpense": "None", "netIncomeFromContinuingOperations": "2353000", "comprehensiveIncomeNetOfTax": "None", "ebit": "1940000", "ebitda": "3897000", "netIncome": "2409000"}, {"fiscalDateEnding": "2019-09-30", "reportedCurrency": "USD", "grossProfit": "29890000", "totalRevenue": "108706000", "costOfRevenue": "78816000", "costofGoodsAndServicesSold": "78816000", "operatingIncome": "16498000", "sellingGeneralAndAdministrative": "6429000", "researchAndDevelopment": "None", "operatingExpenses": "13392000", "investmentIncomeNet": "None", "netInterestIncome": "57482000", "interestIncome": "70581000", "interestExpense": "13099000", "nonInterestIncome": "None", "otherNonOperatingIncome": "284000", "depreciation": "None", "depreciationAndAmortization": "1961000", "incomeBeforeTax": "16498000", "incomeTaxExpense": "3478000", "interestAndDebtExpense": "None", "netIncomeFromContinuingOperations": "13020000", "comprehensiveIncomeNetOfTax": "None", "ebit": "16498000", "ebitda": "18459000", "netIncome": "13077000"}, {"fiscalDateEnding": "2019-06-30", "reportedCurrency": "USD", "grossProfit": "26604000", "totalRevenue": "87303000", "costOfRevenue": "60699000", "costofGoodsAndServicesSold": "60699000", "operatingIncome": "7432000", "sellingGeneralAndAdministrative": "6435000", "researchAndDevelopment": "None", "operatingExpenses": "19172000", "investmentIncomeNet": "None", "netInterestIncome": "43186000", "interestIncome": "55200000", "interestExpense": "12014000", "nonInterestIncome": "None", "otherNonOperatingIncome": "225000", "depreciation": "None", "depreciationAndAmortization": "2006000", "incomeBeforeTax": "7432000", "incomeTaxExpense": "2250000", "interestAndDebtExpense": "None", "netIncomeFromContinuingOperations": "5182000", "comprehensiveIncomeNetOfTax": "None", "ebit": "7432000", "ebitda": "9438000", "netIncome": "5244000"}, {"fiscalDateEnding": "2019-03-31", "reportedCurrency": "USD", "grossProfit": "21936000", "totalRevenue": "67934000", "costOfRevenue": "45998000", "costofGoodsAndServicesSold": "45998000", "operatingIncome": "5893000", "sellingGeneralAndAdministrative": "6591000", "researchAndDevelopment": "None", "operatingExpenses": "16043000", "investmentIncomeNet": "None", "netInterestIncome": "39313000", "interestIncome": "50459000", "interestExpense": "11146000", "nonInterestIncome": "None", "otherNonOperatingIncome": "227000", "depreciation": "None", "depreciationAndAmortization": "1769000", "incomeBeforeTax": "5893000", "incomeTaxExpense": "238000", "interestAndDebtExpense": "None", "netIncomeFromContinuingOperations": "5655000", "comprehensiveIncomeNetOfTax": "None", "ebit": "5893000", "ebitda": "7662000", "netIncome": "5713000"}, {"fiscalDateEnding": "2018-12-31", "reportedCurrency": "USD", "grossProfit": "33575000", "totalRevenue": "77456000", "costOfRevenue": "43881000", "costofGoodsAndServicesSold": "43881000", "operatingIncome": "23529000", "sellingGeneralAndAdministrative": "5692000", "researchAndDevelopment": "0", "operatingExpenses": "10046000", "investmentIncomeNet": "None", "netInterestIncome": "None", "interestIncome": "None", "interestExpense": "10655000", "nonInterestIncome": "None", "otherNonOperatingIncome": "630000", "depreciation": "None", "depreciationAndAmortization": "289000", "incomeBeforeTax": "23529000", "incomeTaxExpense": "603000", "interestAndDebtExpense": "None", "netIncomeFromContinuingOperations": "22926000", "comprehensiveIncomeNetOfTax": "None", "ebit": "23529000", "ebitda": "23818000", "netIncome": "22988000"}, {"fiscalDateEnding": "2018-09-30", "reportedCurrency": "USD", "grossProfit": "-1131000", "totalRevenue": "42905000", "costOfRevenue": "44036000", "costofGoodsAndServicesSold": "44036000", "operatingIncome": "-16049000", "sellingGeneralAndAdministrative": "5838000", "researchAndDevelopment": "0", "operatingExpenses": "14918000", "investmentIncomeNet": "None", "netInterestIncome": "None", "interestIncome": "None", "interestExpense": "9281000", "nonInterestIncome": "None", "otherNonOperatingIncome": "-49000", "depreciation": "None", "depreciationAndAmortization": "234000", "incomeBeforeTax": "-16049000", "incomeTaxExpense": "121000", "interestAndDebtExpense": "None", "netIncomeFromContinuingOperations": "-16170000", "comprehensiveIncomeNetOfTax": "None", "ebit": "-16049000", "ebitda": "-15815000", "netIncome": "-16092000"}, {"fiscalDateEnding": "2018-06-30", "reportedCurrency": "USD", "grossProfit": "12310000", "totalRevenue": "36241000", "costOfRevenue": "23931000", "costofGoodsAndServicesSold": "23931000", "operatingIncome": "577000", "sellingGeneralAndAdministrative": "5602000", "researchAndDevelopment": "0", "operatingExpenses": "11733000", "investmentIncomeNet": "None", "netInterestIncome": "None", "interestIncome": "None", "interestExpense": "8807000", "nonInterestIncome": "None", "otherNonOperatingIncome": "None", "depreciation": "None", "depreciationAndAmortization": "235000", "incomeBeforeTax": "577000", "incomeTaxExpense": "-4998000", "interestAndDebtExpense": "None", "netIncomeFromContinuingOperations": "5575000", "comprehensiveIncomeNetOfTax": "None", "ebit": "577000", "ebitda": "812000", "netIncome": "5630000"}, {"fiscalDateEnding": "2018-03-31", "reportedCurrency": "USD", "grossProfit": "7989000", "totalRevenue": "33924000", "costOfRevenue": "25935000", "costofGoodsAndServicesSold": "25935000", "operatingIncome": "-4575000", "sellingGeneralAndAdministrative": "6298000", "researchAndDevelopment": "0", "operatingExpenses": "12564000", "investmentIncomeNet": "None", "netInterestIncome": "None", "interestIncome": "None", "interestExpense": "8153000", "nonInterestIncome": "None", "otherNonOperatingIncome": "None", "depreciation": "None", "depreciationAndAmortization": "229000", "incomeBeforeTax": "-4575000", "incomeTaxExpense": "144000", "interestAndDebtExpense": "None", "netIncomeFromContinuingOperations": "-4719000", "comprehensiveIncomeNetOfTax": "None", "ebit": "-4575000", "ebitda": "-4346000", "netIncome": "-4670000"}, {"fiscalDateEnding": "2017-12-31", "reportedCurrency": "USD", "grossProfit": "1606000", "totalRevenue": "21909000", "costOfRevenue": "50482000", "costofGoodsAndServicesSold": "50482000", "operatingIncome": "-45757000", "sellingGeneralAndAdministrative": "6437000", "researchAndDevelopment": "0", "operatingExpenses": "56000000", "investmentIncomeNet": "None", "netInterestIncome": "None", "interestIncome": "None", "interestExpense": "8196000", "nonInterestIncome": "None", "otherNonOperatingIncome": "None", "depreciation": "None", "depreciationAndAmortization": "232000", "incomeBeforeTax": "-20881000", "incomeTaxExpense": "-2531000", "interestAndDebtExpense": "None", "netIncomeFromContinuingOperations": "-18350000", "comprehensiveIncomeNetOfTax": "None", "ebit": "-20881000", "ebitda": "None", "netIncome": "-18258000"}, {"fiscalDateEnding": "2017-09-30", "reportedCurrency": "USD", "grossProfit": "-2547000", "totalRevenue": "26415000", "costOfRevenue": "28962000", "costofGoodsAndServicesSold": "28962000", "operatingIncome": "-14490000", "sellingGeneralAndAdministrative": "5589000", "researchAndDevelopment": "0", "operatingExpenses": "11943000", "investmentIncomeNet": "None", "netInterestIncome": "None", "interestIncome": "None", "interestExpense": "7268000", "nonInterestIncome": "None", "otherNonOperatingIncome": "None", "depreciation": "None", "depreciationAndAmortization": "236000", "incomeBeforeTax": "-14490000", "incomeTaxExpense": "-22000", "interestAndDebtExpense": "None", "netIncomeFromContinuingOperations": "-14468000", "comprehensiveIncomeNetOfTax": "None", "ebit": "-14490000", "ebitda": "-14254000", "netIncome": "-14467000"}, {"fiscalDateEnding": "2017-06-30", "reportedCurrency": "USD", "grossProfit": "2537000", "totalRevenue": "24181000", "costOfRevenue": "21644000", "costofGoodsAndServicesSold": "21644000", "operatingIncome": "-13224000", "sellingGeneralAndAdministrative": "5733000", "researchAndDevelopment": "0", "operatingExpenses": "15761000", "investmentIncomeNet": "None", "netInterestIncome": "None", "interestIncome": "None", "interestExpense": "6419000", "nonInterestIncome": "None", "otherNonOperatingIncome": "None", "depreciation": "None", "depreciationAndAmortization": "243000", "incomeBeforeTax": "-13224000", "incomeTaxExpense": "-4443000", "interestAndDebtExpense": "None", "netIncomeFromContinuingOperations": "-8781000", "comprehensiveIncomeNetOfTax": "None", "ebit": "-13224000", "ebitda": "-12981000", "netIncome": "-8784000"}, {"fiscalDateEnding": "2017-03-31", "reportedCurrency": "USD", "grossProfit": "14203000", "totalRevenue": "22822000", "costOfRevenue": "8619000", "costofGoodsAndServicesSold": "8619000", "operatingIncome": "1345000", "sellingGeneralAndAdministrative": "5780000", "researchAndDevelopment": "0", "operatingExpenses": "12858000", "investmentIncomeNet": "None", "netInterestIncome": "None", "interestIncome": "None", "interestExpense": "5817000", "nonInterestIncome": "None", "otherNonOperatingIncome": "None", "depreciation": "None", "depreciationAndAmortization": "310000", "incomeBeforeTax": "1345000", "incomeTaxExpense": "618000", "interestAndDebtExpense": "None", "netIncomeFromContinuingOperations": "727000", "comprehensiveIncomeNetOfTax": "None", "ebit": "1345000", "ebitda": "1655000", "netIncome": "728000"}, {"fiscalDateEnding": "2016-12-31", "reportedCurrency": "USD", "grossProfit": "1258000", "totalRevenue": "17992000", "costOfRevenue": "16734000", "costofGoodsAndServicesSold": "16734000", "operatingIncome": "-4305000", "sellingGeneralAndAdministrative": "5784000", "researchAndDevelopment": "0", "operatingExpenses": "5563000", "investmentIncomeNet": "None", "netInterestIncome": "None", "interestIncome": "None", "interestExpense": "5514000", "nonInterestIncome": "None", "otherNonOperatingIncome": "None", "depreciation": "None", "depreciationAndAmortization": "428000", "incomeBeforeTax": "-4305000", "incomeTaxExpense": "-2204000", "interestAndDebtExpense": "None", "netIncomeFromContinuingOperations": "-2101000", "comprehensiveIncomeNetOfTax": "None", "ebit": "-4305000", "ebitda": "-3877000", "netIncome": "-2100000"}, {"fiscalDateEnding": "2016-09-30", "reportedCurrency": "USD", "grossProfit": "-3080000", "totalRevenue": "18091000", "costOfRevenue": "21171000", "costofGoodsAndServicesSold": "21171000", "operatingIncome": "-13731000", "sellingGeneralAndAdministrative": "6329000", "researchAndDevelopment": "0", "operatingExpenses": "10651000", "investmentIncomeNet": "None", "netInterestIncome": "None", "interestIncome": "None", "interestExpense": "5257000", "nonInterestIncome": "None", "otherNonOperatingIncome": "None", "depreciation": "None", "depreciationAndAmortization": "794000", "incomeBeforeTax": "-13731000", "incomeTaxExpense": "-4666000", "interestAndDebtExpense": "None", "netIncomeFromContinuingOperations": "-9065000", "comprehensiveIncomeNetOfTax": "None", "ebit": "-13731000", "ebitda": "-12937000", "netIncome": "-9065000"}, {"fiscalDateEnding": "2016-06-30", "reportedCurrency": "USD", "grossProfit": "11708000", "totalRevenue": "21171000", "costOfRevenue": "9463000", "costofGoodsAndServicesSold": "9463000", "operatingIncome": "930000", "sellingGeneralAndAdministrative": "6181000", "researchAndDevelopment": "0", "operatingExpenses": "10778000", "investmentIncomeNet": "None", "netInterestIncome": "None", "interestIncome": "None", "interestExpense": "4792000", "nonInterestIncome": "None", "otherNonOperatingIncome": "None", "depreciation": "None", "depreciationAndAmortization": "2099000", "incomeBeforeTax": "930000", "incomeTaxExpense": "657000", "interestAndDebtExpense": "None", "netIncomeFromContinuingOperations": "273000", "comprehensiveIncomeNetOfTax": "None", "ebit": "930000", "ebitda": "3029000", "netIncome": "277000"}, {"fiscalDateEnding": "2016-03-31", "reportedCurrency": "USD", "grossProfit": "14192000", "totalRevenue": "18656000", "costOfRevenue": "4464000", "costofGoodsAndServicesSold": "4464000", "operatingIncome": "4750000", "sellingGeneralAndAdministrative": "5732000", "researchAndDevelopment": "0", "operatingExpenses": "9442000", "investmentIncomeNet": "None", "netInterestIncome": "None", "interestIncome": "None", "interestExpense": "4644000", "nonInterestIncome": "None", "otherNonOperatingIncome": "None", "depreciation": "None", "depreciationAndAmortization": "4156000", "incomeBeforeTax": "4750000", "incomeTaxExpense": "198000", "interestAndDebtExpense": "None", "netIncomeFromContinuingOperations": "4552000", "comprehensiveIncomeNetOfTax": "None", "ebit": "4750000", "ebitda": "8906000", "netIncome": "4553000"}, {"fiscalDateEnding": "2015-12-31", "reportedCurrency": "USD", "grossProfit": "19873000", "totalRevenue": "22927000", "costOfRevenue": "3054000", "costofGoodsAndServicesSold": "3054000", "operatingIncome": "-175000", "sellingGeneralAndAdministrative": "6683000", "researchAndDevelopment": "0", "operatingExpenses": "20048000", "investmentIncomeNet": "None", "netInterestIncome": "None", "interestIncome": "None", "interestExpense": "4591000", "nonInterestIncome": "None", "otherNonOperatingIncome": "None", "depreciation": "None", "depreciationAndAmortization": "7578000", "incomeBeforeTax": "-175000", "incomeTaxExpense": "1910000", "interestAndDebtExpense": "None", "netIncomeFromContinuingOperations": "-2085000", "comprehensiveIncomeNetOfTax": "None", "ebit": "-175000", "ebitda": "7403000", "netIncome": "-2084000"}, {"fiscalDateEnding": "2015-09-30", "reportedCurrency": "USD", "grossProfit": "19847000", "totalRevenue": "25001000", "costOfRevenue": "5154000", "costofGoodsAndServicesSold": "5154000", "operatingIncome": "-474000", "sellingGeneralAndAdministrative": "4700000", "researchAndDevelopment": "0", "operatingExpenses": "20321000", "investmentIncomeNet": "None", "netInterestIncome": "None", "interestIncome": "None", "interestExpense": "4653000", "nonInterestIncome": "None", "otherNonOperatingIncome": "None", "depreciation": "None", "depreciationAndAmortization": "10308000", "incomeBeforeTax": "-474000", "incomeTaxExpense": "-903000", "interestAndDebtExpense": "None", "netIncomeFromContinuingOperations": "429000", "comprehensiveIncomeNetOfTax": "None", "ebit": "-474000", "ebitda": "9834000", "netIncome": "433000"}, {"fiscalDateEnding": "2015-06-30", "reportedCurrency": "USD", "grossProfit": "21425000", "totalRevenue": "21924000", "costOfRevenue": "499000", "costofGoodsAndServicesSold": "499000", "operatingIncome": "2836000", "sellingGeneralAndAdministrative": "4322000", "researchAndDevelopment": "0", "operatingExpenses": "18589000", "investmentIncomeNet": "None", "netInterestIncome": "None", "interestIncome": "None", "interestExpense": "4529000", "nonInterestIncome": "None", "otherNonOperatingIncome": "None", "depreciation": "None", "depreciationAndAmortization": "9897000", "incomeBeforeTax": "2836000", "incomeTaxExpense": "1440000", "interestAndDebtExpense": "None", "netIncomeFromContinuingOperations": "1396000", "comprehensiveIncomeNetOfTax": "None", "ebit": "2836000", "ebitda": "12733000", "netIncome": "1397000"}, {"fiscalDateEnding": "2015-03-31", "reportedCurrency": "USD", "grossProfit": "25259000", "totalRevenue": "22612000", "costOfRevenue": "-2647000", "costofGoodsAndServicesSold": "-2647000", "operatingIncome": "1348000", "sellingGeneralAndAdministrative": "4120000", "researchAndDevelopment": "0", "operatingExpenses": "23911000", "investmentIncomeNet": "None", "netInterestIncome": "None", "interestIncome": "None", "interestExpense": "4557000", "nonInterestIncome": "None", "otherNonOperatingIncome": "None", "depreciation": "None", "depreciationAndAmortization": "12782000", "incomeBeforeTax": "1348000", "incomeTaxExpense": "-618000", "interestAndDebtExpense": "None", "netIncomeFromContinuingOperations": "1966000", "comprehensiveIncomeNetOfTax": "None", "ebit": "1348000", "ebitda": "14130000", "netIncome": "1967000"}, {"fiscalDateEnding": "2014-12-31", "reportedCurrency": "USD", "grossProfit": "15867000", "totalRevenue": "23033000", "costOfRevenue": "7166000", "costofGoodsAndServicesSold": "7166000", "operatingIncome": "-2853000", "sellingGeneralAndAdministrative": "5471000", "researchAndDevelopment": "2700000", "operatingExpenses": "18720000", "investmentIncomeNet": "None", "netInterestIncome": "None", "interestIncome": "None", "interestExpense": "5601000", "nonInterestIncome": "None", "otherNonOperatingIncome": "None", "depreciation": "None", "depreciationAndAmortization": "15466000", "incomeBeforeTax": "-2853000", "incomeTaxExpense": "-38227000", "interestAndDebtExpense": "None", "netIncomeFromContinuingOperations": "35374000", "comprehensiveIncomeNetOfTax": "None", "ebit": "-2853000", "ebitda": "12613000", "netIncome": "35375000"}, {"fiscalDateEnding": "2014-09-30", "reportedCurrency": "USD", "grossProfit": "19142000", "totalRevenue": "33218000", "costOfRevenue": "14076000", "costofGoodsAndServicesSold": "14076000", "operatingIncome": "-4906000", "sellingGeneralAndAdministrative": "4544000", "researchAndDevelopment": "0", "operatingExpenses": "24048000", "investmentIncomeNet": "None", "netInterestIncome": "None", "interestIncome": "None", "interestExpense": "6106000", "nonInterestIncome": "None", "otherNonOperatingIncome": "None", "depreciation": "None", "depreciationAndAmortization": "11220000", "incomeBeforeTax": "-4906000", "incomeTaxExpense": "940000", "interestAndDebtExpense": "None", "netIncomeFromContinuingOperations": "-5846000", "comprehensiveIncomeNetOfTax": "None", "ebit": "-4906000", "ebitda": "6314000", "netIncome": "-5846000"}, {"fiscalDateEnding": "2014-06-30", "reportedCurrency": "USD", "grossProfit": "16464000", "totalRevenue": "29303000", "costOfRevenue": "12839000", "costofGoodsAndServicesSold": "12839000", "operatingIncome": "-10505000", "sellingGeneralAndAdministrative": "4664000", "researchAndDevelopment": "0", "operatingExpenses": "26969000", "investmentIncomeNet": "None", "netInterestIncome": "None", "interestIncome": "None", "interestExpense": "6158000", "nonInterestIncome": "None", "otherNonOperatingIncome": "None", "depreciation": "None", "depreciationAndAmortization": "16509000", "incomeBeforeTax": "-10505000", "incomeTaxExpense": "673000", "interestAndDebtExpense": "None", "netIncomeFromContinuingOperations": "-11178000", "comprehensiveIncomeNetOfTax": "None", "ebit": "-10505000", "ebitda": "6004000", "netIncome": "-11178000"}, {"fiscalDateEnding": "2014-03-31", "reportedCurrency": "USD", "grossProfit": "26818000", "totalRevenue": "42765000", "costOfRevenue": "15947000", "costofGoodsAndServicesSold": "15947000", "operatingIncome": "-9041000", "sellingGeneralAndAdministrative": "5098000", "researchAndDevelopment": "0", "operatingExpenses": "35859000", "investmentIncomeNet": "None", "netInterestIncome": "None", "interestIncome": "None", "interestExpense": "6187000", "nonInterestIncome": "None", "otherNonOperatingIncome": "None", "depreciation": "None", "depreciationAndAmortization": "24880000", "incomeBeforeTax": "-9041000", "incomeTaxExpense": "1982000", "interestAndDebtExpense": "None", "netIncomeFromContinuingOperations": "-11023000", "comprehensiveIncomeNetOfTax": "None", "ebit": "-9041000", "ebitda": "15839000", "netIncome": "-11174000"}, {"fiscalDateEnding": "2013-12-31", "reportedCurrency": "USD", "grossProfit": "20780000", "totalRevenue": "37142000", "costOfRevenue": "16362000", "costofGoodsAndServicesSold": "16362000", "operatingIncome": "-3468000", "sellingGeneralAndAdministrative": "4631000", "researchAndDevelopment": "0", "operatingExpenses": "24248000", "investmentIncomeNet": "None", "netInterestIncome": "None", "interestIncome": "None", "interestExpense": "6235000", "nonInterestIncome": "None", "otherNonOperatingIncome": "None", "depreciation": "None", "depreciationAndAmortization": "12002000", "incomeBeforeTax": "-3468000", "incomeTaxExpense": "-7465000", "interestAndDebtExpense": "None", "netIncomeFromContinuingOperations": "3997000", "comprehensiveIncomeNetOfTax": "None", "ebit": "-3468000", "ebitda": "8534000", "netIncome": "4000000"}, {"fiscalDateEnding": "2013-09-30", "reportedCurrency": "USD", "grossProfit": "10966000", "totalRevenue": "30975000", "costOfRevenue": "20009000", "costofGoodsAndServicesSold": "20009000", "operatingIncome": "-7442000", "sellingGeneralAndAdministrative": "4421000", "researchAndDevelopment": "0", "operatingExpenses": "18408000", "investmentIncomeNet": "None", "netInterestIncome": "None", "interestIncome": "None", "interestExpense": "5999000", "nonInterestIncome": "None", "otherNonOperatingIncome": "None", "depreciation": "None", "depreciationAndAmortization": "5041000", "incomeBeforeTax": "-7442000", "incomeTaxExpense": "1443000", "interestAndDebtExpense": "None", "netIncomeFromContinuingOperations": "-8885000", "comprehensiveIncomeNetOfTax": "None", "ebit": "-7442000", "ebitda": "-2401000", "netIncome": "-8884000"}, {"fiscalDateEnding": "2013-06-30", "reportedCurrency": "USD", "grossProfit": "3138000", "totalRevenue": "20025000", "costOfRevenue": "16887000", "costofGoodsAndServicesSold": "16887000", "operatingIncome": "-9328000", "sellingGeneralAndAdministrative": "4371000", "researchAndDevelopment": "0", "operatingExpenses": "12466000", "investmentIncomeNet": "None", "netInterestIncome": "None", "interestIncome": "None", "interestExpense": "5866000", "nonInterestIncome": "None", "otherNonOperatingIncome": "None", "depreciation": "None", "depreciationAndAmortization": "351000", "incomeBeforeTax": "-9328000", "incomeTaxExpense": "462000", "interestAndDebtExpense": "None", "netIncomeFromContinuingOperations": "-9790000", "comprehensiveIncomeNetOfTax": "None", "ebit": "-9328000", "ebitda": "-8977000", "netIncome": "-9849000"}, {"fiscalDateEnding": "2013-03-31", "reportedCurrency": "USD", "grossProfit": "20552000", "totalRevenue": "35404000", "costOfRevenue": "14852000", "costofGoodsAndServicesSold": "14852000", "operatingIncome": "-2541000", "sellingGeneralAndAdministrative": "4409000", "researchAndDevelopment": "0", "operatingExpenses": "23093000", "investmentIncomeNet": "None", "netInterestIncome": "None", "interestIncome": "None", "interestExpense": "5772000", "nonInterestIncome": "None", "otherNonOperatingIncome": "None", "depreciation": "None", "depreciationAndAmortization": "305000", "incomeBeforeTax": "-2541000", "incomeTaxExpense": "446000", "interestAndDebtExpense": "None", "netIncomeFromContinuingOperations": "-2987000", "comprehensiveIncomeNetOfTax": "None", "ebit": "-2541000", "ebitda": "-2236000", "netIncome": "-3008000"}, {"fiscalDateEnding": "2012-12-31", "reportedCurrency": "USD", "grossProfit": "-77841000", "totalRevenue": "20771000", "costOfRevenue": "98612000", "costofGoodsAndServicesSold": "98612000", "operatingIncome": "-7338000", "sellingGeneralAndAdministrative": "27291000", "researchAndDevelopment": "0", "operatingExpenses": "-70503000", "investmentIncomeNet": "None", "netInterestIncome": "None", "interestIncome": "None", "interestExpense": "5542000", "nonInterestIncome": "None", "otherNonOperatingIncome": "None", "depreciation": "None", "depreciationAndAmortization": "381000", "incomeBeforeTax": "-7338000", "incomeTaxExpense": "-5218000", "interestAndDebtExpense": "None", "netIncomeFromContinuingOperations": "-5886000", "comprehensiveIncomeNetOfTax": "None", "ebit": "-7338000", "ebitda": "-6957000", "netIncome": "1417000"}, {"fiscalDateEnding": "2012-09-30", "reportedCurrency": "USD", "grossProfit": "5120000", "totalRevenue": "26689000", "costOfRevenue": "21569000", "costofGoodsAndServicesSold": "21569000", "operatingIncome": "-15810000", "sellingGeneralAndAdministrative": "3519000", "researchAndDevelopment": "0", "operatingExpenses": "20930000", "investmentIncomeNet": "None", "netInterestIncome": "None", "interestIncome": "None", "interestExpense": "7406000", "nonInterestIncome": "None", "otherNonOperatingIncome": "None", "depreciation": "None", "depreciationAndAmortization": "1463000", "incomeBeforeTax": "-15810000", "incomeTaxExpense": "-7418000", "interestAndDebtExpense": "None", "netIncomeFromContinuingOperations": "-11874000", "comprehensiveIncomeNetOfTax": "None", "ebit": "-15810000", "ebitda": "-14347000", "netIncome": "33211000"}, {"fiscalDateEnding": "2012-06-30", "reportedCurrency": "USD", "grossProfit": "13892000", "totalRevenue": "44444000", "costOfRevenue": "30552000", "costofGoodsAndServicesSold": "30552000", "operatingIncome": "-10643000", "sellingGeneralAndAdministrative": "4800000", "researchAndDevelopment": "0", "operatingExpenses": "24535000", "investmentIncomeNet": "None", "netInterestIncome": "None", "interestIncome": "None", "interestExpense": "7325000", "nonInterestIncome": "None", "otherNonOperatingIncome": "None", "depreciation": "None", "depreciationAndAmortization": "326000", "incomeBeforeTax": "-10643000", "incomeTaxExpense": "-1257000", "interestAndDebtExpense": "None", "netIncomeFromContinuingOperations": "-5956000", "comprehensiveIncomeNetOfTax": "None", "ebit": "-10643000", "ebitda": "-10317000", "netIncome": "-5745000"}, {"fiscalDateEnding": "2012-03-31", "reportedCurrency": "USD", "grossProfit": "7146000", "totalRevenue": "76128000", "costOfRevenue": "68982000", "costofGoodsAndServicesSold": "68982000", "operatingIncome": "-10040000", "sellingGeneralAndAdministrative": "5667000", "researchAndDevelopment": "0", "operatingExpenses": "17186000", "investmentIncomeNet": "None", "netInterestIncome": "None", "interestIncome": "None", "interestExpense": "10851000", "nonInterestIncome": "None", "otherNonOperatingIncome": "None", "depreciation": "None", "depreciationAndAmortization": "404000", "incomeBeforeTax": "-10040000", "incomeTaxExpense": "-1716000", "interestAndDebtExpense": "None", "netIncomeFromContinuingOperations": "-4506000", "comprehensiveIncomeNetOfTax": "None", "ebit": "-10040000", "ebitda": "-9636000", "netIncome": "-4432000"}, {"fiscalDateEnding": "2011-12-31", "reportedCurrency": "USD", "grossProfit": "43771000", "totalRevenue": "56967000", "costOfRevenue": "13196000", "costofGoodsAndServicesSold": "13196000", "operatingIncome": "-4865000", "sellingGeneralAndAdministrative": "22462000", "researchAndDevelopment": "0", "operatingExpenses": "48636000", "investmentIncomeNet": "None", "netInterestIncome": "None", "interestIncome": "None", "interestExpense": "10525000", "nonInterestIncome": "None", "otherNonOperatingIncome": "None", "depreciation": "None", "depreciationAndAmortization": "489000", "incomeBeforeTax": "-4865000", "incomeTaxExpense": "-2020000", "interestAndDebtExpense": "None", "netIncomeFromContinuingOperations": "0", "comprehensiveIncomeNetOfTax": "None", "ebit": "-4865000", "ebitda": "-4376000", "netIncome": "3097000"}, {"fiscalDateEnding": "2011-09-30", "reportedCurrency": "USD", "grossProfit": "41784000", "totalRevenue": "52162000", "costOfRevenue": "10378000", "costofGoodsAndServicesSold": "10378000", "operatingIncome": "-4084000", "sellingGeneralAndAdministrative": "15563000", "researchAndDevelopment": "0", "operatingExpenses": "45868000", "investmentIncomeNet": "None", "netInterestIncome": "None", "interestIncome": "None", "interestExpense": "10282000", "nonInterestIncome": "None", "otherNonOperatingIncome": "None", "depreciation": "None", "depreciationAndAmortization": "877000", "incomeBeforeTax": "-4084000", "incomeTaxExpense": "619000", "interestAndDebtExpense": "None", "netIncomeFromContinuingOperations": "-588000", "comprehensiveIncomeNetOfTax": "None", "ebit": "-4084000", "ebitda": "-3207000", "netIncome": "1699000"}, {"fiscalDateEnding": "2011-06-30", "reportedCurrency": "USD", "grossProfit": "27547000", "totalRevenue": "38820000", "costOfRevenue": "11273000", "costofGoodsAndServicesSold": "11273000", "operatingIncome": "-2818000", "sellingGeneralAndAdministrative": "24664000", "researchAndDevelopment": "0", "operatingExpenses": "30365000", "investmentIncomeNet": "None", "netInterestIncome": "None", "interestIncome": "None", "interestExpense": "11355000", "nonInterestIncome": "None", "otherNonOperatingIncome": "None", "depreciation": "None", "depreciationAndAmortization": "2053000", "incomeBeforeTax": "-2818000", "incomeTaxExpense": "850000", "interestAndDebtExpense": "None", "netIncomeFromContinuingOperations": "-3668000", "comprehensiveIncomeNetOfTax": "None", "ebit": "-2818000", "ebitda": "-765000", "netIncome": "100766000"}, {"fiscalDateEnding": "2011-03-31", "reportedCurrency": "USD", "grossProfit": "40265000", "totalRevenue": "46682000", "costOfRevenue": "6417000", "costofGoodsAndServicesSold": "6417000", "operatingIncome": "23416000", "sellingGeneralAndAdministrative": "26373000", "researchAndDevelopment": "0", "operatingExpenses": "16849000", "investmentIncomeNet": "None", "netInterestIncome": "None", "interestIncome": "None", "interestExpense": "11951000", "nonInterestIncome": "None", "otherNonOperatingIncome": "None", "depreciation": "None", "depreciationAndAmortization": "2768000", "incomeBeforeTax": "23416000", "incomeTaxExpense": "274000", "interestAndDebtExpense": "None", "netIncomeFromContinuingOperations": "0", "comprehensiveIncomeNetOfTax": "None", "ebit": "23416000", "ebitda": "26184000", "netIncome": "28455000"}, {"fiscalDateEnding": "2010-12-31", "reportedCurrency": "USD", "grossProfit": "455108000", "totalRevenue": "461459000", "costOfRevenue": "6351000", "costofGoodsAndServicesSold": "6351000", "operatingIncome": "-48420000", "sellingGeneralAndAdministrative": "24375000", "researchAndDevelopment": "0", "operatingExpenses": "503528000", "investmentIncomeNet": "None", "netInterestIncome": "None", "interestIncome": "None", "interestExpense": "13197000", "nonInterestIncome": "None", "otherNonOperatingIncome": "None", "depreciation": "None", "depreciationAndAmortization": "3211000", "incomeBeforeTax": "-48420000", "incomeTaxExpense": "-3624000", "interestAndDebtExpense": "None", "netIncomeFromContinuingOperations": "0", "comprehensiveIncomeNetOfTax": "None", "ebit": "-48420000", "ebitda": "-45209000", "netIncome": "-27525000"}, {"fiscalDateEnding": "2010-09-30", "reportedCurrency": "USD", "grossProfit": "120049000", "totalRevenue": "139979000", "costOfRevenue": "19930000", "costofGoodsAndServicesSold": "19930000", "operatingIncome": "-8763000", "sellingGeneralAndAdministrative": "28464000", "researchAndDevelopment": "0", "operatingExpenses": "128812000", "investmentIncomeNet": "None", "netInterestIncome": "None", "interestIncome": "None", "interestExpense": "11600000", "nonInterestIncome": "None", "otherNonOperatingIncome": "None", "depreciation": "None", "depreciationAndAmortization": "3360000", "incomeBeforeTax": "-8763000", "incomeTaxExpense": "-1648000", "interestAndDebtExpense": "None", "netIncomeFromContinuingOperations": "0", "comprehensiveIncomeNetOfTax": "None", "ebit": "-8763000", "ebitda": "-5403000", "netIncome": "1761000"}, {"fiscalDateEnding": "2010-06-30", "reportedCurrency": "USD", "grossProfit": "17147000", "totalRevenue": "38419000", "costOfRevenue": "21272000", "costofGoodsAndServicesSold": "21272000", "operatingIncome": "-35337000", "sellingGeneralAndAdministrative": "33519000", "researchAndDevelopment": "0", "operatingExpenses": "52484000", "investmentIncomeNet": "None", "netInterestIncome": "None", "interestIncome": "None", "interestExpense": "16202000", "nonInterestIncome": "None", "otherNonOperatingIncome": "None", "depreciation": "None", "depreciationAndAmortization": "3606000", "incomeBeforeTax": "-35337000", "incomeTaxExpense": "-993000", "interestAndDebtExpense": "None", "netIncomeFromContinuingOperations": "0", "comprehensiveIncomeNetOfTax": "None", "ebit": "-35337000", "ebitda": "-31731000", "netIncome": "-28959000"}, {"fiscalDateEnding": "2010-03-31", "reportedCurrency": "USD", "grossProfit": "25248000", "totalRevenue": "59230000", "costOfRevenue": "33982000", "costofGoodsAndServicesSold": "33982000", "operatingIncome": "-45165000", "sellingGeneralAndAdministrative": "49815000", "researchAndDevelopment": "0", "operatingExpenses": "70413000", "investmentIncomeNet": "None", "netInterestIncome": "None", "interestIncome": "None", "interestExpense": "17633000", "nonInterestIncome": "None", "otherNonOperatingIncome": "None", "depreciation": "None", "depreciationAndAmortization": "3496000", "incomeBeforeTax": "-45165000", "incomeTaxExpense": "-255000", "interestAndDebtExpense": "None", "netIncomeFromContinuingOperations": "0", "comprehensiveIncomeNetOfTax": "None", "ebit": "-45165000", "ebitda": "-41669000", "netIncome": "-42781000"}, {"fiscalDateEnding": "2009-12-31", "reportedCurrency": "USD", "grossProfit": "-12162000", "totalRevenue": "47058000", "costOfRevenue": "59220000", "costofGoodsAndServicesSold": "59220000", "operatingIncome": "-106145000", "sellingGeneralAndAdministrative": "52414000", "researchAndDevelopment": "0", "operatingExpenses": "93983000", "investmentIncomeNet": "None", "netInterestIncome": "None", "interestIncome": "None", "interestExpense": "12391000", "nonInterestIncome": "None", "otherNonOperatingIncome": "None", "depreciation": "None", "depreciationAndAmortization": "4150000", "incomeBeforeTax": "-106145000", "incomeTaxExpense": "-54725000", "interestAndDebtExpense": "None", "netIncomeFromContinuingOperations": "0", "comprehensiveIncomeNetOfTax": "None", "ebit": "-106145000", "ebitda": "-101995000", "netIncome": "-54617000"}, {"fiscalDateEnding": "2009-09-30", "reportedCurrency": "USD", "grossProfit": "-139364000", "totalRevenue": "-113187000", "costOfRevenue": "26177000", "costofGoodsAndServicesSold": "26177000", "operatingIncome": "-241424000", "sellingGeneralAndAdministrative": "68112000", "researchAndDevelopment": "0", "operatingExpenses": "102060000", "investmentIncomeNet": "None", "netInterestIncome": "None", "interestIncome": "None", "interestExpense": "9465000", "nonInterestIncome": "None", "otherNonOperatingIncome": "None", "depreciation": "None", "depreciationAndAmortization": "4835000", "incomeBeforeTax": "-241424000", "incomeTaxExpense": "-2791000", "interestAndDebtExpense": "None", "netIncomeFromContinuingOperations": "0", "comprehensiveIncomeNetOfTax": "None", "ebit": "-241424000", "ebitda": "-236589000", "netIncome": "-239411000"}, {"fiscalDateEnding": "2009-06-30", "reportedCurrency": "USD", "grossProfit": "-93417000", "totalRevenue": "-64844000", "costOfRevenue": "28573000", "costofGoodsAndServicesSold": "28573000", "operatingIncome": "-201755000", "sellingGeneralAndAdministrative": "66964000", "researchAndDevelopment": "0", "operatingExpenses": "108338000", "investmentIncomeNet": "None", "netInterestIncome": "None", "interestIncome": "None", "interestExpense": "10018000", "nonInterestIncome": "None", "otherNonOperatingIncome": "None", "depreciation": "None", "depreciationAndAmortization": "6021000", "incomeBeforeTax": "-201755000", "incomeTaxExpense": "-59951000", "interestAndDebtExpense": "None", "netIncomeFromContinuingOperations": "0", "comprehensiveIncomeNetOfTax": "None", "ebit": "-201755000", "ebitda": "-195734000", "netIncome": "-134344000"}, {"fiscalDateEnding": "2009-03-31", "reportedCurrency": "USD", "grossProfit": "-66133000", "totalRevenue": "-43688000", "costOfRevenue": "22445000", "costofGoodsAndServicesSold": "22445000", "operatingIncome": "-175843000", "sellingGeneralAndAdministrative": "71861000", "researchAndDevelopment": "0", "operatingExpenses": "109710000", "investmentIncomeNet": "None", "netInterestIncome": "None", "interestIncome": "None", "interestExpense": "10192000", "nonInterestIncome": "None", "otherNonOperatingIncome": "None", "depreciation": "None", "depreciationAndAmortization": "6864000", "incomeBeforeTax": "-175843000", "incomeTaxExpense": "-60639000", "interestAndDebtExpense": "None", "netIncomeFromContinuingOperations": "0", "comprehensiveIncomeNetOfTax": "None", "ebit": "-175843000", "ebitda": "-168979000", "netIncome": "-112517000"}, {"fiscalDateEnding": "2008-12-31", "reportedCurrency": "USD", "grossProfit": "64084000", "totalRevenue": "93337000", "costOfRevenue": "29253000", "costofGoodsAndServicesSold": "29253000", "operatingIncome": "-36691000", "sellingGeneralAndAdministrative": "296114000", "researchAndDevelopment": "0", "operatingExpenses": "100775000", "investmentIncomeNet": "None", "netInterestIncome": "None", "interestIncome": "None", "interestExpense": "10783000", "nonInterestIncome": "None", "otherNonOperatingIncome": "None", "depreciation": "None", "depreciationAndAmortization": "8772000", "incomeBeforeTax": "-36691000", "incomeTaxExpense": "-9813000", "interestAndDebtExpense": "None", "netIncomeFromContinuingOperations": "0", "comprehensiveIncomeNetOfTax": "None", "ebit": "-36691000", "ebitda": "-27919000", "netIncome": "-26878000"}, {"fiscalDateEnding": "2008-09-30", "reportedCurrency": "USD", "grossProfit": "105978000", "totalRevenue": "133401000", "costOfRevenue": "27423000", "costofGoodsAndServicesSold": "27423000", "operatingIncome": "-50756000", "sellingGeneralAndAdministrative": "16407000", "researchAndDevelopment": "0", "operatingExpenses": "156734000", "investmentIncomeNet": "None", "netInterestIncome": "None", "interestIncome": "None", "interestExpense": "10140000", "nonInterestIncome": "None", "otherNonOperatingIncome": "None", "depreciation": "None", "depreciationAndAmortization": "8987000", "incomeBeforeTax": "-50756000", "incomeTaxExpense": "-19728000", "interestAndDebtExpense": "None", "netIncomeFromContinuingOperations": "0", "comprehensiveIncomeNetOfTax": "None", "ebit": "-50756000", "ebitda": "-41769000", "netIncome": "-32252000"}, {"fiscalDateEnding": "2008-06-30", "reportedCurrency": "USD", "grossProfit": "85327000", "totalRevenue": "111805000", "costOfRevenue": "26478000", "costofGoodsAndServicesSold": "26478000", "operatingIncome": "-62845000", "sellingGeneralAndAdministrative": "17908000", "researchAndDevelopment": "0", "operatingExpenses": "148172000", "investmentIncomeNet": "None", "netInterestIncome": "None", "interestIncome": "None", "interestExpense": "10375000", "nonInterestIncome": "None", "otherNonOperatingIncome": "None", "depreciation": "None", "depreciationAndAmortization": "7877000", "incomeBeforeTax": "-62845000", "incomeTaxExpense": "-20070000", "interestAndDebtExpense": "None", "netIncomeFromContinuingOperations": "0", "comprehensiveIncomeNetOfTax": "None", "ebit": "-62845000", "ebitda": "-54968000", "netIncome": "-44920000"}, {"fiscalDateEnding": "2008-03-31", "reportedCurrency": "USD", "grossProfit": "153167000", "totalRevenue": "187563000", "costOfRevenue": "34396000", "costofGoodsAndServicesSold": "34396000", "operatingIncome": "10505000", "sellingGeneralAndAdministrative": "96192000", "researchAndDevelopment": "0", "operatingExpenses": "142662000", "investmentIncomeNet": "None", "netInterestIncome": "None", "interestIncome": "None", "interestExpense": "13990000", "nonInterestIncome": "None", "otherNonOperatingIncome": "None", "depreciation": "None", "depreciationAndAmortization": "10732000", "incomeBeforeTax": "10505000", "incomeTaxExpense": "4518000", "interestAndDebtExpense": "None", "netIncomeFromContinuingOperations": "0", "comprehensiveIncomeNetOfTax": "None", "ebit": "10505000", "ebitda": "21237000", "netIncome": "923000"}, {"fiscalDateEnding": "2007-12-31", "reportedCurrency": "USD", "grossProfit": "263133000", "totalRevenue": "616645000", "costOfRevenue": "353512000", "costofGoodsAndServicesSold": "353512000", "operatingIncome": "62038000", "sellingGeneralAndAdministrative": "17490000", "researchAndDevelopment": "0", "operatingExpenses": "201095000", "investmentIncomeNet": "None", "netInterestIncome": "None", "interestIncome": "None", "interestExpense": "26194000", "nonInterestIncome": "None", "otherNonOperatingIncome": "None", "depreciation": "None", "depreciationAndAmortization": "18917000", "incomeBeforeTax": "62038000", "incomeTaxExpense": "25712000", "interestAndDebtExpense": "None", "netIncomeFromContinuingOperations": "0", "comprehensiveIncomeNetOfTax": "None", "ebit": "62038000", "ebitda": "80955000", "netIncome": "15757000"}, {"fiscalDateEnding": "2007-09-30", "reportedCurrency": "USD", "grossProfit": "103610000", "totalRevenue": "422692000", "costOfRevenue": "319082000", "costofGoodsAndServicesSold": "319082000", "operatingIncome": "-75164000", "sellingGeneralAndAdministrative": "20168000", "researchAndDevelopment": "0", "operatingExpenses": "178774000", "investmentIncomeNet": "None", "netInterestIncome": "None", "interestIncome": "None", "interestExpense": "22459000", "nonInterestIncome": "None", "otherNonOperatingIncome": "None", "depreciation": "None", "depreciationAndAmortization": "9933000", "incomeBeforeTax": "-75164000", "incomeTaxExpense": "-27138000", "interestAndDebtExpense": "None", "netIncomeFromContinuingOperations": "0", "comprehensiveIncomeNetOfTax": "None", "ebit": "-75164000", "ebitda": "-65231000", "netIncome": "-53221000"}, {"fiscalDateEnding": "2007-06-30", "reportedCurrency": "USD", "grossProfit": "174173000", "totalRevenue": "390942000", "costOfRevenue": "216769000", "costofGoodsAndServicesSold": "216769000", "operatingIncome": "-10420000", "sellingGeneralAndAdministrative": "17616000", "researchAndDevelopment": "0", "operatingExpenses": "184593000", "investmentIncomeNet": "None", "netInterestIncome": "None", "interestIncome": "None", "interestExpense": "17079000", "nonInterestIncome": "None", "otherNonOperatingIncome": "None", "depreciation": "None", "depreciationAndAmortization": "11937000", "incomeBeforeTax": "-10420000", "incomeTaxExpense": "-3819000", "interestAndDebtExpense": "None", "netIncomeFromContinuingOperations": "0", "comprehensiveIncomeNetOfTax": "None", "ebit": "-10420000", "ebitda": "1517000", "netIncome": "-11016000"}, {"fiscalDateEnding": "2007-03-31", "reportedCurrency": "USD", "grossProfit": "162792000", "totalRevenue": "310200000", "costOfRevenue": "147408000", "costofGoodsAndServicesSold": "147408000", "operatingIncome": "3218000", "sellingGeneralAndAdministrative": "18313000", "researchAndDevelopment": "0", "operatingExpenses": "159574000", "investmentIncomeNet": "None", "netInterestIncome": "None", "interestIncome": "None", "interestExpense": "15784000", "nonInterestIncome": "None", "otherNonOperatingIncome": "None", "depreciation": "None", "depreciationAndAmortization": "11332000", "incomeBeforeTax": "3218000", "incomeTaxExpense": "1087000", "interestAndDebtExpense": "None", "netIncomeFromContinuingOperations": "0", "comprehensiveIncomeNetOfTax": "None", "ebit": "3218000", "ebitda": "14550000", "netIncome": "-2516000"}, {"fiscalDateEnding": "2006-12-31", "reportedCurrency": "USD", "grossProfit": "182401000", "totalRevenue": "369706000", "costOfRevenue": "187305000", "costofGoodsAndServicesSold": "187305000", "operatingIncome": "15164000", "sellingGeneralAndAdministrative": "12666000", "researchAndDevelopment": "0", "operatingExpenses": "167237000", "investmentIncomeNet": "None", "netInterestIncome": "None", "interestIncome": "None", "interestExpense": "15528000", "nonInterestIncome": "None", "otherNonOperatingIncome": "None", "depreciation": "None", "depreciationAndAmortization": "11266000", "incomeBeforeTax": "15164000", "incomeTaxExpense": "5459000", "interestAndDebtExpense": "None", "netIncomeFromContinuingOperations": "0", "comprehensiveIncomeNetOfTax": "None", "ebit": "15164000", "ebitda": "26430000", "netIncome": "9705000"}, {"fiscalDateEnding": "2006-09-30", "reportedCurrency": "USD", "grossProfit": "208868000", "totalRevenue": "356481000", "costOfRevenue": "147613000", "costofGoodsAndServicesSold": "147613000", "operatingIncome": "60640000", "sellingGeneralAndAdministrative": "14523000", "researchAndDevelopment": "0", "operatingExpenses": "148228000", "investmentIncomeNet": "None", "netInterestIncome": "None", "interestIncome": "None", "interestExpense": "12573000", "nonInterestIncome": "None", "otherNonOperatingIncome": "None", "depreciation": "None", "depreciationAndAmortization": "8940000", "incomeBeforeTax": "60640000", "incomeTaxExpense": "21830000", "interestAndDebtExpense": "None", "netIncomeFromContinuingOperations": "0", "comprehensiveIncomeNetOfTax": "None", "ebit": "60640000", "ebitda": "69580000", "netIncome": "38810000"}, {"fiscalDateEnding": "2006-06-30", "reportedCurrency": "USD", "grossProfit": "179336000", "totalRevenue": "320190000", "costOfRevenue": "140854000", "costofGoodsAndServicesSold": "140854000", "operatingIncome": "44224000", "sellingGeneralAndAdministrative": "11377000", "researchAndDevelopment": "0", "operatingExpenses": "135112000", "investmentIncomeNet": "None", "netInterestIncome": "None", "interestIncome": "None", "interestExpense": "12921000", "nonInterestIncome": "None", "otherNonOperatingIncome": "None", "depreciation": "None", "depreciationAndAmortization": "9113000", "incomeBeforeTax": "44224000", "incomeTaxExpense": "15922000", "interestAndDebtExpense": "None", "netIncomeFromContinuingOperations": "0", "comprehensiveIncomeNetOfTax": "None", "ebit": "44224000", "ebitda": "53337000", "netIncome": "28302000"}, {"fiscalDateEnding": "2006-03-31", "reportedCurrency": "USD", "grossProfit": "200179000", "totalRevenue": "289458000", "costOfRevenue": "89279000", "costofGoodsAndServicesSold": "89279000", "operatingIncome": "47902000", "sellingGeneralAndAdministrative": "11645000", "researchAndDevelopment": "0", "operatingExpenses": "152277000", "investmentIncomeNet": "None", "netInterestIncome": "None", "interestIncome": "None", "interestExpense": "11450000", "nonInterestIncome": "None", "otherNonOperatingIncome": "None", "depreciation": "None", "depreciationAndAmortization": "8540000", "incomeBeforeTax": "47902000", "incomeTaxExpense": "17244000", "interestAndDebtExpense": "None", "netIncomeFromContinuingOperations": "0", "comprehensiveIncomeNetOfTax": "None", "ebit": "47902000", "ebitda": "56442000", "netIncome": "30658000"}, {"fiscalDateEnding": "2005-12-31", "reportedCurrency": "USD", "grossProfit": "149410000", "totalRevenue": "192075000", "costOfRevenue": "42665000", "costofGoodsAndServicesSold": "42665000", "operatingIncome": "4686000", "sellingGeneralAndAdministrative": "9652000", "researchAndDevelopment": "0", "operatingExpenses": "144724000", "investmentIncomeNet": "None", "netInterestIncome": "None", "interestIncome": "None", "interestExpense": "8831000", "nonInterestIncome": "None", "otherNonOperatingIncome": "None", "depreciation": "None", "depreciationAndAmortization": "6398000", "incomeBeforeTax": "4686000", "incomeTaxExpense": "1711000", "interestAndDebtExpense": "None", "netIncomeFromContinuingOperations": "0", "comprehensiveIncomeNetOfTax": "None", "ebit": "4686000", "ebitda": "11084000", "netIncome": "2975000"}, {"fiscalDateEnding": "2005-09-30", "reportedCurrency": "USD", "grossProfit": "205140000", "totalRevenue": "249815000", "costOfRevenue": "44675000", "costofGoodsAndServicesSold": "44675000", "operatingIncome": "82934000", "sellingGeneralAndAdministrative": "9174000", "researchAndDevelopment": "0", "operatingExpenses": "122206000", "investmentIncomeNet": "None", "netInterestIncome": "None", "interestIncome": "None", "interestExpense": "6345000", "nonInterestIncome": "None", "otherNonOperatingIncome": "None", "depreciation": "None", "depreciationAndAmortization": "5739000", "incomeBeforeTax": "82934000", "incomeTaxExpense": "30271000", "interestAndDebtExpense": "None", "netIncomeFromContinuingOperations": "0", "comprehensiveIncomeNetOfTax": "None", "ebit": "82934000", "ebitda": "88673000", "netIncome": "52663000"}]}