{"symbol": "DDOG", "annualReports": [{"fiscalDateEnding": "2025-12-31", "reportedCurrency": "None", "grossProfit": "2740201000", "totalRevenue": "3427158000", "costOfRevenue": "686957000", "costofGoodsAndServicesSold": "686957000", "operatingIncome": "-44373000", "sellingGeneralAndAdministrative": "279700000", "researchAndDevelopment": "1548451000", "operatingExpenses": "2784574000", "investmentIncomeNet": "None", "netInterestIncome": "None", "interestIncome": "None", "interestExpense": "11059000", "nonInterestIncome": "None", "otherNonOperatingIncome": "None", "depreciation": "None", "depreciationAndAmortization": "122529000", "incomeBeforeTax": "127021000", "incomeTaxExpense": "19280000", "interestAndDebtExpense": "None", "netIncomeFromContinuingOperations": "None", "comprehensiveIncomeNetOfTax": "None", "ebit": "138080000", "ebitda": "260609000", "netIncome": "107741000"}, {"fiscalDateEnding": "2024-12-31", "reportedCurrency": "USD", "grossProfit": "2167919000", "totalRevenue": "2684275000", "costOfRevenue": "516356000", "costofGoodsAndServicesSold": "516356000", "operatingIncome": "54284000", "sellingGeneralAndAdministrative": "205152000", "researchAndDevelopment": "1152703000", "operatingExpenses": "2113635000", "investmentIncomeNet": "None", "netInterestIncome": "148253000", "interestIncome": "155321000", "interestExpense": "7068000", "nonInterestIncome": "None", "otherNonOperatingIncome": "None", "depreciation": "None", "depreciationAndAmortization": "106980000", "incomeBeforeTax": "203940000", "incomeTaxExpense": "20194000", "interestAndDebtExpense": "None", "netIncomeFromContinuingOperations": "183746000", "comprehensiveIncomeNetOfTax": "None", "ebit": "211008000", "ebitda": "317988000", "netIncome": "183746000"}, {"fiscalDateEnding": "2023-12-31", "reportedCurrency": "USD", "grossProfit": "1717626000", "totalRevenue": "2128359000", "costOfRevenue": "410733000", "costofGoodsAndServicesSold": "410733000", "operatingIncome": "-33464000", "sellingGeneralAndAdministrative": "180192000", "researchAndDevelopment": "962447000", "operatingExpenses": "1751090000", "investmentIncomeNet": "None", "netInterestIncome": "76240000", "interestIncome": "84269000", "interestExpense": "6302000", "nonInterestIncome": "None", "otherNonOperatingIncome": "None", "depreciation": "None", "depreciationAndAmortization": "83672000", "incomeBeforeTax": "60235000", "incomeTaxExpense": "11667000", "interestAndDebtExpense": "None", "netIncomeFromContinuingOperations": "-34459000", "comprehensiveIncomeNetOfTax": "None", "ebit": "66537000", "ebitda": "150209000", "netIncome": "48568000"}, {"fiscalDateEnding": "2022-12-31", "reportedCurrency": "USD", "grossProfit": "1327532000", "totalRevenue": "1675100000", "costOfRevenue": "347568000", "costofGoodsAndServicesSold": "347568000", "operatingIncome": "-58695000", "sellingGeneralAndAdministrative": "138583000", "researchAndDevelopment": "752351000", "operatingExpenses": "1386227000", "investmentIncomeNet": "None", "netInterestIncome": "20625000", "interestIncome": "37160000", "interestExpense": "16535000", "nonInterestIncome": "None", "otherNonOperatingIncome": "20625000", "depreciation": "None", "depreciationAndAmortization": "62632000", "incomeBeforeTax": "-38070000", "incomeTaxExpense": "12090000", "interestAndDebtExpense": "None", "netIncomeFromContinuingOperations": "-50160000", "comprehensiveIncomeNetOfTax": "None", "ebit": "-21535000", "ebitda": "41097000", "netIncome": "-50160000"}, {"fiscalDateEnding": "2021-12-31", "reportedCurrency": "USD", "grossProfit": "793939000", "totalRevenue": "1028784000", "costOfRevenue": "234845000", "costofGoodsAndServicesSold": "234845000", "operatingIncome": "-19156000", "sellingGeneralAndAdministrative": "94429000", "researchAndDevelopment": "419769000", "operatingExpenses": "813095000", "investmentIncomeNet": "None", "netInterestIncome": "734000", "interestIncome": "21786000", "interestExpense": "21052000", "nonInterestIncome": "None", "otherNonOperatingIncome": "734000", "depreciation": "None", "depreciationAndAmortization": "22938000", "incomeBeforeTax": "-18422000", "incomeTaxExpense": "2323000", "interestAndDebtExpense": "None", "netIncomeFromContinuingOperations": "-20745000", "comprehensiveIncomeNetOfTax": "None", "ebit": "2630000", "ebitda": "25568000", "netIncome": "-20745000"}, {"fiscalDateEnding": "2020-12-31", "reportedCurrency": "USD", "grossProfit": "473269000", "totalRevenue": "603466000", "costOfRevenue": "130197000", "costofGoodsAndServicesSold": "130197000", "operatingIncome": "-13773000", "sellingGeneralAndAdministrative": "62756000", "researchAndDevelopment": "210626000", "operatingExpenses": "487042000", "investmentIncomeNet": "None", "netInterestIncome": "-8449000", "interestIncome": "21985000", "interestExpense": "30434000", "nonInterestIncome": "None", "otherNonOperatingIncome": "-8449000", "depreciation": "None", "depreciationAndAmortization": "25897000", "incomeBeforeTax": "-22222000", "incomeTaxExpense": "2325000", "interestAndDebtExpense": "None", "netIncomeFromContinuingOperations": "-24547000", "comprehensiveIncomeNetOfTax": "None", "ebit": "8212000", "ebitda": "34109000", "netIncome": "-24547000"}, {"fiscalDateEnding": "2019-12-31", "reportedCurrency": "USD", "grossProfit": "273831000", "totalRevenue": "362780000", "costOfRevenue": "88949000", "costofGoodsAndServicesSold": "88949000", "operatingIncome": "-20140000", "sellingGeneralAndAdministrative": "35889000", "researchAndDevelopment": "111425000", "operatingExpenses": "293971000", "investmentIncomeNet": "None", "netInterestIncome": "None", "interestIncome": "None", "interestExpense": "4164000", "nonInterestIncome": "None", "otherNonOperatingIncome": "None", "depreciation": "None", "depreciationAndAmortization": "12370000", "incomeBeforeTax": "-15976000", "incomeTaxExpense": "734000", "interestAndDebtExpense": "None", "netIncomeFromContinuingOperations": "-16710000", "comprehensiveIncomeNetOfTax": "None", "ebit": "-15976000", "ebitda": "-3606000", "netIncome": "-16710000"}, {"fiscalDateEnding": "2018-12-31", "reportedCurrency": "USD", "grossProfit": "151548000", "totalRevenue": "198077000", "costOfRevenue": "46529000", "costofGoodsAndServicesSold": "46529000", "operatingIncome": "-11033000", "sellingGeneralAndAdministrative": "18556000", "researchAndDevelopment": "55176000", "operatingExpenses": "162581000", "investmentIncomeNet": "None", "netInterestIncome": "None", "interestIncome": "None", "interestExpense": "0", "nonInterestIncome": "None", "otherNonOperatingIncome": "0", "depreciation": "None", "depreciationAndAmortization": "6026000", "incomeBeforeTax": "-10240000", "incomeTaxExpense": "522000", "interestAndDebtExpense": "None", "netIncomeFromContinuingOperations": "-10762000", "comprehensiveIncomeNetOfTax": "None", "ebit": "-10240000", "ebitda": "-4214000", "netIncome": "-10762000"}, {"fiscalDateEnding": "2017-12-31", "reportedCurrency": "USD", "grossProfit": "77347000", "totalRevenue": "100761000", "costOfRevenue": "23414000", "costofGoodsAndServicesSold": "23414000", "operatingIncome": "-2956000", "sellingGeneralAndAdministrative": "11356000", "researchAndDevelopment": "24734000", "operatingExpenses": "80303000", "investmentIncomeNet": "None", "netInterestIncome": "None", "interestIncome": "None", "interestExpense": "0", "nonInterestIncome": "None", "otherNonOperatingIncome": "0", "depreciation": "None", "depreciationAndAmortization": "2704000", "incomeBeforeTax": "-2113000", "incomeTaxExpense": "457000", "interestAndDebtExpense": "None", "netIncomeFromContinuingOperations": "-2570000", "comprehensiveIncomeNetOfTax": "None", "ebit": "-2113000", "ebitda": "591000", "netIncome": "-2570000"}], "quarterlyReports": [{"fiscalDateEnding": "2025-12-31", "reportedCurrency": "None", "grossProfit": "766300000", "totalRevenue": "953194000", "costOfRevenue": "186894000", "costofGoodsAndServicesSold": "186894000", "operatingIncome": "9356000", "sellingGeneralAndAdministrative": "74641000", "researchAndDevelopment": "417926000", "operatingExpenses": "756944000", "investmentIncomeNet": "None", "netInterestIncome": "None", "interestIncome": "None", "interestExpense": "2600000", "nonInterestIncome": "None", "otherNonOperatingIncome": "None", "depreciation": "None", "depreciationAndAmortization": "35343000", "incomeBeforeTax": "53470000", "incomeTaxExpense": "6903000", "interestAndDebtExpense": "None", "netIncomeFromContinuingOperations": "None", "comprehensiveIncomeNetOfTax": "None", "ebit": "9356000", "ebitda": "44699000", "netIncome": "46567000"}, {"fiscalDateEnding": "2025-09-30", "reportedCurrency": "USD", "grossProfit": "709194000", "totalRevenue": "885651000", "costOfRevenue": "176457000", "costofGoodsAndServicesSold": "176457000", "operatingIncome": "-5809000", "sellingGeneralAndAdministrative": "74292000", "researchAndDevelopment": "401982000", "operatingExpenses": "715003000", "investmentIncomeNet": "None", "netInterestIncome": "43194000", "interestIncome": "45615000", "interestExpense": "14497000", "nonInterestIncome": "None", "otherNonOperatingIncome": "None", "depreciation": "None", "depreciationAndAmortization": "33325000", "incomeBeforeTax": "35667000", "incomeTaxExpense": "1782000", "interestAndDebtExpense": "None", "netIncomeFromContinuingOperations": "33885000", "comprehensiveIncomeNetOfTax": "None", "ebit": "50164000", "ebitda": "83489000", "netIncome": "33885000"}, {"fiscalDateEnding": "2025-06-30", "reportedCurrency": "USD", "grossProfit": "660594000", "totalRevenue": "826760000", "costOfRevenue": "166166000", "costofGoodsAndServicesSold": "166166000", "operatingIncome": "-35500000", "sellingGeneralAndAdministrative": "69774000", "researchAndDevelopment": "387482000", "operatingExpenses": "696094000", "investmentIncomeNet": "None", "netInterestIncome": "47678000", "interestIncome": "50753000", "interestExpense": "3075000", "nonInterestIncome": "None", "otherNonOperatingIncome": "None", "depreciation": "None", "depreciationAndAmortization": "28799000", "incomeBeforeTax": "6088000", "incomeTaxExpense": "3441000", "interestAndDebtExpense": "None", "netIncomeFromContinuingOperations": "2647000", "comprehensiveIncomeNetOfTax": "None", "ebit": "9162999", "ebitda": "37961999", "netIncome": "2647000"}, {"fiscalDateEnding": "2025-03-31", "reportedCurrency": "USD", "grossProfit": "603722000", "totalRevenue": "761553000", "costOfRevenue": "157831000", "costofGoodsAndServicesSold": "157831000", "operatingIncome": "-12420000", "sellingGeneralAndAdministrative": "60993000", "researchAndDevelopment": "341061000", "operatingExpenses": "616142000", "investmentIncomeNet": "None", "netInterestIncome": "47764000", "interestIncome": "50727000", "interestExpense": "2963000", "nonInterestIncome": "None", "otherNonOperatingIncome": "None", "depreciation": "None", "depreciationAndAmortization": "26108000", "incomeBeforeTax": "31796000", "incomeTaxExpense": "7154000", "interestAndDebtExpense": "None", "netIncomeFromContinuingOperations": "24642000", "comprehensiveIncomeNetOfTax": "None", "ebit": "34759000", "ebitda": "60867000", "netIncome": "24642000"}, {"fiscalDateEnding": "2024-12-31", "reportedCurrency": "USD", "grossProfit": "593342000", "totalRevenue": "737727000", "costOfRevenue": "144385000", "costofGoodsAndServicesSold": "144385000", "operatingIncome": "9392000", "sellingGeneralAndAdministrative": "59896000", "researchAndDevelopment": "316314000", "operatingExpenses": "583950000", "investmentIncomeNet": "None", "netInterestIncome": "39920000", "interestIncome": "42563000", "interestExpense": "2643000", "nonInterestIncome": "None", "otherNonOperatingIncome": "None", "depreciation": "None", "depreciationAndAmortization": "29985000", "incomeBeforeTax": "53826000", "incomeTaxExpense": "8232000", "interestAndDebtExpense": "None", "netIncomeFromContinuingOperations": "45594000", "comprehensiveIncomeNetOfTax": "None", "ebit": "56469000", "ebitda": "86454000", "netIncome": "45594000"}, {"fiscalDateEnding": "2024-09-30", "reportedCurrency": "USD", "grossProfit": "552052000", "totalRevenue": "690016000", "costOfRevenue": "137964000", "costofGoodsAndServicesSold": "137964000", "operatingIncome": "20278000", "sellingGeneralAndAdministrative": "52408000", "researchAndDevelopment": "291802000", "operatingExpenses": "531774000", "investmentIncomeNet": "None", "netInterestIncome": "38508000", "interestIncome": "40082000", "interestExpense": "1574000", "nonInterestIncome": "None", "otherNonOperatingIncome": "None", "depreciation": "None", "depreciationAndAmortization": "13800000", "incomeBeforeTax": "56136000", "incomeTaxExpense": "4439000", "interestAndDebtExpense": "None", "netIncomeFromContinuingOperations": "51697000", "comprehensiveIncomeNetOfTax": "None", "ebit": "57710000", "ebitda": "71510000", "netIncome": "51697000"}, {"fiscalDateEnding": "2024-06-30", "reportedCurrency": "USD", "grossProfit": "521575000", "totalRevenue": "645279000", "costOfRevenue": "123704000", "costofGoodsAndServicesSold": "123704000", "operatingIncome": "12618000", "sellingGeneralAndAdministrative": "47558000", "researchAndDevelopment": "274599000", "operatingExpenses": "508957000", "investmentIncomeNet": "None", "netInterestIncome": "35764000", "interestIncome": "37241000", "interestExpense": "1477000", "nonInterestIncome": "None", "otherNonOperatingIncome": "None", "depreciation": "None", "depreciationAndAmortization": "12435000", "incomeBeforeTax": "47793000", "incomeTaxExpense": "3969000", "interestAndDebtExpense": "None", "netIncomeFromContinuingOperations": "43824000", "comprehensiveIncomeNetOfTax": "None", "ebit": "48360000", "ebitda": "60795000", "netIncome": "43824000"}, {"fiscalDateEnding": "2024-03-31", "reportedCurrency": "USD", "grossProfit": "500950000", "totalRevenue": "611253000", "costOfRevenue": "110303000", "costofGoodsAndServicesSold": "110303000", "operatingIncome": "11996000", "sellingGeneralAndAdministrative": "45290000", "researchAndDevelopment": "269988000", "operatingExpenses": "488954000", "investmentIncomeNet": "None", "netInterestIncome": "34061000", "interestIncome": "35435000", "interestExpense": "1374000", "nonInterestIncome": "None", "otherNonOperatingIncome": "None", "depreciation": "None", "depreciationAndAmortization": "12900000", "incomeBeforeTax": "46185000", "incomeTaxExpense": "3554000", "interestAndDebtExpense": "None", "netIncomeFromContinuingOperations": "42631000", "comprehensiveIncomeNetOfTax": "None", "ebit": "46709000", "ebitda": "59609000", "netIncome": "42631000"}, {"fiscalDateEnding": "2023-12-31", "reportedCurrency": "USD", "grossProfit": "484612000", "totalRevenue": "589649000", "costOfRevenue": "105037000", "costofGoodsAndServicesSold": "105037000", "operatingIncome": "27742000", "sellingGeneralAndAdministrative": "43848000", "researchAndDevelopment": "253250000", "operatingExpenses": "456870000", "investmentIncomeNet": "None", "netInterestIncome": "31491000", "interestIncome": "32783000", "interestExpense": "1292000", "nonInterestIncome": "None", "otherNonOperatingIncome": "None", "depreciation": "None", "depreciationAndAmortization": "23015000", "incomeBeforeTax": "57267000", "incomeTaxExpense": "3274000", "interestAndDebtExpense": "None", "netIncomeFromContinuingOperations": "53993000", "comprehensiveIncomeNetOfTax": "None", "ebit": "58559000", "ebitda": "81574000", "netIncome": "53993000"}, {"fiscalDateEnding": "2023-09-30", "reportedCurrency": "USD", "grossProfit": "444009000", "totalRevenue": "547536000", "costOfRevenue": "103527000", "costofGoodsAndServicesSold": "103527000", "operatingIncome": "-4230000", "sellingGeneralAndAdministrative": "51352000", "researchAndDevelopment": "240225000", "operatingExpenses": "448239000", "investmentIncomeNet": "None", "netInterestIncome": "28530000", "interestIncome": "29833000", "interestExpense": "1303000", "nonInterestIncome": "None", "otherNonOperatingIncome": "None", "depreciation": "None", "depreciationAndAmortization": "11609000", "incomeBeforeTax": "24300000", "incomeTaxExpense": "1670000", "interestAndDebtExpense": "None", "netIncomeFromContinuingOperations": "22630000", "comprehensiveIncomeNetOfTax": "None", "ebit": "25603000", "ebitda": "37212000", "netIncome": "22630000"}, {"fiscalDateEnding": "2023-06-30", "reportedCurrency": "USD", "grossProfit": "407408000", "totalRevenue": "509460000", "costOfRevenue": "102052000", "costofGoodsAndServicesSold": "102052000", "operatingIncome": "-22006000", "sellingGeneralAndAdministrative": "42671000", "researchAndDevelopment": "239494000", "operatingExpenses": "429414000", "investmentIncomeNet": "None", "netInterestIncome": "21098000", "interestIncome": "22624000", "interestExpense": "1526000", "nonInterestIncome": "None", "otherNonOperatingIncome": "21098000", "depreciation": "None", "depreciationAndAmortization": "10550000", "incomeBeforeTax": "-908000", "incomeTaxExpense": "3061000", "interestAndDebtExpense": "None", "netIncomeFromContinuingOperations": "-3969000", "comprehensiveIncomeNetOfTax": "None", "ebit": "618000", "ebitda": "11168000", "netIncome": "-3969000"}, {"fiscalDateEnding": "2023-03-31", "reportedCurrency": "USD", "grossProfit": "381597000", "totalRevenue": "481714000", "costOfRevenue": "100117000", "costofGoodsAndServicesSold": "100117000", "operatingIncome": "-34970000", "sellingGeneralAndAdministrative": "42321000", "researchAndDevelopment": "229478000", "operatingExpenses": "416567000", "investmentIncomeNet": "None", "netInterestIncome": "14546000", "interestIncome": "16727000", "interestExpense": "2181000", "nonInterestIncome": "None", "otherNonOperatingIncome": "14546000", "depreciation": "None", "depreciationAndAmortization": "10275000", "incomeBeforeTax": "-20424000", "incomeTaxExpense": "3662000", "interestAndDebtExpense": "None", "netIncomeFromContinuingOperations": "-24086000", "comprehensiveIncomeNetOfTax": "None", "ebit": "-18243000", "ebitda": "-7968000", "netIncome": "-24086000"}, {"fiscalDateEnding": "2022-12-31", "reportedCurrency": "USD", "grossProfit": "372434000", "totalRevenue": "469399000", "costOfRevenue": "96965000", "costofGoodsAndServicesSold": "96965000", "operatingIncome": "-34628000", "sellingGeneralAndAdministrative": "39255000", "researchAndDevelopment": "218656000", "operatingExpenses": "407062000", "investmentIncomeNet": "None", "netInterestIncome": "8774000", "interestIncome": "11793000", "interestExpense": "3019000", "nonInterestIncome": "None", "otherNonOperatingIncome": "8774000", "depreciation": "None", "depreciationAndAmortization": "17866000", "incomeBeforeTax": "-25854000", "incomeTaxExpense": "3180000", "interestAndDebtExpense": "None", "netIncomeFromContinuingOperations": "-29034000", "comprehensiveIncomeNetOfTax": "None", "ebit": "-22835000", "ebitda": "-4969000", "netIncome": "-29034000"}, {"fiscalDateEnding": "2022-09-30", "reportedCurrency": "USD", "grossProfit": "342726000", "totalRevenue": "436533000", "costOfRevenue": "93807000", "costofGoodsAndServicesSold": "93807000", "operatingIncome": "-31342000", "sellingGeneralAndAdministrative": "39395000", "researchAndDevelopment": "205388000", "operatingExpenses": "374068000", "investmentIncomeNet": "None", "netInterestIncome": "5359000", "interestIncome": "9087000", "interestExpense": "3728000", "nonInterestIncome": "None", "otherNonOperatingIncome": "8283000", "depreciation": "None", "depreciationAndAmortization": "9313000", "incomeBeforeTax": "-23059000", "incomeTaxExpense": "2926000", "interestAndDebtExpense": "None", "netIncomeFromContinuingOperations": "-25985000", "comprehensiveIncomeNetOfTax": "None", "ebit": "-19331000", "ebitda": "-10018000", "netIncome": "-25985000"}, {"fiscalDateEnding": "2022-06-30", "reportedCurrency": "USD", "grossProfit": "324007000", "totalRevenue": "406138000", "costOfRevenue": "82131000", "costofGoodsAndServicesSold": "82131000", "operatingIncome": "-3139000", "sellingGeneralAndAdministrative": "34383000", "researchAndDevelopment": "177699000", "operatingExpenses": "327146000", "investmentIncomeNet": "None", "netInterestIncome": "3128000", "interestIncome": "7669000", "interestExpense": "4541000", "nonInterestIncome": "None", "otherNonOperatingIncome": "3128000", "depreciation": "None", "depreciationAndAmortization": "8118000", "incomeBeforeTax": "-11000", "incomeTaxExpense": "4868000", "interestAndDebtExpense": "None", "netIncomeFromContinuingOperations": "-4879000", "comprehensiveIncomeNetOfTax": "None", "ebit": "4530000", "ebitda": "12648000", "netIncome": "-4879000"}, {"fiscalDateEnding": "2022-03-31", "reportedCurrency": "USD", "grossProfit": "288365000", "totalRevenue": "363030000", "costOfRevenue": "74665000", "costofGoodsAndServicesSold": "74665000", "operatingIncome": "10414000", "sellingGeneralAndAdministrative": "26380000", "researchAndDevelopment": "150608000", "operatingExpenses": "277951000", "investmentIncomeNet": "None", "netInterestIncome": "249000", "interestIncome": "5496000", "interestExpense": "5247000", "nonInterestIncome": "None", "otherNonOperatingIncome": "440000", "depreciation": "None", "depreciationAndAmortization": "7394000", "incomeBeforeTax": "10854000", "incomeTaxExpense": "1116000", "interestAndDebtExpense": "None", "netIncomeFromContinuingOperations": "9738000", "comprehensiveIncomeNetOfTax": "None", "ebit": "16101000", "ebitda": "23495000", "netIncome": "9738000"}, {"fiscalDateEnding": "2021-12-31", "reportedCurrency": "USD", "grossProfit": "258841000", "totalRevenue": "326198000", "costOfRevenue": "67357000", "costofGoodsAndServicesSold": "67357000", "operatingIncome": "8455000", "sellingGeneralAndAdministrative": "28640000", "researchAndDevelopment": "133049000", "operatingExpenses": "250386000", "investmentIncomeNet": "None", "netInterestIncome": "77000", "interestIncome": "5681000", "interestExpense": "5604000", "nonInterestIncome": "None", "otherNonOperatingIncome": "77000", "depreciation": "None", "depreciationAndAmortization": "6876000", "incomeBeforeTax": "8532000", "incomeTaxExpense": "1363000", "interestAndDebtExpense": "None", "netIncomeFromContinuingOperations": "7169000", "comprehensiveIncomeNetOfTax": "None", "ebit": "14136000", "ebitda": "21012000", "netIncome": "7169000"}, {"fiscalDateEnding": "2021-09-30", "reportedCurrency": "USD", "grossProfit": "207156000", "totalRevenue": "270488000", "costOfRevenue": "63332000", "costofGoodsAndServicesSold": "63332000", "operatingIncome": "-4895000", "sellingGeneralAndAdministrative": "23549000", "researchAndDevelopment": "112675000", "operatingExpenses": "212051000", "investmentIncomeNet": "None", "netInterestIncome": "-82000", "interestIncome": "4830000", "interestExpense": "4912000", "nonInterestIncome": "None", "otherNonOperatingIncome": "128000", "depreciation": "None", "depreciationAndAmortization": "6197000", "incomeBeforeTax": "-4767000", "incomeTaxExpense": "717000", "interestAndDebtExpense": "None", "netIncomeFromContinuingOperations": "-5484000", "comprehensiveIncomeNetOfTax": "None", "ebit": "145000", "ebitda": "6342000", "netIncome": "-5484000"}, {"fiscalDateEnding": "2021-06-30", "reportedCurrency": "USD", "grossProfit": "176451000", "totalRevenue": "233549000", "costOfRevenue": "57098000", "costofGoodsAndServicesSold": "57098000", "operatingIncome": "-9886000", "sellingGeneralAndAdministrative": "21146000", "researchAndDevelopment": "94779000", "operatingExpenses": "186337000", "investmentIncomeNet": "None", "netInterestIncome": "178000", "interestIncome": "5242000", "interestExpense": "5064000", "nonInterestIncome": "None", "otherNonOperatingIncome": "228000", "depreciation": "None", "depreciationAndAmortization": "5463000", "incomeBeforeTax": "-9658000", "incomeTaxExpense": "-296000", "interestAndDebtExpense": "None", "netIncomeFromContinuingOperations": "-9362000", "comprehensiveIncomeNetOfTax": "None", "ebit": "-4594000", "ebitda": "869000", "netIncome": "-9362000"}, {"fiscalDateEnding": "2021-03-31", "reportedCurrency": "USD", "grossProfit": "151883000", "totalRevenue": "198549000", "costOfRevenue": "46666000", "costofGoodsAndServicesSold": "46666000", "operatingIncome": "-12830000", "sellingGeneralAndAdministrative": "21094000", "researchAndDevelopment": "79266000", "operatingExpenses": "164713000", "investmentIncomeNet": "None", "netInterestIncome": "426000", "interestIncome": "5898000", "interestExpense": "5472000", "nonInterestIncome": "None", "otherNonOperatingIncome": "301000", "depreciation": "None", "depreciationAndAmortization": "4402000", "incomeBeforeTax": "-12529000", "incomeTaxExpense": "539000", "interestAndDebtExpense": "None", "netIncomeFromContinuingOperations": "-13068000", "comprehensiveIncomeNetOfTax": "None", "ebit": "-7057000", "ebitda": "-2655000", "netIncome": "-13068000"}, {"fiscalDateEnding": "2020-12-31", "reportedCurrency": "USD", "grossProfit": "136675000", "totalRevenue": "177531000", "costOfRevenue": "40856000", "costofGoodsAndServicesSold": "40856000", "operatingIncome": "-8938000", "sellingGeneralAndAdministrative": "17881000", "researchAndDevelopment": "67698000", "operatingExpenses": "145613000", "investmentIncomeNet": "None", "netInterestIncome": "-6229000", "interestIncome": "6781000", "interestExpense": "13010000", "nonInterestIncome": "None", "otherNonOperatingIncome": "None", "depreciation": "None", "depreciationAndAmortization": "7182000", "incomeBeforeTax": "-15167000", "incomeTaxExpense": "993000", "interestAndDebtExpense": "None", "netIncomeFromContinuingOperations": "-16160000", "comprehensiveIncomeNetOfTax": "None", "ebit": "-2157000", "ebitda": "5025000", "netIncome": "-16160000"}, {"fiscalDateEnding": "2020-09-30", "reportedCurrency": "USD", "grossProfit": "120691000", "totalRevenue": "154675000", "costOfRevenue": "33984000", "costofGoodsAndServicesSold": "33984000", "operatingIncome": "-9267000", "sellingGeneralAndAdministrative": "16376000", "researchAndDevelopment": "56440000", "operatingExpenses": "129958000", "investmentIncomeNet": "None", "netInterestIncome": "-5838000", "interestIncome": "6585000", "interestExpense": "12423000", "nonInterestIncome": "None", "otherNonOperatingIncome": "None", "depreciation": "None", "depreciationAndAmortization": "3972000", "incomeBeforeTax": "-14555000", "incomeTaxExpense": "595000", "interestAndDebtExpense": "None", "netIncomeFromContinuingOperations": "-15150000", "comprehensiveIncomeNetOfTax": "None", "ebit": "-2132000", "ebitda": "1840000", "netIncome": "-15150000"}, {"fiscalDateEnding": "2020-06-30", "reportedCurrency": "USD", "grossProfit": "111134000", "totalRevenue": "140012000", "costOfRevenue": "28878000", "costofGoodsAndServicesSold": "28878000", "operatingIncome": "654000", "sellingGeneralAndAdministrative": "13547000", "researchAndDevelopment": "45664000", "operatingExpenses": "110480000", "investmentIncomeNet": "None", "netInterestIncome": "172000", "interestIncome": "4466000", "interestExpense": "4294000", "nonInterestIncome": "None", "otherNonOperatingIncome": "None", "depreciation": "None", "depreciationAndAmortization": "3707000", "incomeBeforeTax": "826000", "incomeTaxExpense": "542000", "interestAndDebtExpense": "None", "netIncomeFromContinuingOperations": "284000", "comprehensiveIncomeNetOfTax": "None", "ebit": "5120000", "ebitda": "8827000", "netIncome": "284000"}, {"fiscalDateEnding": "2020-03-31", "reportedCurrency": "USD", "grossProfit": "104769000", "totalRevenue": "131248000", "costOfRevenue": "26479000", "costofGoodsAndServicesSold": "26479000", "operatingIncome": "3778000", "sellingGeneralAndAdministrative": "14952000", "researchAndDevelopment": "40824000", "operatingExpenses": "100991000", "investmentIncomeNet": "None", "netInterestIncome": "None", "interestIncome": "None", "interestExpense": "707000", "nonInterestIncome": "None", "otherNonOperatingIncome": "None", "depreciation": "None", "depreciationAndAmortization": "3688000", "incomeBeforeTax": "6674000", "incomeTaxExpense": "195000", "interestAndDebtExpense": "None", "netIncomeFromContinuingOperations": "6479000", "comprehensiveIncomeNetOfTax": "None", "ebit": "6674000", "ebitda": "10362000", "netIncome": "6479000"}, {"fiscalDateEnding": "2019-12-31", "reportedCurrency": "USD", "grossProfit": "87920000", "totalRevenue": "113644000", "costOfRevenue": "25724000", "costofGoodsAndServicesSold": "25724000", "operatingIncome": "-2266000", "sellingGeneralAndAdministrative": "12696000", "researchAndDevelopment": "35894000", "operatingExpenses": "90186000", "investmentIncomeNet": "None", "netInterestIncome": "None", "interestIncome": "None", "interestExpense": "None", "nonInterestIncome": "None", "otherNonOperatingIncome": "None", "depreciation": "None", "depreciationAndAmortization": "3594000", "incomeBeforeTax": "1252000", "incomeTaxExpense": "361000", "interestAndDebtExpense": "None", "netIncomeFromContinuingOperations": "891000", "comprehensiveIncomeNetOfTax": "None", "ebit": "1252000", "ebitda": "4846000", "netIncome": "891000"}, {"fiscalDateEnding": "2019-09-30", "reportedCurrency": "USD", "grossProfit": "72567000", "totalRevenue": "95864000", "costOfRevenue": "23297000", "costofGoodsAndServicesSold": "23297000", "operatingIncome": "-4218000", "sellingGeneralAndAdministrative": "9265000", "researchAndDevelopment": "28684000", "operatingExpenses": "76785000", "investmentIncomeNet": "None", "netInterestIncome": "None", "interestIncome": "None", "interestExpense": "None", "nonInterestIncome": "None", "otherNonOperatingIncome": "None", "depreciation": "None", "depreciationAndAmortization": "7107000", "incomeBeforeTax": "-4128000", "incomeTaxExpense": "33000", "interestAndDebtExpense": "None", "netIncomeFromContinuingOperations": "-4161000", "comprehensiveIncomeNetOfTax": "None", "ebit": "-4128000", "ebitda": "2979000", "netIncome": "-4161000"}, {"fiscalDateEnding": "2019-06-30", "reportedCurrency": "USD", "grossProfit": "62244000", "totalRevenue": "83222000", "costOfRevenue": "20978000", "costofGoodsAndServicesSold": "20978000", "operatingIncome": "-3994000", "sellingGeneralAndAdministrative": "6088000", "researchAndDevelopment": "24032000", "operatingExpenses": "66238000", "investmentIncomeNet": "None", "netInterestIncome": "326000", "interestIncome": "326000", "interestExpense": "0", "nonInterestIncome": "None", "otherNonOperatingIncome": "0", "depreciation": "None", "depreciationAndAmortization": "4858000", "incomeBeforeTax": "-3668000", "incomeTaxExpense": "281000", "interestAndDebtExpense": "None", "netIncomeFromContinuingOperations": "-3949000", "comprehensiveIncomeNetOfTax": "None", "ebit": "-3668000", "ebitda": "1190000", "netIncome": "-3949000"}, {"fiscalDateEnding": "2019-03-31", "reportedCurrency": "USD", "grossProfit": "51100000", "totalRevenue": "70050000", "costOfRevenue": "18950000", "costofGoodsAndServicesSold": "18950000", "operatingIncome": "-9662000", "sellingGeneralAndAdministrative": "7840000", "researchAndDevelopment": "22815000", "operatingExpenses": "60762000", "investmentIncomeNet": "None", "netInterestIncome": "None", "interestIncome": "None", "interestExpense": "0", "nonInterestIncome": "None", "otherNonOperatingIncome": "0", "depreciation": "None", "depreciationAndAmortization": "4411000", "incomeBeforeTax": "-9432000", "incomeTaxExpense": "59000", "interestAndDebtExpense": "None", "netIncomeFromContinuingOperations": "-9491000", "comprehensiveIncomeNetOfTax": "None", "ebit": "-9432000", "ebitda": "-5021000", "netIncome": "-9491000"}, {"fiscalDateEnding": "2018-12-31", "reportedCurrency": "USD", "grossProfit": "45771000", "totalRevenue": "61610000", "costOfRevenue": "15839000", "costofGoodsAndServicesSold": "15839000", "operatingIncome": "-6674000", "sellingGeneralAndAdministrative": "5623000", "researchAndDevelopment": "17720000", "operatingExpenses": "52445000", "investmentIncomeNet": "None", "netInterestIncome": "None", "interestIncome": "None", "interestExpense": "0", "nonInterestIncome": "None", "otherNonOperatingIncome": "0", "depreciation": "None", "depreciationAndAmortization": "1787000", "incomeBeforeTax": "-6493000", "incomeTaxExpense": "94000", "interestAndDebtExpense": "None", "netIncomeFromContinuingOperations": "-9491000", "comprehensiveIncomeNetOfTax": "None", "ebit": "-6674000", "ebitda": "-6493000", "netIncome": "-6587000"}, {"fiscalDateEnding": "2018-09-30", "reportedCurrency": "USD", "grossProfit": "38976000", "totalRevenue": "51074000", "costOfRevenue": "12098000", "costofGoodsAndServicesSold": "12098000", "operatingIncome": "-4635000", "sellingGeneralAndAdministrative": "4322000", "researchAndDevelopment": "14159000", "operatingExpenses": "43611000", "investmentIncomeNet": "None", "netInterestIncome": "None", "interestIncome": "None", "interestExpense": "0", "nonInterestIncome": "None", "otherNonOperatingIncome": "0", "depreciation": "None", "depreciationAndAmortization": "1743000", "incomeBeforeTax": "-4324000", "incomeTaxExpense": "349000", "interestAndDebtExpense": "None", "netIncomeFromContinuingOperations": "-4673000", "comprehensiveIncomeNetOfTax": "None", "ebit": "-4635000", "ebitda": "-4324000", "netIncome": "-4673000"}, {"fiscalDateEnding": "2018-06-30", "reportedCurrency": "None", "grossProfit": "36228000", "totalRevenue": "45678000", "costOfRevenue": "9450000", "costofGoodsAndServicesSold": "9450000", "operatingIncome": "123000", "sellingGeneralAndAdministrative": "4344000", "researchAndDevelopment": "12426000", "operatingExpenses": "36105000", "investmentIncomeNet": "None", "netInterestIncome": "None", "interestIncome": "None", "interestExpense": "None", "nonInterestIncome": "None", "otherNonOperatingIncome": "None", "depreciation": "None", "depreciationAndAmortization": "1471000", "incomeBeforeTax": "151000", "incomeTaxExpense": "-2000", "interestAndDebtExpense": "None", "netIncomeFromContinuingOperations": "None", "comprehensiveIncomeNetOfTax": "None", "ebit": "151000", "ebitda": "1622000", "netIncome": "153000"}, {"fiscalDateEnding": "2018-03-31", "reportedCurrency": "None", "grossProfit": "30573000", "totalRevenue": "39715000", "costOfRevenue": "9142000", "costofGoodsAndServicesSold": "9142000", "operatingIncome": "153000", "sellingGeneralAndAdministrative": "4267000", "researchAndDevelopment": "10871000", "operatingExpenses": "30420000", "investmentIncomeNet": "None", "netInterestIncome": "None", "interestIncome": "None", "interestExpense": "None", "nonInterestIncome": "None", "otherNonOperatingIncome": "None", "depreciation": "None", "depreciationAndAmortization": "1024999", "incomeBeforeTax": "426000", "incomeTaxExpense": "81000", "interestAndDebtExpense": "None", "netIncomeFromContinuingOperations": "None", "comprehensiveIncomeNetOfTax": "None", "ebit": "426001", "ebitda": "1451000", "netIncome": "345000"}]}