{"symbol": "AUDC", "annualReports": [{"fiscalDateEnding": "2025-12-31", "reportedCurrency": "None", "grossProfit": "159632000", "totalRevenue": "245604000", "costOfRevenue": "85972000", "costofGoodsAndServicesSold": "85972000", "operatingIncome": "14039000", "sellingGeneralAndAdministrative": "15760000", "researchAndDevelopment": "52591000", "operatingExpenses": "145593000", "investmentIncomeNet": "None", "netInterestIncome": "None", "interestIncome": "None", "interestExpense": "461000", "nonInterestIncome": "None", "otherNonOperatingIncome": "None", "depreciation": "None", "depreciationAndAmortization": "4235000", "incomeBeforeTax": "13578000", "incomeTaxExpense": "4623000", "interestAndDebtExpense": "None", "netIncomeFromContinuingOperations": "None", "comprehensiveIncomeNetOfTax": "None", "ebit": "14039000", "ebitda": "18274000", "netIncome": "8955000"}, {"fiscalDateEnding": "2024-12-31", "reportedCurrency": "USD", "grossProfit": "158161000", "totalRevenue": "242176000", "costOfRevenue": "84015000", "costofGoodsAndServicesSold": "84015000", "operatingIncome": "17191000", "sellingGeneralAndAdministrative": "17678000", "researchAndDevelopment": "52125000", "operatingExpenses": "140970000", "investmentIncomeNet": "None", "netInterestIncome": "2611000", "interestIncome": "2907000", "interestExpense": "296000", "nonInterestIncome": "None", "otherNonOperatingIncome": "None", "depreciation": "None", "depreciationAndAmortization": "3883000", "incomeBeforeTax": "15096000", "incomeTaxExpense": "-215000", "interestAndDebtExpense": "None", "netIncomeFromContinuingOperations": "15311000", "comprehensiveIncomeNetOfTax": "None", "ebit": "17191000", "ebitda": "21074000", "netIncome": "15311000"}, {"fiscalDateEnding": "2023-12-31", "reportedCurrency": "USD", "grossProfit": "158349000", "totalRevenue": "244383000", "costOfRevenue": "86034000", "costofGoodsAndServicesSold": "86034000", "operatingIncome": "14424000", "sellingGeneralAndAdministrative": "16513000", "researchAndDevelopment": "57169000", "operatingExpenses": "143925000", "investmentIncomeNet": "None", "netInterestIncome": "1614000", "interestIncome": "2297000", "interestExpense": "3240000", "nonInterestIncome": "None", "otherNonOperatingIncome": "None", "depreciation": "None", "depreciationAndAmortization": "2596000", "incomeBeforeTax": "14372000", "incomeTaxExpense": "5592000", "interestAndDebtExpense": "None", "netIncomeFromContinuingOperations": "12674000", "comprehensiveIncomeNetOfTax": "None", "ebit": "15937000", "ebitda": "18533000", "netIncome": "8780000"}, {"fiscalDateEnding": "2022-12-31", "reportedCurrency": "USD", "grossProfit": "178778000", "totalRevenue": "275093000", "costOfRevenue": "96315000", "costofGoodsAndServicesSold": "96315000", "operatingIncome": "31319000", "sellingGeneralAndAdministrative": "17494000", "researchAndDevelopment": "59842000", "operatingExpenses": "147459000", "investmentIncomeNet": "None", "netInterestIncome": "2864000", "interestIncome": "2804000", "interestExpense": "358000", "nonInterestIncome": "None", "otherNonOperatingIncome": "None", "depreciation": "None", "depreciationAndAmortization": "2984000", "incomeBeforeTax": "34183000", "incomeTaxExpense": "5717000", "interestAndDebtExpense": "None", "netIncomeFromContinuingOperations": "28466000", "comprehensiveIncomeNetOfTax": "None", "ebit": "36379000", "ebitda": "39363000", "netIncome": "28466000"}, {"fiscalDateEnding": "2021-12-31", "reportedCurrency": "USD", "grossProfit": "170891000", "totalRevenue": "248920000", "costOfRevenue": "78029000", "costofGoodsAndServicesSold": "78029000", "operatingIncome": "39524000", "sellingGeneralAndAdministrative": "15914000", "researchAndDevelopment": "53396000", "operatingExpenses": "131367000", "investmentIncomeNet": "None", "netInterestIncome": "123000", "interestIncome": "2688000", "interestExpense": "2260000", "nonInterestIncome": "None", "otherNonOperatingIncome": "None", "depreciation": "None", "depreciationAndAmortization": "2432000", "incomeBeforeTax": "39647000", "incomeTaxExpense": "5896000", "interestAndDebtExpense": "None", "netIncomeFromContinuingOperations": "33751000", "comprehensiveIncomeNetOfTax": "None", "ebit": "41907000", "ebitda": "44339000", "netIncome": "33751000"}, {"fiscalDateEnding": "2020-12-31", "reportedCurrency": "USD", "grossProfit": "149816000", "totalRevenue": "220774000", "costOfRevenue": "70958000", "costofGoodsAndServicesSold": "70958000", "operatingIncome": "38350000", "sellingGeneralAndAdministrative": "14177000", "researchAndDevelopment": "46072000", "operatingExpenses": "111466000", "investmentIncomeNet": "None", "netInterestIncome": "-1703000", "interestIncome": "1255000", "interestExpense": "1000000", "nonInterestIncome": "None", "otherNonOperatingIncome": "None", "depreciation": "None", "depreciationAndAmortization": "2268000", "incomeBeforeTax": "36647000", "incomeTaxExpense": "9399000", "interestAndDebtExpense": "None", "netIncomeFromContinuingOperations": "27248000", "comprehensiveIncomeNetOfTax": "None", "ebit": "37304000", "ebitda": "39572000", "netIncome": "27248000"}, {"fiscalDateEnding": "2019-12-31", "reportedCurrency": "USD", "grossProfit": "94958000", "totalRevenue": "200287000", "costOfRevenue": "105329000", "costofGoodsAndServicesSold": "105329000", "operatingIncome": "-9554000", "sellingGeneralAndAdministrative": "11778000", "researchAndDevelopment": "41199000", "operatingExpenses": "104512000", "investmentIncomeNet": "None", "netInterestIncome": "490000", "interestIncome": "1010000", "interestExpense": "600000", "nonInterestIncome": "None", "otherNonOperatingIncome": "None", "depreciation": "None", "depreciationAndAmortization": "2044000", "incomeBeforeTax": "-11315000", "incomeTaxExpense": "-15292000", "interestAndDebtExpense": "None", "netIncomeFromContinuingOperations": "3977000", "comprehensiveIncomeNetOfTax": "None", "ebit": "-10715000", "ebitda": "-8671000", "netIncome": "3977000"}, {"fiscalDateEnding": "2018-12-31", "reportedCurrency": "USD", "grossProfit": "110606000", "totalRevenue": "176223000", "costOfRevenue": "65617000", "costofGoodsAndServicesSold": "65617000", "operatingIncome": "16359000", "sellingGeneralAndAdministrative": "10251000", "researchAndDevelopment": "34661000", "operatingExpenses": "94247000", "investmentIncomeNet": "None", "netInterestIncome": "594000", "interestIncome": "1125000", "interestExpense": "884000", "nonInterestIncome": "None", "otherNonOperatingIncome": "None", "depreciation": "None", "depreciationAndAmortization": "2309000", "incomeBeforeTax": "16587000", "incomeTaxExpense": "3094000", "interestAndDebtExpense": "None", "netIncomeFromContinuingOperations": "13493000", "comprehensiveIncomeNetOfTax": "None", "ebit": "16359000", "ebitda": "18668000", "netIncome": "13493000"}, {"fiscalDateEnding": "2017-12-31", "reportedCurrency": "USD", "grossProfit": "97845000", "totalRevenue": "156739000", "costOfRevenue": "58894000", "costofGoodsAndServicesSold": "58894000", "operatingIncome": "9650000", "sellingGeneralAndAdministrative": "8893000", "researchAndDevelopment": "30348000", "operatingExpenses": "88195000", "investmentIncomeNet": "None", "netInterestIncome": "642000", "interestIncome": "1209000", "interestExpense": "567000", "nonInterestIncome": "None", "otherNonOperatingIncome": "None", "depreciation": "None", "depreciationAndAmortization": "2438000", "incomeBeforeTax": "9640000", "incomeTaxExpense": "5610000", "interestAndDebtExpense": "None", "netIncomeFromContinuingOperations": "4030000", "comprehensiveIncomeNetOfTax": "None", "ebit": "9650000", "ebitda": "12088000", "netIncome": "4030000"}, {"fiscalDateEnding": "2016-12-31", "reportedCurrency": "USD", "grossProfit": "88341000", "totalRevenue": "145571000", "costOfRevenue": "57230000", "costofGoodsAndServicesSold": "57230000", "operatingIncome": "7754000", "sellingGeneralAndAdministrative": "6364000", "researchAndDevelopment": "29139000", "operatingExpenses": "80587000", "investmentIncomeNet": "None", "netInterestIncome": "1302000", "interestIncome": "1847000", "interestExpense": "545000", "nonInterestIncome": "None", "otherNonOperatingIncome": "None", "depreciation": "None", "depreciationAndAmortization": "2892000", "incomeBeforeTax": "7594000", "incomeTaxExpense": "-8644000", "interestAndDebtExpense": "None", "netIncomeFromContinuingOperations": "16238000", "comprehensiveIncomeNetOfTax": "None", "ebit": "7754000", "ebitda": "10646000", "netIncome": "16238000"}, {"fiscalDateEnding": "2015-12-31", "reportedCurrency": "USD", "grossProfit": "82788000", "totalRevenue": "139759000", "costOfRevenue": "56971000", "costofGoodsAndServicesSold": "56971000", "operatingIncome": "2706000", "sellingGeneralAndAdministrative": "8726000", "researchAndDevelopment": "27996000", "operatingExpenses": "80082000", "investmentIncomeNet": "None", "netInterestIncome": "None", "interestIncome": "728000", "interestExpense": "564000", "nonInterestIncome": "None", "otherNonOperatingIncome": "None", "depreciation": "None", "depreciationAndAmortization": "2963000", "incomeBeforeTax": "3148000", "incomeTaxExpense": "2782000", "interestAndDebtExpense": "None", "netIncomeFromContinuingOperations": "366000", "comprehensiveIncomeNetOfTax": "None", "ebit": "2706000", "ebitda": "5669000", "netIncome": "366000"}, {"fiscalDateEnding": "2014-12-31", "reportedCurrency": "USD", "grossProfit": "88987000", "totalRevenue": "151579000", "costOfRevenue": "62592000", "costofGoodsAndServicesSold": "62592000", "operatingIncome": "3501000", "sellingGeneralAndAdministrative": "7677000", "researchAndDevelopment": "32275000", "operatingExpenses": "85486000", "investmentIncomeNet": "None", "netInterestIncome": "None", "interestIncome": "None", "interestExpense": "620000", "nonInterestIncome": "None", "otherNonOperatingIncome": "None", "depreciation": "None", "depreciationAndAmortization": "3230000", "incomeBeforeTax": "3305000", "incomeTaxExpense": "3391000", "interestAndDebtExpense": "None", "netIncomeFromContinuingOperations": "-86000", "comprehensiveIncomeNetOfTax": "None", "ebit": "3501000", "ebitda": "6731000", "netIncome": "-86000"}, {"fiscalDateEnding": "2013-12-31", "reportedCurrency": "USD", "grossProfit": "78668000", "totalRevenue": "137232000", "costOfRevenue": "58564000", "costofGoodsAndServicesSold": "58564000", "operatingIncome": "2739000", "sellingGeneralAndAdministrative": "8456000", "researchAndDevelopment": "28194000", "operatingExpenses": "75929000", "investmentIncomeNet": "None", "netInterestIncome": "None", "interestIncome": "None", "interestExpense": "617000", "nonInterestIncome": "None", "otherNonOperatingIncome": "None", "depreciation": "None", "depreciationAndAmortization": "3047000", "incomeBeforeTax": "2835000", "incomeTaxExpense": "-1404000", "interestAndDebtExpense": "None", "netIncomeFromContinuingOperations": "None", "comprehensiveIncomeNetOfTax": "None", "ebit": "2899000", "ebitda": "5946000", "netIncome": "4218000"}, {"fiscalDateEnding": "2012-12-31", "reportedCurrency": "USD", "grossProfit": "73196000", "totalRevenue": "127490000", "costOfRevenue": "54294000", "costofGoodsAndServicesSold": "54294000", "operatingIncome": "-3735000", "sellingGeneralAndAdministrative": "8214000", "researchAndDevelopment": "28677000", "operatingExpenses": "76931000", "investmentIncomeNet": "None", "netInterestIncome": "None", "interestIncome": "None", "interestExpense": "900000", "nonInterestIncome": "None", "otherNonOperatingIncome": "None", "depreciation": "None", "depreciationAndAmortization": "2883000", "incomeBeforeTax": "-3282000", "incomeTaxExpense": "541000", "interestAndDebtExpense": "None", "netIncomeFromContinuingOperations": "None", "comprehensiveIncomeNetOfTax": "None", "ebit": "-1946000", "ebitda": "937000", "netIncome": "-4177000"}, {"fiscalDateEnding": "2011-12-31", "reportedCurrency": "USD", "grossProfit": "91670000", "totalRevenue": "155827000", "costOfRevenue": "64157000", "costofGoodsAndServicesSold": "64157000", "operatingIncome": "7232000", "sellingGeneralAndAdministrative": "9028000", "researchAndDevelopment": "32150000", "operatingExpenses": "84438000", "investmentIncomeNet": "None", "netInterestIncome": "None", "interestIncome": "None", "interestExpense": "346000", "nonInterestIncome": "None", "otherNonOperatingIncome": "None", "depreciation": "None", "depreciationAndAmortization": "3264000", "incomeBeforeTax": "7655000", "incomeTaxExpense": "238000", "interestAndDebtExpense": "None", "netIncomeFromContinuingOperations": "None", "comprehensiveIncomeNetOfTax": "None", "ebit": "8416000", "ebitda": "11680000", "netIncome": "7164000"}, {"fiscalDateEnding": "2010-12-31", "reportedCurrency": "USD", "grossProfit": "83902000", "totalRevenue": "150040000", "costOfRevenue": "66138000", "costofGoodsAndServicesSold": "66138000", "operatingIncome": "10437000", "sellingGeneralAndAdministrative": "8252000", "researchAndDevelopment": "30189000", "operatingExpenses": "73465000", "investmentIncomeNet": "None", "netInterestIncome": "None", "interestIncome": "None", "interestExpense": "694000", "nonInterestIncome": "None", "otherNonOperatingIncome": "None", "depreciation": "None", "depreciationAndAmortization": "4359000", "incomeBeforeTax": "10343000", "incomeTaxExpense": "-1885000", "interestAndDebtExpense": "None", "netIncomeFromContinuingOperations": "None", "comprehensiveIncomeNetOfTax": "None", "ebit": "10644000", "ebitda": "15003000", "netIncome": "12126000"}, {"fiscalDateEnding": "2009-12-31", "reportedCurrency": "USD", "grossProfit": "69700000", "totalRevenue": "125894000", "costOfRevenue": "56194000", "costofGoodsAndServicesSold": "56194000", "operatingIncome": "-184000", "sellingGeneralAndAdministrative": "7821000", "researchAndDevelopment": "29952000", "operatingExpenses": "69884000", "investmentIncomeNet": "None", "netInterestIncome": "None", "interestIncome": "None", "interestExpense": "4739000", "nonInterestIncome": "None", "otherNonOperatingIncome": "None", "depreciation": "None", "depreciationAndAmortization": "5271000", "incomeBeforeTax": "-2928000", "incomeTaxExpense": "-445000", "interestAndDebtExpense": "None", "netIncomeFromContinuingOperations": "None", "comprehensiveIncomeNetOfTax": "None", "ebit": "1509000", "ebitda": "6780000", "netIncome": "-2085000"}, {"fiscalDateEnding": "2008-12-31", "reportedCurrency": "USD", "grossProfit": "97289000", "totalRevenue": "174744000", "costOfRevenue": "77455000", "costofGoodsAndServicesSold": "77455000", "operatingIncome": "-79435000", "sellingGeneralAndAdministrative": "9219000", "researchAndDevelopment": "37833000", "operatingExpenses": "91709000", "investmentIncomeNet": "None", "netInterestIncome": "None", "interestIncome": "None", "interestExpense": "2357000", "nonInterestIncome": "None", "otherNonOperatingIncome": "None", "depreciation": "None", "depreciationAndAmortization": "7553000", "incomeBeforeTax": "-78253000", "incomeTaxExpense": "505000", "interestAndDebtExpense": "None", "netIncomeFromContinuingOperations": "None", "comprehensiveIncomeNetOfTax": "None", "ebit": "-76008000", "ebitda": "-68455000", "netIncome": "-81340000"}, {"fiscalDateEnding": "2007-12-31", "reportedCurrency": "USD", "grossProfit": "89050000", "totalRevenue": "158235000", "costOfRevenue": "69185000", "costofGoodsAndServicesSold": "69185000", "operatingIncome": "-4193000", "sellingGeneralAndAdministrative": "52537000", "researchAndDevelopment": "40706000", "operatingExpenses": "93243000", "investmentIncomeNet": "None", "netInterestIncome": "None", "interestIncome": "None", "interestExpense": "1573000", "nonInterestIncome": "None", "otherNonOperatingIncome": "None", "depreciation": "None", "depreciationAndAmortization": "8031000", "incomeBeforeTax": "-2620000", "incomeTaxExpense": "1265000", "interestAndDebtExpense": "None", "netIncomeFromContinuingOperations": "None", "comprehensiveIncomeNetOfTax": "None", "ebit": "-4193000", "ebitda": "3838000", "netIncome": "-3885000"}, {"fiscalDateEnding": "2006-12-31", "reportedCurrency": "USD", "grossProfit": "86111000", "totalRevenue": "147353000", "costOfRevenue": "61242000", "costofGoodsAndServicesSold": "61242000", "operatingIncome": "4265000", "sellingGeneralAndAdministrative": "46430000", "researchAndDevelopment": "35416000", "operatingExpenses": "81846000", "investmentIncomeNet": "None", "netInterestIncome": "None", "interestIncome": "None", "interestExpense": "2661000", "nonInterestIncome": "None", "otherNonOperatingIncome": "None", "depreciation": "None", "depreciationAndAmortization": "5967000", "incomeBeforeTax": "7166000", "incomeTaxExpense": "289000", "interestAndDebtExpense": "None", "netIncomeFromContinuingOperations": "None", "comprehensiveIncomeNetOfTax": "None", "ebit": "4265000", "ebitda": "10232000", "netIncome": "6877000"}], "quarterlyReports": [{"fiscalDateEnding": "2025-12-31", "reportedCurrency": "None", "grossProfit": "41089000", "totalRevenue": "62605000", "costOfRevenue": "21516000", "costofGoodsAndServicesSold": "21516000", "operatingIncome": "3733000", "sellingGeneralAndAdministrative": "3928000", "researchAndDevelopment": "13504000", "operatingExpenses": "37356000", "investmentIncomeNet": "None", "netInterestIncome": "None", "interestIncome": "None", "interestExpense": "1047000", "nonInterestIncome": "None", "otherNonOperatingIncome": "None", "depreciation": "None", "depreciationAndAmortization": "1139000", "incomeBeforeTax": "2686000", "incomeTaxExpense": "785000", "interestAndDebtExpense": "None", "netIncomeFromContinuingOperations": "None", "comprehensiveIncomeNetOfTax": "None", "ebit": "3733000", "ebitda": "4872000", "netIncome": "1901000"}, {"fiscalDateEnding": "2025-09-30", "reportedCurrency": "USD", "grossProfit": "40285000", "totalRevenue": "61547000", "costOfRevenue": "21262000", "costofGoodsAndServicesSold": "21262000", "operatingIncome": "4061000", "sellingGeneralAndAdministrative": "4094000", "researchAndDevelopment": "13188000", "operatingExpenses": "36224000", "investmentIncomeNet": "None", "netInterestIncome": "64000", "interestIncome": "None", "interestExpense": "None", "nonInterestIncome": "None", "otherNonOperatingIncome": "None", "depreciation": "None", "depreciationAndAmortization": "1183000", "incomeBeforeTax": "4125000", "incomeTaxExpense": "1393000", "interestAndDebtExpense": "None", "netIncomeFromContinuingOperations": "2732000", "comprehensiveIncomeNetOfTax": "None", "ebit": "4125000", "ebitda": "5308000", "netIncome": "2732000"}, {"fiscalDateEnding": "2025-06-30", "reportedCurrency": "USD", "grossProfit": "39124000", "totalRevenue": "61078000", "costOfRevenue": "21954000", "costofGoodsAndServicesSold": "21954000", "operatingIncome": "2600000", "sellingGeneralAndAdministrative": "3836000", "researchAndDevelopment": "12873000", "operatingExpenses": "36524000", "investmentIncomeNet": "None", "netInterestIncome": "-1194000", "interestIncome": "None", "interestExpense": "1194000", "nonInterestIncome": "None", "otherNonOperatingIncome": "None", "depreciation": "None", "depreciationAndAmortization": "959000", "incomeBeforeTax": "1406000", "incomeTaxExpense": "1100000", "interestAndDebtExpense": "None", "netIncomeFromContinuingOperations": "306000", "comprehensiveIncomeNetOfTax": "None", "ebit": "2600000", "ebitda": "3559000", "netIncome": "306000"}, {"fiscalDateEnding": "2025-03-31", "reportedCurrency": "USD", "grossProfit": "39134000", "totalRevenue": "60374000", "costOfRevenue": "21240000", "costofGoodsAndServicesSold": "21240000", "operatingIncome": "3645000", "sellingGeneralAndAdministrative": "3902000", "researchAndDevelopment": "13026000", "operatingExpenses": "35489000", "investmentIncomeNet": "None", "netInterestIncome": "1716000", "interestIncome": "None", "interestExpense": "None", "nonInterestIncome": "None", "otherNonOperatingIncome": "None", "depreciation": "None", "depreciationAndAmortization": "954000", "incomeBeforeTax": "5361000", "incomeTaxExpense": "1345000", "interestAndDebtExpense": "None", "netIncomeFromContinuingOperations": "4016000", "comprehensiveIncomeNetOfTax": "None", "ebit": "3645000", "ebitda": "4599000", "netIncome": "4016000"}, {"fiscalDateEnding": "2024-12-31", "reportedCurrency": "USD", "grossProfit": "40719000", "totalRevenue": "61554000", "costOfRevenue": "20835000", "costofGoodsAndServicesSold": "20835000", "operatingIncome": "4102000", "sellingGeneralAndAdministrative": "5532000", "researchAndDevelopment": "12345000", "operatingExpenses": "36617000", "investmentIncomeNet": "None", "netInterestIncome": "2806000", "interestIncome": "None", "interestExpense": "639000", "nonInterestIncome": "None", "otherNonOperatingIncome": "None", "depreciation": "None", "depreciationAndAmortization": "1095000", "incomeBeforeTax": "2202000", "incomeTaxExpense": "-4573000", "interestAndDebtExpense": "None", "netIncomeFromContinuingOperations": "6775000", "comprehensiveIncomeNetOfTax": "None", "ebit": "2303000", "ebitda": "3398000", "netIncome": "6775000"}, {"fiscalDateEnding": "2024-09-30", "reportedCurrency": "USD", "grossProfit": "39300000", "totalRevenue": "60243000", "costOfRevenue": "20943000", "costofGoodsAndServicesSold": "20943000", "operatingIncome": "4872000", "sellingGeneralAndAdministrative": "4155000", "researchAndDevelopment": "12666000", "operatingExpenses": "34428000", "investmentIncomeNet": "None", "netInterestIncome": "-614000", "interestIncome": "None", "interestExpense": "614000", "nonInterestIncome": "None", "otherNonOperatingIncome": "None", "depreciation": "None", "depreciationAndAmortization": "1004000", "incomeBeforeTax": "4258000", "incomeTaxExpense": "1579000", "interestAndDebtExpense": "None", "netIncomeFromContinuingOperations": "2679000", "comprehensiveIncomeNetOfTax": "None", "ebit": "4872000", "ebitda": "5876000", "netIncome": "2679000"}, {"fiscalDateEnding": "2024-06-30", "reportedCurrency": "USD", "grossProfit": "39475000", "totalRevenue": "60303000", "costOfRevenue": "20828000", "costofGoodsAndServicesSold": "20828000", "operatingIncome": "4936000", "sellingGeneralAndAdministrative": "3905000", "researchAndDevelopment": "13181000", "operatingExpenses": "34539000", "investmentIncomeNet": "None", "netInterestIncome": "396000", "interestIncome": "None", "interestExpense": "None", "nonInterestIncome": "None", "otherNonOperatingIncome": "None", "depreciation": "None", "depreciationAndAmortization": "1261000", "incomeBeforeTax": "5332000", "incomeTaxExpense": "1558000", "interestAndDebtExpense": "None", "netIncomeFromContinuingOperations": "3774000", "comprehensiveIncomeNetOfTax": "None", "ebit": "4936000", "ebitda": "6197000", "netIncome": "3774000"}, {"fiscalDateEnding": "2024-03-31", "reportedCurrency": "USD", "grossProfit": "38667000", "totalRevenue": "60076000", "costOfRevenue": "21409000", "costofGoodsAndServicesSold": "21409000", "operatingIncome": "3281000", "sellingGeneralAndAdministrative": "4086000", "researchAndDevelopment": "13933000", "operatingExpenses": "35386000", "investmentIncomeNet": "None", "netInterestIncome": "23000", "interestIncome": "23000", "interestExpense": "None", "nonInterestIncome": "None", "otherNonOperatingIncome": "None", "depreciation": "None", "depreciationAndAmortization": "523000", "incomeBeforeTax": "3304000", "incomeTaxExpense": "1221000", "interestAndDebtExpense": "None", "netIncomeFromContinuingOperations": "2083000", "comprehensiveIncomeNetOfTax": "None", "ebit": "3281000", "ebitda": "3804000", "netIncome": "2083000"}, {"fiscalDateEnding": "2023-12-31", "reportedCurrency": "USD", "grossProfit": "42392000", "totalRevenue": "63559000", "costOfRevenue": "21167000", "costofGoodsAndServicesSold": "21167000", "operatingIncome": "7234000", "sellingGeneralAndAdministrative": "3856000", "researchAndDevelopment": "13806000", "operatingExpenses": "35158000", "investmentIncomeNet": "None", "netInterestIncome": "-544000", "interestIncome": "1348000", "interestExpense": "298000", "nonInterestIncome": "None", "otherNonOperatingIncome": "None", "depreciation": "None", "depreciationAndAmortization": "624000", "incomeBeforeTax": "5494000", "incomeTaxExpense": "1839000", "interestAndDebtExpense": "None", "netIncomeFromContinuingOperations": "3655000", "comprehensiveIncomeNetOfTax": "None", "ebit": "8747000", "ebitda": "9371000", "netIncome": "3655000"}, {"fiscalDateEnding": "2023-09-30", "reportedCurrency": "USD", "grossProfit": "40937000", "totalRevenue": "61591000", "costOfRevenue": "20654000", "costofGoodsAndServicesSold": "20654000", "operatingIncome": "5779000", "sellingGeneralAndAdministrative": "3977000", "researchAndDevelopment": "13960000", "operatingExpenses": "35158000", "investmentIncomeNet": "None", "netInterestIncome": "492000", "interestIncome": "492000", "interestExpense": "1740000", "nonInterestIncome": "None", "otherNonOperatingIncome": "None", "depreciation": "None", "depreciationAndAmortization": "652000", "incomeBeforeTax": "6271000", "incomeTaxExpense": "2019000", "interestAndDebtExpense": "None", "netIncomeFromContinuingOperations": "4252000", "comprehensiveIncomeNetOfTax": "None", "ebit": "5779000", "ebitda": "6431000", "netIncome": "4252000"}, {"fiscalDateEnding": "2023-06-30", "reportedCurrency": "USD", "grossProfit": "38477000", "totalRevenue": "60020000", "costOfRevenue": "21543000", "costofGoodsAndServicesSold": "21543000", "operatingIncome": "2255000", "sellingGeneralAndAdministrative": "4149000", "researchAndDevelopment": "14394000", "operatingExpenses": "36222000", "investmentIncomeNet": "None", "netInterestIncome": "247000", "interestIncome": "None", "interestExpense": "71000", "nonInterestIncome": "None", "otherNonOperatingIncome": "None", "depreciation": "None", "depreciationAndAmortization": "669000", "incomeBeforeTax": "2502000", "incomeTaxExpense": "1447000", "interestAndDebtExpense": "None", "netIncomeFromContinuingOperations": "1055000", "comprehensiveIncomeNetOfTax": "None", "ebit": "2255000", "ebitda": "2924000", "netIncome": "1055000"}, {"fiscalDateEnding": "2023-03-31", "reportedCurrency": "USD", "grossProfit": "36543000", "totalRevenue": "59213000", "costOfRevenue": "22670000", "costofGoodsAndServicesSold": "22670000", "operatingIncome": "-844000", "sellingGeneralAndAdministrative": "4531000", "researchAndDevelopment": "15009000", "operatingExpenses": "37387000", "investmentIncomeNet": "None", "netInterestIncome": "949000", "interestIncome": "949000", "interestExpense": "71000", "nonInterestIncome": "None", "otherNonOperatingIncome": "None", "depreciation": "None", "depreciationAndAmortization": "651000", "incomeBeforeTax": "105000", "incomeTaxExpense": "287000", "interestAndDebtExpense": "None", "netIncomeFromContinuingOperations": "-182000", "comprehensiveIncomeNetOfTax": "None", "ebit": "-844000", "ebitda": "-193000", "netIncome": "-182000"}, {"fiscalDateEnding": "2022-12-31", "reportedCurrency": "USD", "grossProfit": "46158000", "totalRevenue": "70656000", "costOfRevenue": "24498000", "costofGoodsAndServicesSold": "24498000", "operatingIncome": "8336000", "sellingGeneralAndAdministrative": "4644000", "researchAndDevelopment": "15090000", "operatingExpenses": "37822000", "investmentIncomeNet": "None", "netInterestIncome": "669000", "interestIncome": "609000", "interestExpense": "1750000", "nonInterestIncome": "None", "otherNonOperatingIncome": "None", "depreciation": "None", "depreciationAndAmortization": "723000", "incomeBeforeTax": "9005000", "incomeTaxExpense": "1456000", "interestAndDebtExpense": "None", "netIncomeFromContinuingOperations": "7549000", "comprehensiveIncomeNetOfTax": "None", "ebit": "11525000", "ebitda": "12248000", "netIncome": "7549000"}, {"fiscalDateEnding": "2022-09-30", "reportedCurrency": "USD", "grossProfit": "43750000", "totalRevenue": "69720000", "costOfRevenue": "25970000", "costofGoodsAndServicesSold": "25970000", "operatingIncome": "7009000", "sellingGeneralAndAdministrative": "4267000", "researchAndDevelopment": "14811000", "operatingExpenses": "36741000", "investmentIncomeNet": "None", "netInterestIncome": "344000", "interestIncome": "344000", "interestExpense": "344000", "nonInterestIncome": "None", "otherNonOperatingIncome": "None", "depreciation": "None", "depreciationAndAmortization": "797000", "incomeBeforeTax": "7353000", "incomeTaxExpense": "1980000", "interestAndDebtExpense": "None", "netIncomeFromContinuingOperations": "5373000", "comprehensiveIncomeNetOfTax": "None", "ebit": "7009000", "ebitda": "7806000", "netIncome": "5373000"}, {"fiscalDateEnding": "2022-06-30", "reportedCurrency": "USD", "grossProfit": "44510000", "totalRevenue": "68360000", "costOfRevenue": "23850000", "costofGoodsAndServicesSold": "23850000", "operatingIncome": "7922000", "sellingGeneralAndAdministrative": "4545000", "researchAndDevelopment": "14959000", "operatingExpenses": "36588000", "investmentIncomeNet": "None", "netInterestIncome": "841000", "interestIncome": "None", "interestExpense": "841000", "nonInterestIncome": "None", "otherNonOperatingIncome": "None", "depreciation": "None", "depreciationAndAmortization": "722000", "incomeBeforeTax": "8763000", "incomeTaxExpense": "1827000", "interestAndDebtExpense": "None", "netIncomeFromContinuingOperations": "6936000", "comprehensiveIncomeNetOfTax": "None", "ebit": "7922000", "ebitda": "8644000", "netIncome": "6936000"}, {"fiscalDateEnding": "2022-03-31", "reportedCurrency": "USD", "grossProfit": "44360000", "totalRevenue": "66357000", "costOfRevenue": "21997000", "costofGoodsAndServicesSold": "21997000", "operatingIncome": "8052000", "sellingGeneralAndAdministrative": "4038000", "researchAndDevelopment": "14982000", "operatingExpenses": "36308000", "investmentIncomeNet": "None", "netInterestIncome": "1010000", "interestIncome": "None", "interestExpense": "841000", "nonInterestIncome": "None", "otherNonOperatingIncome": "None", "depreciation": "None", "depreciationAndAmortization": "742000", "incomeBeforeTax": "9062000", "incomeTaxExpense": "454000", "interestAndDebtExpense": "None", "netIncomeFromContinuingOperations": "8608000", "comprehensiveIncomeNetOfTax": "None", "ebit": "8052000", "ebitda": "8794000", "netIncome": "8608000"}, {"fiscalDateEnding": "2021-12-31", "reportedCurrency": "USD", "grossProfit": "44437000", "totalRevenue": "66099000", "costOfRevenue": "21662000", "costofGoodsAndServicesSold": "21662000", "operatingIncome": "9271000", "sellingGeneralAndAdministrative": "4117000", "researchAndDevelopment": "14452000", "operatingExpenses": "35166000", "investmentIncomeNet": "None", "netInterestIncome": "-976000", "interestIncome": "None", "interestExpense": "1720000", "nonInterestIncome": "None", "otherNonOperatingIncome": "None", "depreciation": "None", "depreciationAndAmortization": "686000", "incomeBeforeTax": "8295000", "incomeTaxExpense": "1040000", "interestAndDebtExpense": "None", "netIncomeFromContinuingOperations": "7255000", "comprehensiveIncomeNetOfTax": "None", "ebit": "10015000", "ebitda": "10701000", "netIncome": "7255000"}, {"fiscalDateEnding": "2021-09-30", "reportedCurrency": "USD", "grossProfit": "44123000", "totalRevenue": "63408000", "costOfRevenue": "19285000", "costofGoodsAndServicesSold": "19285000", "operatingIncome": "9998000", "sellingGeneralAndAdministrative": "4172000", "researchAndDevelopment": "14172000", "operatingExpenses": "34125000", "investmentIncomeNet": "None", "netInterestIncome": "103000", "interestIncome": "None", "interestExpense": "1720000", "nonInterestIncome": "None", "otherNonOperatingIncome": "None", "depreciation": "None", "depreciationAndAmortization": "588000", "incomeBeforeTax": "10101000", "incomeTaxExpense": "1838000", "interestAndDebtExpense": "None", "netIncomeFromContinuingOperations": "8263000", "comprehensiveIncomeNetOfTax": "None", "ebit": "9998000", "ebitda": "10586000", "netIncome": "8263000"}, {"fiscalDateEnding": "2021-06-30", "reportedCurrency": "USD", "grossProfit": "42060000", "totalRevenue": "60575000", "costOfRevenue": "18515000", "costofGoodsAndServicesSold": "18515000", "operatingIncome": "10132000", "sellingGeneralAndAdministrative": "4000000", "researchAndDevelopment": "12725000", "operatingExpenses": "31928000", "investmentIncomeNet": "None", "netInterestIncome": "-582000", "interestIncome": "None", "interestExpense": "582000", "nonInterestIncome": "None", "otherNonOperatingIncome": "None", "depreciation": "None", "depreciationAndAmortization": "599000", "incomeBeforeTax": "9550000", "incomeTaxExpense": "1310000", "interestAndDebtExpense": "None", "netIncomeFromContinuingOperations": "8240000", "comprehensiveIncomeNetOfTax": "None", "ebit": "10132000", "ebitda": "10731000", "netIncome": "8240000"}, {"fiscalDateEnding": "2021-03-31", "reportedCurrency": "USD", "grossProfit": "40271000", "totalRevenue": "58838000", "costOfRevenue": "18567000", "costofGoodsAndServicesSold": "18567000", "operatingIncome": "10123000", "sellingGeneralAndAdministrative": "3625000", "researchAndDevelopment": "12047000", "operatingExpenses": "30148000", "investmentIncomeNet": "None", "netInterestIncome": "1578000", "interestIncome": "None", "interestExpense": "582000", "nonInterestIncome": "None", "otherNonOperatingIncome": "None", "depreciation": "None", "depreciationAndAmortization": "559000", "incomeBeforeTax": "11701000", "incomeTaxExpense": "1708000", "interestAndDebtExpense": "None", "netIncomeFromContinuingOperations": "9993000", "comprehensiveIncomeNetOfTax": "None", "ebit": "10123000", "ebitda": "10682000", "netIncome": "9993000"}, {"fiscalDateEnding": "2020-12-31", "reportedCurrency": "USD", "grossProfit": "41860000", "totalRevenue": "58666000", "costOfRevenue": "16806000", "costofGoodsAndServicesSold": "16806000", "operatingIncome": "12118000", "sellingGeneralAndAdministrative": "4104000", "researchAndDevelopment": "12528000", "operatingExpenses": "29742000", "investmentIncomeNet": "None", "netInterestIncome": "-2661000", "interestIncome": "None", "interestExpense": "531000", "nonInterestIncome": "None", "otherNonOperatingIncome": "None", "depreciation": "None", "depreciationAndAmortization": "587000", "incomeBeforeTax": "9457000", "incomeTaxExpense": "1076000", "interestAndDebtExpense": "None", "netIncomeFromContinuingOperations": "8381000", "comprehensiveIncomeNetOfTax": "None", "ebit": "11072000", "ebitda": "11659000", "netIncome": "8381000"}, {"fiscalDateEnding": "2020-09-30", "reportedCurrency": "USD", "grossProfit": "37979000", "totalRevenue": "56564000", "costOfRevenue": "18585000", "costofGoodsAndServicesSold": "18585000", "operatingIncome": "11225000", "sellingGeneralAndAdministrative": "3495000", "researchAndDevelopment": "10738000", "operatingExpenses": "26754000", "investmentIncomeNet": "None", "netInterestIncome": "504000", "interestIncome": "None", "interestExpense": "1615000", "nonInterestIncome": "None", "otherNonOperatingIncome": "None", "depreciation": "None", "depreciationAndAmortization": "562000", "incomeBeforeTax": "11729000", "incomeTaxExpense": "4765000", "interestAndDebtExpense": "None", "netIncomeFromContinuingOperations": "6964000", "comprehensiveIncomeNetOfTax": "None", "ebit": "11225000", "ebitda": "11787000", "netIncome": "6964000"}, {"fiscalDateEnding": "2020-06-30", "reportedCurrency": "USD", "grossProfit": "35698000", "totalRevenue": "53522000", "costOfRevenue": "17824000", "costofGoodsAndServicesSold": "17824000", "operatingIncome": "8844000", "sellingGeneralAndAdministrative": "3313000", "researchAndDevelopment": "11224000", "operatingExpenses": "26854000", "investmentIncomeNet": "None", "netInterestIncome": "-852000", "interestIncome": "None", "interestExpense": "852000", "nonInterestIncome": "None", "otherNonOperatingIncome": "None", "depreciation": "None", "depreciationAndAmortization": "551000", "incomeBeforeTax": "7992000", "incomeTaxExpense": "1353000", "interestAndDebtExpense": "None", "netIncomeFromContinuingOperations": "6639000", "comprehensiveIncomeNetOfTax": "None", "ebit": "8844000", "ebitda": "9395000", "netIncome": "6639000"}, {"fiscalDateEnding": "2020-03-31", "reportedCurrency": "USD", "grossProfit": "34279000", "totalRevenue": "52022000", "costOfRevenue": "17743000", "costofGoodsAndServicesSold": "17743000", "operatingIncome": "6163000", "sellingGeneralAndAdministrative": "3265000", "researchAndDevelopment": "11582000", "operatingExpenses": "28116000", "investmentIncomeNet": "None", "netInterestIncome": "1306000", "interestIncome": "1306000", "interestExpense": "852000", "nonInterestIncome": "None", "otherNonOperatingIncome": "None", "depreciation": "None", "depreciationAndAmortization": "568000", "incomeBeforeTax": "7469000", "incomeTaxExpense": "2205000", "interestAndDebtExpense": "None", "netIncomeFromContinuingOperations": "5264000", "comprehensiveIncomeNetOfTax": "None", "ebit": "6163000", "ebitda": "6731000", "netIncome": "5264000"}, {"fiscalDateEnding": "2019-12-31", "reportedCurrency": "USD", "grossProfit": "2064000", "totalRevenue": "52797000", "costOfRevenue": "50733000", "costofGoodsAndServicesSold": "50733000", "operatingIncome": "-25951000", "sellingGeneralAndAdministrative": "3424000", "researchAndDevelopment": "10941000", "operatingExpenses": "28015000", "investmentIncomeNet": "None", "netInterestIncome": "2482000", "interestIncome": "231000", "interestExpense": "1794000", "nonInterestIncome": "None", "otherNonOperatingIncome": "None", "depreciation": "None", "depreciationAndAmortization": "522000", "incomeBeforeTax": "-25720000", "incomeTaxExpense": "-17487000", "interestAndDebtExpense": "None", "netIncomeFromContinuingOperations": "-8233000", "comprehensiveIncomeNetOfTax": "None", "ebit": "-25720000", "ebitda": "-25198000", "netIncome": "-8233000"}, {"fiscalDateEnding": "2019-09-30", "reportedCurrency": "USD", "grossProfit": "32351000", "totalRevenue": "51412000", "costOfRevenue": "19061000", "costofGoodsAndServicesSold": "19061000", "operatingIncome": "5996000", "sellingGeneralAndAdministrative": "3091000", "researchAndDevelopment": "10599000", "operatingExpenses": "26355000", "investmentIncomeNet": "None", "netInterestIncome": "-913000", "interestIncome": "913000", "interestExpense": "913000", "nonInterestIncome": "None", "otherNonOperatingIncome": "None", "depreciation": "None", "depreciationAndAmortization": "542000", "incomeBeforeTax": "5083000", "incomeTaxExpense": "716000", "interestAndDebtExpense": "None", "netIncomeFromContinuingOperations": "4367000", "comprehensiveIncomeNetOfTax": "None", "ebit": "5996000", "ebitda": "6538000", "netIncome": "4367000"}, {"fiscalDateEnding": "2019-06-30", "reportedCurrency": "USD", "grossProfit": "31314000", "totalRevenue": "49499000", "costOfRevenue": "18185000", "costofGoodsAndServicesSold": "18185000", "operatingIncome": "5884000", "sellingGeneralAndAdministrative": "2592000", "researchAndDevelopment": "10179000", "operatingExpenses": "25430000", "investmentIncomeNet": "None", "netInterestIncome": "-280000", "interestIncome": "280000", "interestExpense": "280000", "nonInterestIncome": "None", "otherNonOperatingIncome": "None", "depreciation": "None", "depreciationAndAmortization": "506000", "incomeBeforeTax": "5604000", "incomeTaxExpense": "810000", "interestAndDebtExpense": "None", "netIncomeFromContinuingOperations": "4794000", "comprehensiveIncomeNetOfTax": "None", "ebit": "5884000", "ebitda": "6390000", "netIncome": "4794000"}, {"fiscalDateEnding": "2019-03-31", "reportedCurrency": "USD", "grossProfit": "29229000", "totalRevenue": "46579000", "costOfRevenue": "17350000", "costofGoodsAndServicesSold": "17350000", "operatingIncome": "4517000", "sellingGeneralAndAdministrative": "2671000", "researchAndDevelopment": "9480000", "operatingExpenses": "24712000", "investmentIncomeNet": "None", "netInterestIncome": "-799000", "interestIncome": "799000", "interestExpense": "799000", "nonInterestIncome": "None", "otherNonOperatingIncome": "None", "depreciation": "None", "depreciationAndAmortization": "474000", "incomeBeforeTax": "3718000", "incomeTaxExpense": "669000", "interestAndDebtExpense": "None", "netIncomeFromContinuingOperations": "3049000", "comprehensiveIncomeNetOfTax": "None", "ebit": "4517000", "ebitda": "4991000", "netIncome": "3049000"}, {"fiscalDateEnding": "2018-12-31", "reportedCurrency": "USD", "grossProfit": "28659000", "totalRevenue": "45777000", "costOfRevenue": "17118000", "costofGoodsAndServicesSold": "17118000", "operatingIncome": "5128000", "sellingGeneralAndAdministrative": "2538000", "researchAndDevelopment": "9035000", "operatingExpenses": "23531000", "investmentIncomeNet": "None", "netInterestIncome": "None", "interestIncome": "None", "interestExpense": "452000", "nonInterestIncome": "None", "otherNonOperatingIncome": "None", "depreciation": "None", "depreciationAndAmortization": "643000", "incomeBeforeTax": "5170000", "incomeTaxExpense": "640000", "interestAndDebtExpense": "None", "netIncomeFromContinuingOperations": "4530000", "comprehensiveIncomeNetOfTax": "None", "ebit": "5334000", "ebitda": "5977000", "netIncome": "4530000"}, {"fiscalDateEnding": "2018-09-30", "reportedCurrency": "USD", "grossProfit": "27692000", "totalRevenue": "44519000", "costOfRevenue": "16827000", "costofGoodsAndServicesSold": "16827000", "operatingIncome": "4987000", "sellingGeneralAndAdministrative": "2402000", "researchAndDevelopment": "8283000", "operatingExpenses": "22705000", "investmentIncomeNet": "None", "netInterestIncome": "None", "interestIncome": "None", "interestExpense": "37000", "nonInterestIncome": "None", "otherNonOperatingIncome": "None", "depreciation": "None", "depreciationAndAmortization": "561000", "incomeBeforeTax": "4950000", "incomeTaxExpense": "815000", "interestAndDebtExpense": "None", "netIncomeFromContinuingOperations": "4135000", "comprehensiveIncomeNetOfTax": "None", "ebit": "4987000", "ebitda": "5548000", "netIncome": "4135000"}, {"fiscalDateEnding": "2018-06-30", "reportedCurrency": "USD", "grossProfit": "27096000", "totalRevenue": "43502000", "costOfRevenue": "16406000", "costofGoodsAndServicesSold": "16406000", "operatingIncome": "3287000", "sellingGeneralAndAdministrative": "2730000", "researchAndDevelopment": "8710000", "operatingExpenses": "23809000", "investmentIncomeNet": "None", "netInterestIncome": "None", "interestIncome": "None", "interestExpense": "20000", "nonInterestIncome": "None", "otherNonOperatingIncome": "None", "depreciation": "None", "depreciationAndAmortization": "565000", "incomeBeforeTax": "3267000", "incomeTaxExpense": "873000", "interestAndDebtExpense": "None", "netIncomeFromContinuingOperations": "2394000", "comprehensiveIncomeNetOfTax": "None", "ebit": "3287000", "ebitda": "3852000", "netIncome": "2394000"}, {"fiscalDateEnding": "2018-03-31", "reportedCurrency": "USD", "grossProfit": "27159000", "totalRevenue": "42425000", "costOfRevenue": "15266000", "costofGoodsAndServicesSold": "15266000", "operatingIncome": "2957000", "sellingGeneralAndAdministrative": "2581000", "researchAndDevelopment": "8633000", "operatingExpenses": "24202000", "investmentIncomeNet": "None", "netInterestIncome": "None", "interestIncome": "None", "interestExpense": "20000", "nonInterestIncome": "None", "otherNonOperatingIncome": "None", "depreciation": "None", "depreciationAndAmortization": "540000", "incomeBeforeTax": "3200000", "incomeTaxExpense": "766000", "interestAndDebtExpense": "None", "netIncomeFromContinuingOperations": "2434000", "comprehensiveIncomeNetOfTax": "None", "ebit": "2957000", "ebitda": "3497000", "netIncome": "2434000"}, {"fiscalDateEnding": "2017-12-31", "reportedCurrency": "USD", "grossProfit": "26124000", "totalRevenue": "41418000", "costOfRevenue": "15294000", "costofGoodsAndServicesSold": "15294000", "operatingIncome": "3237000", "sellingGeneralAndAdministrative": "2356000", "researchAndDevelopment": "8126000", "operatingExpenses": "22887000", "investmentIncomeNet": "None", "netInterestIncome": "None", "interestIncome": "None", "interestExpense": "288000", "nonInterestIncome": "None", "otherNonOperatingIncome": "None", "depreciation": "None", "depreciationAndAmortization": "579000", "incomeBeforeTax": "3233000", "incomeTaxExpense": "2561000", "interestAndDebtExpense": "None", "netIncomeFromContinuingOperations": "2138000", "comprehensiveIncomeNetOfTax": "None", "ebit": "3237000", "ebitda": "3816000", "netIncome": "672000"}, {"fiscalDateEnding": "2017-09-30", "reportedCurrency": "USD", "grossProfit": "24607000", "totalRevenue": "39208000", "costOfRevenue": "14601000", "costofGoodsAndServicesSold": "14601000", "operatingIncome": "-2594000", "sellingGeneralAndAdministrative": "2176000", "researchAndDevelopment": "7686000", "operatingExpenses": "22013000", "investmentIncomeNet": "None", "netInterestIncome": "None", "interestIncome": "None", "interestExpense": "288000", "nonInterestIncome": "None", "otherNonOperatingIncome": "None", "depreciation": "None", "depreciationAndAmortization": "599000", "incomeBeforeTax": "2691000", "incomeTaxExpense": "1642000", "interestAndDebtExpense": "None", "netIncomeFromContinuingOperations": "4763000", "comprehensiveIncomeNetOfTax": "None", "ebit": "2594000", "ebitda": "3193000", "netIncome": "1049000"}, {"fiscalDateEnding": "2017-06-30", "reportedCurrency": "USD", "grossProfit": "23798000", "totalRevenue": "38736000", "costOfRevenue": "14938000", "costofGoodsAndServicesSold": "14938000", "operatingIncome": "1853000", "sellingGeneralAndAdministrative": "2200000", "researchAndDevelopment": "7382000", "operatingExpenses": "21945000", "investmentIncomeNet": "None", "netInterestIncome": "None", "interestIncome": "None", "interestExpense": "34000", "nonInterestIncome": "None", "otherNonOperatingIncome": "None", "depreciation": "None", "depreciationAndAmortization": "605000", "incomeBeforeTax": "1819000", "incomeTaxExpense": "805000", "interestAndDebtExpense": "None", "netIncomeFromContinuingOperations": "-4166000", "comprehensiveIncomeNetOfTax": "None", "ebit": "1853000", "ebitda": "2458000", "netIncome": "1014000"}, {"fiscalDateEnding": "2017-03-31", "reportedCurrency": "USD", "grossProfit": "23316000", "totalRevenue": "37377000", "costOfRevenue": "14061000", "costofGoodsAndServicesSold": "14061000", "operatingIncome": "1966000", "sellingGeneralAndAdministrative": "2161000", "researchAndDevelopment": "7154000", "operatingExpenses": "21350000", "investmentIncomeNet": "None", "netInterestIncome": "None", "interestIncome": "None", "interestExpense": "69000", "nonInterestIncome": "None", "otherNonOperatingIncome": "None", "depreciation": "None", "depreciationAndAmortization": "655000", "incomeBeforeTax": "1897000", "incomeTaxExpense": "602000", "interestAndDebtExpense": "None", "netIncomeFromContinuingOperations": "1295000", "comprehensiveIncomeNetOfTax": "None", "ebit": "1966000", "ebitda": "2621000", "netIncome": "1295000"}, {"fiscalDateEnding": "2016-12-31", "reportedCurrency": "USD", "grossProfit": "23004000", "totalRevenue": "37760000", "costOfRevenue": "14756000", "costofGoodsAndServicesSold": "14756000", "operatingIncome": "3587000", "sellingGeneralAndAdministrative": "366000", "researchAndDevelopment": "7682000", "operatingExpenses": "19417000", "investmentIncomeNet": "None", "netInterestIncome": "None", "interestIncome": "None", "interestExpense": "229000", "nonInterestIncome": "None", "otherNonOperatingIncome": "None", "depreciation": "None", "depreciationAndAmortization": "630000", "incomeBeforeTax": "3460000", "incomeTaxExpense": "-11308000", "interestAndDebtExpense": "None", "netIncomeFromContinuingOperations": "16238000", "comprehensiveIncomeNetOfTax": "None", "ebit": "3587000", "ebitda": "4217000", "netIncome": "14768000"}, {"fiscalDateEnding": "2016-09-30", "reportedCurrency": "USD", "grossProfit": "22680000", "totalRevenue": "37186000", "costOfRevenue": "14506000", "costofGoodsAndServicesSold": "14506000", "operatingIncome": "1968000", "sellingGeneralAndAdministrative": "1898000", "researchAndDevelopment": "7296000", "operatingExpenses": "20712000", "investmentIncomeNet": "None", "netInterestIncome": "None", "interestIncome": "None", "interestExpense": "7000", "nonInterestIncome": "None", "otherNonOperatingIncome": "None", "depreciation": "None", "depreciationAndAmortization": "712000", "incomeBeforeTax": "1961000", "incomeTaxExpense": "990000", "interestAndDebtExpense": "None", "netIncomeFromContinuingOperations": "0", "comprehensiveIncomeNetOfTax": "None", "ebit": "1968000", "ebitda": "2680000", "netIncome": "971000"}, {"fiscalDateEnding": "2016-06-30", "reportedCurrency": "USD", "grossProfit": "21691000", "totalRevenue": "35865000", "costOfRevenue": "14174000", "costofGoodsAndServicesSold": "14174000", "operatingIncome": "1337000", "sellingGeneralAndAdministrative": "1995000", "researchAndDevelopment": "7296000", "operatingExpenses": "20354000", "investmentIncomeNet": "None", "netInterestIncome": "None", "interestIncome": "None", "interestExpense": "7000", "nonInterestIncome": "None", "otherNonOperatingIncome": "None", "depreciation": "None", "depreciationAndAmortization": "781000", "incomeBeforeTax": "1433000", "incomeTaxExpense": "712000", "interestAndDebtExpense": "None", "netIncomeFromContinuingOperations": "0", "comprehensiveIncomeNetOfTax": "None", "ebit": "1337000", "ebitda": "2118000", "netIncome": "721000"}, {"fiscalDateEnding": "2016-03-31", "reportedCurrency": "USD", "grossProfit": "20966000", "totalRevenue": "34760000", "costOfRevenue": "13794000", "costofGoodsAndServicesSold": "13794000", "operatingIncome": "862000", "sellingGeneralAndAdministrative": "2105000", "researchAndDevelopment": "6865000", "operatingExpenses": "20104000", "investmentIncomeNet": "None", "netInterestIncome": "None", "interestIncome": "None", "interestExpense": "122000", "nonInterestIncome": "None", "otherNonOperatingIncome": "None", "depreciation": "None", "depreciationAndAmortization": "769000", "incomeBeforeTax": "740000", "incomeTaxExpense": "962000", "interestAndDebtExpense": "None", "netIncomeFromContinuingOperations": "0", "comprehensiveIncomeNetOfTax": "None", "ebit": "862000", "ebitda": "1631000", "netIncome": "-222000"}, {"fiscalDateEnding": "2015-12-31", "reportedCurrency": "USD", "grossProfit": "21300000", "totalRevenue": "35649000", "costOfRevenue": "14349000", "costofGoodsAndServicesSold": "14349000", "operatingIncome": "2463000", "sellingGeneralAndAdministrative": "1913000", "researchAndDevelopment": "6664000", "operatingExpenses": "18837000", "investmentIncomeNet": "None", "netInterestIncome": "None", "interestIncome": "None", "interestExpense": "878000", "nonInterestIncome": "None", "otherNonOperatingIncome": "None", "depreciation": "None", "depreciationAndAmortization": "613000", "incomeBeforeTax": "2305000", "incomeTaxExpense": "-491000", "interestAndDebtExpense": "None", "netIncomeFromContinuingOperations": "366000", "comprehensiveIncomeNetOfTax": "None", "ebit": "2463000", "ebitda": "3076000", "netIncome": "2796000"}, {"fiscalDateEnding": "2015-09-30", "reportedCurrency": "USD", "grossProfit": "20247000", "totalRevenue": "34225000", "costOfRevenue": "13978000", "costofGoodsAndServicesSold": "13978000", "operatingIncome": "970000", "sellingGeneralAndAdministrative": "2158000", "researchAndDevelopment": "6656000", "operatingExpenses": "19277000", "investmentIncomeNet": "None", "netInterestIncome": "None", "interestIncome": "None", "interestExpense": "6000", "nonInterestIncome": "None", "otherNonOperatingIncome": "None", "depreciation": "None", "depreciationAndAmortization": "723000", "incomeBeforeTax": "964000", "incomeTaxExpense": "1094000", "interestAndDebtExpense": "None", "netIncomeFromContinuingOperations": "0", "comprehensiveIncomeNetOfTax": "None", "ebit": "970000", "ebitda": "1693000", "netIncome": "-130000"}, {"fiscalDateEnding": "2015-06-30", "reportedCurrency": "USD", "grossProfit": "19150000", "totalRevenue": "32405000", "costOfRevenue": "13255000", "costofGoodsAndServicesSold": "13255000", "operatingIncome": "-1780000", "sellingGeneralAndAdministrative": "2493000", "researchAndDevelopment": "7097000", "operatingExpenses": "20930000", "investmentIncomeNet": "None", "netInterestIncome": "None", "interestIncome": "None", "interestExpense": "6000", "nonInterestIncome": "None", "otherNonOperatingIncome": "None", "depreciation": "None", "depreciationAndAmortization": "803000", "incomeBeforeTax": "-1239000", "incomeTaxExpense": "683000", "interestAndDebtExpense": "None", "netIncomeFromContinuingOperations": "0", "comprehensiveIncomeNetOfTax": "None", "ebit": "-1780000", "ebitda": "-977000", "netIncome": "-1922000"}, {"fiscalDateEnding": "2015-03-31", "reportedCurrency": "USD", "grossProfit": "22091000", "totalRevenue": "37480000", "costOfRevenue": "15389000", "costofGoodsAndServicesSold": "15389000", "operatingIncome": "1053000", "sellingGeneralAndAdministrative": "2162000", "researchAndDevelopment": "7579000", "operatingExpenses": "21038000", "investmentIncomeNet": "None", "netInterestIncome": "None", "interestIncome": "None", "interestExpense": "65000", "nonInterestIncome": "None", "otherNonOperatingIncome": "None", "depreciation": "None", "depreciationAndAmortization": "824000", "incomeBeforeTax": "1118000", "incomeTaxExpense": "1496000", "interestAndDebtExpense": "None", "netIncomeFromContinuingOperations": "0", "comprehensiveIncomeNetOfTax": "None", "ebit": "1053000", "ebitda": "1877000", "netIncome": "-378000"}, {"fiscalDateEnding": "2014-12-31", "reportedCurrency": "USD", "grossProfit": "23165000", "totalRevenue": "39117000", "costOfRevenue": "15952000", "costofGoodsAndServicesSold": "15952000", "operatingIncome": "1963000", "sellingGeneralAndAdministrative": "1986000", "researchAndDevelopment": "7938000", "operatingExpenses": "21202000", "investmentIncomeNet": "None", "netInterestIncome": "None", "interestIncome": "None", "interestExpense": "247000", "nonInterestIncome": "None", "otherNonOperatingIncome": "None", "depreciation": "None", "depreciationAndAmortization": "800000", "incomeBeforeTax": "1935000", "incomeTaxExpense": "989000", "interestAndDebtExpense": "None", "netIncomeFromContinuingOperations": "-86000", "comprehensiveIncomeNetOfTax": "None", "ebit": "1963000", "ebitda": "2763000", "netIncome": "946000"}, {"fiscalDateEnding": "2014-09-30", "reportedCurrency": "USD", "grossProfit": "22459000", "totalRevenue": "38945000", "costOfRevenue": "16486000", "costofGoodsAndServicesSold": "16486000", "operatingIncome": "1014000", "sellingGeneralAndAdministrative": "1975000", "researchAndDevelopment": "8109000", "operatingExpenses": "21445000", "investmentIncomeNet": "None", "netInterestIncome": "None", "interestIncome": "None", "interestExpense": "270000", "nonInterestIncome": "None", "otherNonOperatingIncome": "None", "depreciation": "None", "depreciationAndAmortization": "801000", "incomeBeforeTax": "744000", "incomeTaxExpense": "1452000", "interestAndDebtExpense": "None", "netIncomeFromContinuingOperations": "0", "comprehensiveIncomeNetOfTax": "None", "ebit": "1014000", "ebitda": "1815000", "netIncome": "-708000"}, {"fiscalDateEnding": "2014-06-30", "reportedCurrency": "USD", "grossProfit": "22254000", "totalRevenue": "37566000", "costOfRevenue": "15312000", "costofGoodsAndServicesSold": "15312000", "operatingIncome": "367000", "sellingGeneralAndAdministrative": "1802000", "researchAndDevelopment": "8416000", "operatingExpenses": "21887000", "investmentIncomeNet": "None", "netInterestIncome": "None", "interestIncome": "None", "interestExpense": "270000", "nonInterestIncome": "None", "otherNonOperatingIncome": "None", "depreciation": "None", "depreciationAndAmortization": "773000", "incomeBeforeTax": "382000", "incomeTaxExpense": "428000", "interestAndDebtExpense": "None", "netIncomeFromContinuingOperations": "0", "comprehensiveIncomeNetOfTax": "None", "ebit": "367000", "ebitda": "1140000", "netIncome": "-46000"}, {"fiscalDateEnding": "2014-03-31", "reportedCurrency": "USD", "grossProfit": "21109000", "totalRevenue": "35951000", "costOfRevenue": "14842000", "costofGoodsAndServicesSold": "14842000", "operatingIncome": "157000", "sellingGeneralAndAdministrative": "1914000", "researchAndDevelopment": "7812000", "operatingExpenses": "20952000", "investmentIncomeNet": "None", "netInterestIncome": "None", "interestIncome": "None", "interestExpense": "87000", "nonInterestIncome": "None", "otherNonOperatingIncome": "None", "depreciation": "None", "depreciationAndAmortization": "856000", "incomeBeforeTax": "244000", "incomeTaxExpense": "522000", "interestAndDebtExpense": "None", "netIncomeFromContinuingOperations": "0", "comprehensiveIncomeNetOfTax": "None", "ebit": "157000", "ebitda": "1013000", "netIncome": "-278000"}, {"fiscalDateEnding": "2013-12-31", "reportedCurrency": "USD", "grossProfit": "20797000", "totalRevenue": "36252000", "costOfRevenue": "15455000", "costofGoodsAndServicesSold": "15455000", "operatingIncome": "1261000", "sellingGeneralAndAdministrative": "2048000", "researchAndDevelopment": "7200000", "operatingExpenses": "19536000", "investmentIncomeNet": "None", "netInterestIncome": "None", "interestIncome": "None", "interestExpense": "768000", "nonInterestIncome": "None", "otherNonOperatingIncome": "None", "depreciation": "None", "depreciationAndAmortization": "814000", "incomeBeforeTax": "1206000", "incomeTaxExpense": "-1565000", "interestAndDebtExpense": "None", "netIncomeFromContinuingOperations": "0", "comprehensiveIncomeNetOfTax": "None", "ebit": "1261000", "ebitda": "2075000", "netIncome": "2771000"}, {"fiscalDateEnding": "2013-09-30", "reportedCurrency": "USD", "grossProfit": "19726000", "totalRevenue": "35025000", "costOfRevenue": "15299000", "costofGoodsAndServicesSold": "15299000", "operatingIncome": "685000", "sellingGeneralAndAdministrative": "2292000", "researchAndDevelopment": "6714000", "operatingExpenses": "19041000", "investmentIncomeNet": "None", "netInterestIncome": "None", "interestIncome": "None", "interestExpense": "768000", "nonInterestIncome": "None", "otherNonOperatingIncome": "None", "depreciation": "None", "depreciationAndAmortization": "854000", "incomeBeforeTax": "958000", "incomeTaxExpense": "23000", "interestAndDebtExpense": "None", "netIncomeFromContinuingOperations": "0", "comprehensiveIncomeNetOfTax": "None", "ebit": "685000", "ebitda": "1539000", "netIncome": "935000"}, {"fiscalDateEnding": "2013-06-30", "reportedCurrency": "USD", "grossProfit": "19209000", "totalRevenue": "33687000", "costOfRevenue": "14478000", "costofGoodsAndServicesSold": "14478000", "operatingIncome": "420000", "sellingGeneralAndAdministrative": "2077000", "researchAndDevelopment": "6970000", "operatingExpenses": "18789000", "investmentIncomeNet": "None", "netInterestIncome": "None", "interestIncome": "None", "interestExpense": "81000", "nonInterestIncome": "None", "otherNonOperatingIncome": "None", "depreciation": "None", "depreciationAndAmortization": "597000", "incomeBeforeTax": "501000", "incomeTaxExpense": "60000", "interestAndDebtExpense": "None", "netIncomeFromContinuingOperations": "0", "comprehensiveIncomeNetOfTax": "None", "ebit": "420000", "ebitda": "1017000", "netIncome": "441000"}, {"fiscalDateEnding": "2013-03-31", "reportedCurrency": "USD", "grossProfit": "18936000", "totalRevenue": "32268000", "costOfRevenue": "13332000", "costofGoodsAndServicesSold": "13332000", "operatingIncome": "373000", "sellingGeneralAndAdministrative": "2039000", "researchAndDevelopment": "7310000", "operatingExpenses": "18563000", "investmentIncomeNet": "None", "netInterestIncome": "None", "interestIncome": "None", "interestExpense": "224000", "nonInterestIncome": "None", "otherNonOperatingIncome": "None", "depreciation": "None", "depreciationAndAmortization": "782000", "incomeBeforeTax": "170000", "incomeTaxExpense": "78000", "interestAndDebtExpense": "None", "netIncomeFromContinuingOperations": "0", "comprehensiveIncomeNetOfTax": "None", "ebit": "373000", "ebitda": "1155000", "netIncome": "71000"}, {"fiscalDateEnding": "2012-12-31", "reportedCurrency": "USD", "grossProfit": "18706000", "totalRevenue": "32806000", "costOfRevenue": "14100000", "costofGoodsAndServicesSold": "14100000", "operatingIncome": "1021000", "sellingGeneralAndAdministrative": "1733000", "researchAndDevelopment": "6231000", "operatingExpenses": "17685000", "investmentIncomeNet": "None", "netInterestIncome": "None", "interestIncome": "None", "interestExpense": "1593000", "nonInterestIncome": "None", "otherNonOperatingIncome": "None", "depreciation": "None", "depreciationAndAmortization": "747000", "incomeBeforeTax": "1108000", "incomeTaxExpense": "257000", "interestAndDebtExpense": "None", "netIncomeFromContinuingOperations": "0", "comprehensiveIncomeNetOfTax": "None", "ebit": "2374000", "ebitda": "3121000", "netIncome": "524000"}, {"fiscalDateEnding": "2012-09-30", "reportedCurrency": "USD", "grossProfit": "17812000", "totalRevenue": "31363000", "costOfRevenue": "13551000", "costofGoodsAndServicesSold": "13551000", "operatingIncome": "-1234000", "sellingGeneralAndAdministrative": "2278000", "researchAndDevelopment": "7201000", "operatingExpenses": "19046000", "investmentIncomeNet": "None", "netInterestIncome": "None", "interestIncome": "None", "interestExpense": "1593000", "nonInterestIncome": "None", "otherNonOperatingIncome": "None", "depreciation": "None", "depreciationAndAmortization": "735000", "incomeBeforeTax": "-1003000", "incomeTaxExpense": "101000", "interestAndDebtExpense": "None", "netIncomeFromContinuingOperations": "0", "comprehensiveIncomeNetOfTax": "None", "ebit": "-1234000", "ebitda": "-499000", "netIncome": "-1108000"}, {"fiscalDateEnding": "2012-06-30", "reportedCurrency": "USD", "grossProfit": "17817000", "totalRevenue": "31008000", "costOfRevenue": "13191000", "costofGoodsAndServicesSold": "13191000", "operatingIncome": "-1810000", "sellingGeneralAndAdministrative": "2244000", "researchAndDevelopment": "7127000", "operatingExpenses": "19627000", "investmentIncomeNet": "None", "netInterestIncome": "None", "interestIncome": "None", "interestExpense": "126000", "nonInterestIncome": "None", "otherNonOperatingIncome": "None", "depreciation": "None", "depreciationAndAmortization": "695000", "incomeBeforeTax": "-1903000", "incomeTaxExpense": "99000", "interestAndDebtExpense": "None", "netIncomeFromContinuingOperations": "0", "comprehensiveIncomeNetOfTax": "None", "ebit": "-1810000", "ebitda": "-1115000", "netIncome": "-2035000"}, {"fiscalDateEnding": "2012-03-31", "reportedCurrency": "USD", "grossProfit": "18861000", "totalRevenue": "32313000", "costOfRevenue": "13452000", "costofGoodsAndServicesSold": "13452000", "operatingIncome": "-1712000", "sellingGeneralAndAdministrative": "1959000", "researchAndDevelopment": "8118000", "operatingExpenses": "20573000", "investmentIncomeNet": "None", "netInterestIncome": "None", "interestIncome": "None", "interestExpense": "126000", "nonInterestIncome": "None", "otherNonOperatingIncome": "None", "depreciation": "None", "depreciationAndAmortization": "706000", "incomeBeforeTax": "-1484000", "incomeTaxExpense": "84000", "interestAndDebtExpense": "None", "netIncomeFromContinuingOperations": "0", "comprehensiveIncomeNetOfTax": "None", "ebit": "-1712000", "ebitda": "-1006000", "netIncome": "-1558000"}, {"fiscalDateEnding": "2011-12-31", "reportedCurrency": "USD", "grossProfit": "22015000", "totalRevenue": "37223000", "costOfRevenue": "15208000", "costofGoodsAndServicesSold": "15208000", "operatingIncome": "837000", "sellingGeneralAndAdministrative": "2174000", "researchAndDevelopment": "8241000", "operatingExpenses": "21178000", "investmentIncomeNet": "None", "netInterestIncome": "None", "interestIncome": "None", "interestExpense": "891000", "nonInterestIncome": "None", "otherNonOperatingIncome": "None", "depreciation": "None", "depreciationAndAmortization": "717000", "incomeBeforeTax": "744000", "incomeTaxExpense": "45000", "interestAndDebtExpense": "None", "netIncomeFromContinuingOperations": "0", "comprehensiveIncomeNetOfTax": "None", "ebit": "1606000", "ebitda": "2323000", "netIncome": "670000"}, {"fiscalDateEnding": "2011-09-30", "reportedCurrency": "USD", "grossProfit": "21146000", "totalRevenue": "36049000", "costOfRevenue": "14903000", "costofGoodsAndServicesSold": "14903000", "operatingIncome": "-358000", "sellingGeneralAndAdministrative": "2408000", "researchAndDevelopment": "7939000", "operatingExpenses": "21504000", "investmentIncomeNet": "None", "netInterestIncome": "None", "interestIncome": "None", "interestExpense": "123000", "nonInterestIncome": "None", "otherNonOperatingIncome": "None", "depreciation": "None", "depreciationAndAmortization": "721000", "incomeBeforeTax": "-485000", "incomeTaxExpense": "46000", "interestAndDebtExpense": "None", "netIncomeFromContinuingOperations": "0", "comprehensiveIncomeNetOfTax": "None", "ebit": "-358000", "ebitda": "363000", "netIncome": "-527000"}, {"fiscalDateEnding": "2011-06-30", "reportedCurrency": "USD", "grossProfit": "24499000", "totalRevenue": "41511000", "costOfRevenue": "17012000", "costofGoodsAndServicesSold": "17012000", "operatingIncome": "3642000", "sellingGeneralAndAdministrative": "2314000", "researchAndDevelopment": "7436000", "operatingExpenses": "20857000", "investmentIncomeNet": "None", "netInterestIncome": "None", "interestIncome": "None", "interestExpense": "123000", "nonInterestIncome": "None", "otherNonOperatingIncome": "None", "depreciation": "None", "depreciationAndAmortization": "879000", "incomeBeforeTax": "4069000", "incomeTaxExpense": "82000", "interestAndDebtExpense": "None", "netIncomeFromContinuingOperations": "0", "comprehensiveIncomeNetOfTax": "None", "ebit": "3642000", "ebitda": "4521000", "netIncome": "3992000"}, {"fiscalDateEnding": "2011-03-31", "reportedCurrency": "USD", "grossProfit": "24022000", "totalRevenue": "41044000", "costOfRevenue": "17022000", "costofGoodsAndServicesSold": "17022000", "operatingIncome": "3135000", "sellingGeneralAndAdministrative": "2132000", "researchAndDevelopment": "8534000", "operatingExpenses": "20887000", "investmentIncomeNet": "None", "netInterestIncome": "None", "interestIncome": "None", "interestExpense": "41000", "nonInterestIncome": "None", "otherNonOperatingIncome": "None", "depreciation": "None", "depreciationAndAmortization": "922000", "incomeBeforeTax": "3351000", "incomeTaxExpense": "65000", "interestAndDebtExpense": "None", "netIncomeFromContinuingOperations": "0", "comprehensiveIncomeNetOfTax": "None", "ebit": "3135000", "ebitda": "4057000", "netIncome": "3029000"}, {"fiscalDateEnding": "2010-12-31", "reportedCurrency": "USD", "grossProfit": "23237000", "totalRevenue": "40464000", "costOfRevenue": "17227000", "costofGoodsAndServicesSold": "17227000", "operatingIncome": "3285000", "sellingGeneralAndAdministrative": "2115000", "researchAndDevelopment": "7839000", "operatingExpenses": "19952000", "investmentIncomeNet": "None", "netInterestIncome": "None", "interestIncome": "None", "interestExpense": "639000", "nonInterestIncome": "None", "otherNonOperatingIncome": "None", "depreciation": "None", "depreciationAndAmortization": "958000", "incomeBeforeTax": "3476000", "incomeTaxExpense": "-2110000", "interestAndDebtExpense": "None", "netIncomeFromContinuingOperations": "0", "comprehensiveIncomeNetOfTax": "None", "ebit": "3885000", "ebitda": "4843000", "netIncome": "5356000"}, {"fiscalDateEnding": "2010-09-30", "reportedCurrency": "USD", "grossProfit": "21214000", "totalRevenue": "38294000", "costOfRevenue": "17080000", "costofGoodsAndServicesSold": "17080000", "operatingIncome": "3030000", "sellingGeneralAndAdministrative": "2106000", "researchAndDevelopment": "7264000", "operatingExpenses": "18184000", "investmentIncomeNet": "None", "netInterestIncome": "None", "interestIncome": "None", "interestExpense": "67000", "nonInterestIncome": "None", "otherNonOperatingIncome": "None", "depreciation": "None", "depreciationAndAmortization": "1377000", "incomeBeforeTax": "2946000", "incomeTaxExpense": "91000", "interestAndDebtExpense": "None", "netIncomeFromContinuingOperations": "0", "comprehensiveIncomeNetOfTax": "None", "ebit": "3030000", "ebitda": "4407000", "netIncome": "2872000"}, {"fiscalDateEnding": "2010-06-30", "reportedCurrency": "USD", "grossProfit": "20218000", "totalRevenue": "36478000", "costOfRevenue": "16260000", "costofGoodsAndServicesSold": "16260000", "operatingIncome": "2277000", "sellingGeneralAndAdministrative": "2063000", "researchAndDevelopment": "7730000", "operatingExpenses": "17941000", "investmentIncomeNet": "None", "netInterestIncome": "None", "interestIncome": "None", "interestExpense": "122000", "nonInterestIncome": "None", "otherNonOperatingIncome": "None", "depreciation": "None", "depreciationAndAmortization": "991000", "incomeBeforeTax": "2155000", "incomeTaxExpense": "68000", "interestAndDebtExpense": "None", "netIncomeFromContinuingOperations": "0", "comprehensiveIncomeNetOfTax": "None", "ebit": "2277000", "ebitda": "3268000", "netIncome": "2103000"}, {"fiscalDateEnding": "2010-03-31", "reportedCurrency": "USD", "grossProfit": "19233000", "totalRevenue": "34804000", "costOfRevenue": "15571000", "costofGoodsAndServicesSold": "15571000", "operatingIncome": "1845000", "sellingGeneralAndAdministrative": "1968000", "researchAndDevelopment": "7356000", "operatingExpenses": "17388000", "investmentIncomeNet": "None", "netInterestIncome": "None", "interestIncome": "None", "interestExpense": "79000", "nonInterestIncome": "None", "otherNonOperatingIncome": "None", "depreciation": "None", "depreciationAndAmortization": "1033000", "incomeBeforeTax": "1766000", "incomeTaxExpense": "66000", "interestAndDebtExpense": "None", "netIncomeFromContinuingOperations": "0", "comprehensiveIncomeNetOfTax": "None", "ebit": "1845000", "ebitda": "2878000", "netIncome": "1795000"}, {"fiscalDateEnding": "2009-12-31", "reportedCurrency": "USD", "grossProfit": "18891000", "totalRevenue": "34158000", "costOfRevenue": "15267000", "costofGoodsAndServicesSold": "15267000", "operatingIncome": "1650000", "sellingGeneralAndAdministrative": "1964000", "researchAndDevelopment": "7255000", "operatingExpenses": "17241000", "investmentIncomeNet": "None", "netInterestIncome": "None", "interestIncome": "None", "interestExpense": "2390000", "nonInterestIncome": "None", "otherNonOperatingIncome": "None", "depreciation": "None", "depreciationAndAmortization": "1244000", "incomeBeforeTax": "1255000", "incomeTaxExpense": "693000", "interestAndDebtExpense": "None", "netIncomeFromContinuingOperations": "0", "comprehensiveIncomeNetOfTax": "None", "ebit": "3645000", "ebitda": "4889000", "netIncome": "473000"}, {"fiscalDateEnding": "2009-09-30", "reportedCurrency": "USD", "grossProfit": "17720000", "totalRevenue": "32082000", "costOfRevenue": "14362000", "costofGoodsAndServicesSold": "14362000", "operatingIncome": "795000", "sellingGeneralAndAdministrative": "1931000", "researchAndDevelopment": "7245000", "operatingExpenses": "16925000", "investmentIncomeNet": "None", "netInterestIncome": "None", "interestIncome": "None", "interestExpense": "751000", "nonInterestIncome": "None", "otherNonOperatingIncome": "None", "depreciation": "None", "depreciationAndAmortization": "1246000", "incomeBeforeTax": "44000", "incomeTaxExpense": "-112000", "interestAndDebtExpense": "None", "netIncomeFromContinuingOperations": "0", "comprehensiveIncomeNetOfTax": "None", "ebit": "795000", "ebitda": "2041000", "netIncome": "330000"}, {"fiscalDateEnding": "2009-06-30", "reportedCurrency": "USD", "grossProfit": "16700000", "totalRevenue": "30357000", "costOfRevenue": "13657000", "costofGoodsAndServicesSold": "13657000", "operatingIncome": "-140000", "sellingGeneralAndAdministrative": "1873000", "researchAndDevelopment": "7241000", "operatingExpenses": "16840000", "investmentIncomeNet": "None", "netInterestIncome": "None", "interestIncome": "None", "interestExpense": "884000", "nonInterestIncome": "None", "otherNonOperatingIncome": "None", "depreciation": "None", "depreciationAndAmortization": "1370000", "incomeBeforeTax": "-1024000", "incomeTaxExpense": "-144000", "interestAndDebtExpense": "None", "netIncomeFromContinuingOperations": "0", "comprehensiveIncomeNetOfTax": "None", "ebit": "-140000", "ebitda": "1230000", "netIncome": "-891000"}, {"fiscalDateEnding": "2009-03-31", "reportedCurrency": "USD", "grossProfit": "16389000", "totalRevenue": "29297000", "costOfRevenue": "12908000", "costofGoodsAndServicesSold": "12908000", "operatingIncome": "-2489000", "sellingGeneralAndAdministrative": "2053000", "researchAndDevelopment": "8211000", "operatingExpenses": "18878000", "investmentIncomeNet": "None", "netInterestIncome": "None", "interestIncome": "None", "interestExpense": "714000", "nonInterestIncome": "None", "otherNonOperatingIncome": "None", "depreciation": "None", "depreciationAndAmortization": "1361000", "incomeBeforeTax": "-3243000", "incomeTaxExpense": "-147000", "interestAndDebtExpense": "None", "netIncomeFromContinuingOperations": "0", "comprehensiveIncomeNetOfTax": "None", "ebit": "-2494000", "ebitda": "-1133000", "netIncome": "-2917000"}, {"fiscalDateEnding": "2008-12-31", "reportedCurrency": "USD", "grossProfit": "20952000", "totalRevenue": "38752000", "costOfRevenue": "17800000", "costofGoodsAndServicesSold": "17800000", "operatingIncome": "-85131000", "sellingGeneralAndAdministrative": "12370000", "researchAndDevelopment": "8698000", "operatingExpenses": "21068000", "investmentIncomeNet": "None", "netInterestIncome": "None", "interestIncome": "None", "interestExpense": "5040000", "nonInterestIncome": "None", "otherNonOperatingIncome": "None", "depreciation": "None", "depreciationAndAmortization": "1877000", "incomeBeforeTax": "-85111000", "incomeTaxExpense": "25000", "interestAndDebtExpense": "None", "netIncomeFromContinuingOperations": "0", "comprehensiveIncomeNetOfTax": "None", "ebit": "-81592000", "ebitda": "-79715000", "netIncome": "-86657000"}, {"fiscalDateEnding": "2008-09-30", "reportedCurrency": "USD", "grossProfit": "26067000", "totalRevenue": "46602000", "costOfRevenue": "20535000", "costofGoodsAndServicesSold": "20535000", "operatingIncome": "3570000", "sellingGeneralAndAdministrative": "13342000", "researchAndDevelopment": "9155000", "operatingExpenses": "22497000", "investmentIncomeNet": "None", "netInterestIncome": "None", "interestIncome": "None", "interestExpense": "161000", "nonInterestIncome": "None", "otherNonOperatingIncome": "None", "depreciation": "None", "depreciationAndAmortization": "1735000", "incomeBeforeTax": "3837000", "incomeTaxExpense": "196000", "interestAndDebtExpense": "None", "netIncomeFromContinuingOperations": "0", "comprehensiveIncomeNetOfTax": "None", "ebit": "3570000", "ebitda": "5305000", "netIncome": "3213000"}, {"fiscalDateEnding": "2008-06-30", "reportedCurrency": "USD", "grossProfit": "25655000", "totalRevenue": "45651000", "costOfRevenue": "19996000", "costofGoodsAndServicesSold": "19996000", "operatingIncome": "1807000", "sellingGeneralAndAdministrative": "14104000", "researchAndDevelopment": "9744000", "operatingExpenses": "23848000", "investmentIncomeNet": "None", "netInterestIncome": "None", "interestIncome": "None", "interestExpense": "16000", "nonInterestIncome": "None", "otherNonOperatingIncome": "None", "depreciation": "None", "depreciationAndAmortization": "1983000", "incomeBeforeTax": "1791000", "incomeTaxExpense": "144000", "interestAndDebtExpense": "None", "netIncomeFromContinuingOperations": "0", "comprehensiveIncomeNetOfTax": "None", "ebit": "1807000", "ebitda": "3790000", "netIncome": "1647000"}, {"fiscalDateEnding": "2008-03-31", "reportedCurrency": "USD", "grossProfit": "24615000", "totalRevenue": "43739000", "costOfRevenue": "19124000", "costofGoodsAndServicesSold": "19124000", "operatingIncome": "319000", "sellingGeneralAndAdministrative": "14060000", "researchAndDevelopment": "10236000", "operatingExpenses": "24296000", "investmentIncomeNet": "None", "netInterestIncome": "None", "interestIncome": "None", "interestExpense": "438000", "nonInterestIncome": "None", "otherNonOperatingIncome": "None", "depreciation": "None", "depreciationAndAmortization": "1958000", "incomeBeforeTax": "597000", "incomeTaxExpense": "140000", "interestAndDebtExpense": "None", "netIncomeFromContinuingOperations": "0", "comprehensiveIncomeNetOfTax": "None", "ebit": "319000", "ebitda": "2277000", "netIncome": "457000"}, {"fiscalDateEnding": "2007-12-31", "reportedCurrency": "USD", "grossProfit": "24167000", "totalRevenue": "42840000", "costOfRevenue": "18673000", "costofGoodsAndServicesSold": "18673000", "operatingIncome": "826000", "sellingGeneralAndAdministrative": "39282000", "researchAndDevelopment": "10086000", "operatingExpenses": "23341000", "investmentIncomeNet": "None", "netInterestIncome": "None", "interestIncome": "None", "interestExpense": "438000", "nonInterestIncome": "None", "otherNonOperatingIncome": "None", "depreciation": "None", "depreciationAndAmortization": "1908000", "incomeBeforeTax": "1264000", "incomeTaxExpense": "1962000", "interestAndDebtExpense": "None", "netIncomeFromContinuingOperations": "0", "comprehensiveIncomeNetOfTax": "None", "ebit": "826000", "ebitda": "2734000", "netIncome": "-698000"}, {"fiscalDateEnding": "2007-09-30", "reportedCurrency": "USD", "grossProfit": "22777000", "totalRevenue": "40408000", "costOfRevenue": "17631000", "costofGoodsAndServicesSold": "17631000", "operatingIncome": "-268000", "sellingGeneralAndAdministrative": "12806000", "researchAndDevelopment": "10239000", "operatingExpenses": "23045000", "investmentIncomeNet": "None", "netInterestIncome": "None", "interestIncome": "None", "interestExpense": "398000", "nonInterestIncome": "None", "otherNonOperatingIncome": "None", "depreciation": "None", "depreciationAndAmortization": "1921000", "incomeBeforeTax": "130000", "incomeTaxExpense": "-95000", "interestAndDebtExpense": "None", "netIncomeFromContinuingOperations": "0", "comprehensiveIncomeNetOfTax": "None", "ebit": "-268000", "ebitda": "1653000", "netIncome": "225000"}, {"fiscalDateEnding": "2007-06-30", "reportedCurrency": "USD", "grossProfit": "21538000", "totalRevenue": "38444000", "costOfRevenue": "16906000", "costofGoodsAndServicesSold": "16906000", "operatingIncome": "-1888000", "sellingGeneralAndAdministrative": "13081000", "researchAndDevelopment": "10345000", "operatingExpenses": "23426000", "investmentIncomeNet": "None", "netInterestIncome": "None", "interestIncome": "None", "interestExpense": "562000", "nonInterestIncome": "None", "otherNonOperatingIncome": "None", "depreciation": "None", "depreciationAndAmortization": "2042000", "incomeBeforeTax": "-1326000", "incomeTaxExpense": "-290000", "interestAndDebtExpense": "None", "netIncomeFromContinuingOperations": "0", "comprehensiveIncomeNetOfTax": "None", "ebit": "-1888000", "ebitda": "154000", "netIncome": "-1036000"}, {"fiscalDateEnding": "2007-03-31", "reportedCurrency": "USD", "grossProfit": "20568000", "totalRevenue": "36543000", "costOfRevenue": "15975000", "costofGoodsAndServicesSold": "15975000", "operatingIncome": "-2863000", "sellingGeneralAndAdministrative": "13395000", "researchAndDevelopment": "10036000", "operatingExpenses": "23431000", "investmentIncomeNet": "None", "netInterestIncome": "None", "interestIncome": "None", "interestExpense": "175000", "nonInterestIncome": "None", "otherNonOperatingIncome": "None", "depreciation": "None", "depreciationAndAmortization": "2160000", "incomeBeforeTax": "-2688000", "incomeTaxExpense": "-312000", "interestAndDebtExpense": "None", "netIncomeFromContinuingOperations": "0", "comprehensiveIncomeNetOfTax": "None", "ebit": "-2863000", "ebitda": "-703000", "netIncome": "-2376000"}, {"fiscalDateEnding": "2006-12-31", "reportedCurrency": "USD", "grossProfit": "24489000", "totalRevenue": "42613000", "costOfRevenue": "18124000", "costofGoodsAndServicesSold": "18124000", "operatingIncome": "40000", "sellingGeneralAndAdministrative": "13395000", "researchAndDevelopment": "10701000", "operatingExpenses": "24449000", "investmentIncomeNet": "None", "netInterestIncome": "None", "interestIncome": "None", "interestExpense": "510000", "nonInterestIncome": "None", "otherNonOperatingIncome": "None", "depreciation": "None", "depreciationAndAmortization": "2017000", "incomeBeforeTax": "550000", "incomeTaxExpense": "-121000", "interestAndDebtExpense": "None", "netIncomeFromContinuingOperations": "0", "comprehensiveIncomeNetOfTax": "None", "ebit": "40000", "ebitda": "2057000", "netIncome": "671000"}, {"fiscalDateEnding": "2006-09-30", "reportedCurrency": "USD", "grossProfit": "23250000", "totalRevenue": "40111000", "costOfRevenue": "16861000", "costofGoodsAndServicesSold": "16861000", "operatingIncome": "275000", "sellingGeneralAndAdministrative": "12804000", "researchAndDevelopment": "10171000", "operatingExpenses": "22975000", "investmentIncomeNet": "None", "netInterestIncome": "None", "interestIncome": "None", "interestExpense": "510000", "nonInterestIncome": "None", "otherNonOperatingIncome": "None", "depreciation": "None", "depreciationAndAmortization": "2006000", "incomeBeforeTax": "700000", "incomeTaxExpense": "24000", "interestAndDebtExpense": "None", "netIncomeFromContinuingOperations": "0", "comprehensiveIncomeNetOfTax": "None", "ebit": "275000", "ebitda": "2281000", "netIncome": "676000"}, {"fiscalDateEnding": "2006-06-30", "reportedCurrency": "USD", "grossProfit": "19731000", "totalRevenue": "33295000", "costOfRevenue": "13564000", "costofGoodsAndServicesSold": "13564000", "operatingIncome": "2483000", "sellingGeneralAndAdministrative": "9993000", "researchAndDevelopment": "7255000", "operatingExpenses": "17248000", "investmentIncomeNet": "None", "netInterestIncome": "None", "interestIncome": "None", "interestExpense": "1030000", "nonInterestIncome": "None", "otherNonOperatingIncome": "None", "depreciation": "None", "depreciationAndAmortization": "973000", "incomeBeforeTax": "3513000", "incomeTaxExpense": "260000", "interestAndDebtExpense": "None", "netIncomeFromContinuingOperations": "0", "comprehensiveIncomeNetOfTax": "None", "ebit": "2483000", "ebitda": "3456000", "netIncome": "3253000"}, {"fiscalDateEnding": "2006-03-31", "reportedCurrency": "USD", "grossProfit": "18641000", "totalRevenue": "31334000", "costOfRevenue": "12693000", "costofGoodsAndServicesSold": "12693000", "operatingIncome": "1467000", "sellingGeneralAndAdministrative": "9885000", "researchAndDevelopment": "7289000", "operatingExpenses": "17174000", "investmentIncomeNet": "None", "netInterestIncome": "None", "interestIncome": "None", "interestExpense": "854000", "nonInterestIncome": "None", "otherNonOperatingIncome": "None", "depreciation": "None", "depreciationAndAmortization": "971000", "incomeBeforeTax": "2403000", "incomeTaxExpense": "126000", "interestAndDebtExpense": "None", "netIncomeFromContinuingOperations": "0", "comprehensiveIncomeNetOfTax": "None", "ebit": "1467000", "ebitda": "2438000", "netIncome": "2277000"}, {"fiscalDateEnding": "2005-12-31", "reportedCurrency": "USD", "grossProfit": "18351000", "totalRevenue": "30640000", "costOfRevenue": "12289000", "costofGoodsAndServicesSold": "12289000", "operatingIncome": "3314000", "sellingGeneralAndAdministrative": "19301000", "researchAndDevelopment": "6456000", "operatingExpenses": "15037000", "investmentIncomeNet": "None", "netInterestIncome": "None", "interestIncome": "None", "interestExpense": "854000", "nonInterestIncome": "None", "otherNonOperatingIncome": "None", "depreciation": "None", "depreciationAndAmortization": "1067000", "incomeBeforeTax": "4168000", "incomeTaxExpense": "264000", "interestAndDebtExpense": "None", "netIncomeFromContinuingOperations": "0", "comprehensiveIncomeNetOfTax": "None", "ebit": "3314000", "ebitda": "4381000", "netIncome": "3904000"}]}