{"symbol": "AEVAW", "annualReports": [{"fiscalDateEnding": "2024-12-31", "reportedCurrency": "USD", "grossProfit": "-3790000", "totalRevenue": "9065000", "costOfRevenue": "12855000", "costofGoodsAndServicesSold": "12855000", "operatingIncome": "-158372000", "sellingGeneralAndAdministrative": "33259000", "researchAndDevelopment": "102667000", "operatingExpenses": "154582000", "investmentIncomeNet": "None", "netInterestIncome": "7712000", "interestIncome": "7712000", "interestExpense": "None", "nonInterestIncome": "None", "otherNonOperatingIncome": "None", "depreciation": "None", "depreciationAndAmortization": "8943000", "incomeBeforeTax": "-152090000", "incomeTaxExpense": "171000", "interestAndDebtExpense": "None", "netIncomeFromContinuingOperations": "-152261000", "comprehensiveIncomeNetOfTax": "None", "ebit": "-146872000", "ebitda": "-137929000", "netIncome": "-152261000"}, {"fiscalDateEnding": "2023-12-31", "reportedCurrency": "USD", "grossProfit": "-5886000", "totalRevenue": "4312000", "costOfRevenue": "10198000", "costofGoodsAndServicesSold": "10198000", "operatingIncome": "-147788000", "sellingGeneralAndAdministrative": "31761000", "researchAndDevelopment": "102503000", "operatingExpenses": "141902000", "investmentIncomeNet": "None", "netInterestIncome": "8925000", "interestIncome": "8925000", "interestExpense": "None", "nonInterestIncome": "None", "otherNonOperatingIncome": "None", "depreciation": "None", "depreciationAndAmortization": "7708000", "incomeBeforeTax": "-149333000", "incomeTaxExpense": "None", "interestAndDebtExpense": "None", "netIncomeFromContinuingOperations": "-149333000", "comprehensiveIncomeNetOfTax": "None", "ebit": "-147788000", "ebitda": "-140080000", "netIncome": "-149333000"}, {"fiscalDateEnding": "2022-12-31", "reportedCurrency": "USD", "grossProfit": "-4255000", "totalRevenue": "4192000", "costOfRevenue": "8447000", "costofGoodsAndServicesSold": "8447000", "operatingIncome": "-151955000", "sellingGeneralAndAdministrative": "31070000", "researchAndDevelopment": "109587000", "operatingExpenses": "147700000", "investmentIncomeNet": "None", "netInterestIncome": "3707000", "interestIncome": "3707000", "interestExpense": "None", "nonInterestIncome": "None", "otherNonOperatingIncome": "None", "depreciation": "None", "depreciationAndAmortization": "6147000", "incomeBeforeTax": "-147305000", "incomeTaxExpense": "None", "interestAndDebtExpense": "None", "netIncomeFromContinuingOperations": "-147305000", "comprehensiveIncomeNetOfTax": "None", "ebit": "-151955000", "ebitda": "-145808000", "netIncome": "-147305000"}, {"fiscalDateEnding": "2021-12-31", "reportedCurrency": "USD", "grossProfit": "3432000", "totalRevenue": "9265000", "costOfRevenue": "5833000", "costofGoodsAndServicesSold": "5833000", "operatingIncome": "-104186000", "sellingGeneralAndAdministrative": "28407000", "researchAndDevelopment": "74768000", "operatingExpenses": "107618000", "investmentIncomeNet": "None", "netInterestIncome": "372000", "interestIncome": "372000", "interestExpense": "None", "nonInterestIncome": "None", "otherNonOperatingIncome": "None", "depreciation": "None", "depreciationAndAmortization": "3101000", "incomeBeforeTax": "-101878000", "incomeTaxExpense": "None", "interestAndDebtExpense": "None", "netIncomeFromContinuingOperations": "-101878000", "comprehensiveIncomeNetOfTax": "None", "ebit": "-104186000", "ebitda": "-101085000", "netIncome": "-101506000"}, {"fiscalDateEnding": "2020-12-31", "reportedCurrency": "USD", "grossProfit": "2102000", "totalRevenue": "4843000", "costOfRevenue": "2741000", "costofGoodsAndServicesSold": "2741000", "operatingIncome": "-25741000", "sellingGeneralAndAdministrative": "5664000", "researchAndDevelopment": "20497000", "operatingExpenses": "27843000", "investmentIncomeNet": "None", "netInterestIncome": "195000", "interestIncome": "195000", "interestExpense": "None", "nonInterestIncome": "None", "otherNonOperatingIncome": "None", "depreciation": "None", "depreciationAndAmortization": "798000", "incomeBeforeTax": "-25570000", "incomeTaxExpense": "None", "interestAndDebtExpense": "None", "netIncomeFromContinuingOperations": "-25570000", "comprehensiveIncomeNetOfTax": "None", "ebit": "-25741000", "ebitda": "-24943000", "netIncome": "-25570000"}, {"fiscalDateEnding": "2019-12-31", "reportedCurrency": "None", "grossProfit": "569000", "totalRevenue": "1384000", "costOfRevenue": "815000", "costofGoodsAndServicesSold": "815000", "operatingIncome": "-20093000", "sellingGeneralAndAdministrative": "4290000", "researchAndDevelopment": "15406000", "operatingExpenses": "20662000", "investmentIncomeNet": "None", "netInterestIncome": "None", "interestIncome": "None", "interestExpense": "None", "nonInterestIncome": "None", "otherNonOperatingIncome": "None", "depreciation": "None", "depreciationAndAmortization": "634000", "incomeBeforeTax": "-19594000", "incomeTaxExpense": "None", "interestAndDebtExpense": "None", "netIncomeFromContinuingOperations": "None", "comprehensiveIncomeNetOfTax": "None", "ebit": "-20093000", "ebitda": "-19459000", "netIncome": "-19594000"}, {"fiscalDateEnding": "2018-12-31", "reportedCurrency": "None", "grossProfit": "78000", "totalRevenue": "135000", "costOfRevenue": "57000", "costofGoodsAndServicesSold": "57000", "operatingIncome": "-11402000", "sellingGeneralAndAdministrative": "2631000", "researchAndDevelopment": "8399000", "operatingExpenses": "11480000", "investmentIncomeNet": "None", "netInterestIncome": "None", "interestIncome": "None", "interestExpense": "None", "nonInterestIncome": "None", "otherNonOperatingIncome": "None", "depreciation": "None", "depreciationAndAmortization": "476000", "incomeBeforeTax": "-11168000", "incomeTaxExpense": "None", "interestAndDebtExpense": "None", "netIncomeFromContinuingOperations": "None", "comprehensiveIncomeNetOfTax": "None", "ebit": "-11402000", "ebitda": "-10926000", "netIncome": "-11168000"}], "quarterlyReports": [{"fiscalDateEnding": "2025-09-30", "reportedCurrency": "USD", "grossProfit": "430000", "totalRevenue": "3579000", "costOfRevenue": "3149000", "costofGoodsAndServicesSold": "3149000", "operatingIncome": "-33161000", "sellingGeneralAndAdministrative": "9624000", "researchAndDevelopment": "22164000", "operatingExpenses": "33591000", "investmentIncomeNet": "None", "netInterestIncome": "385000", "interestIncome": "385000", "interestExpense": "None", "nonInterestIncome": "None", "otherNonOperatingIncome": "None", "depreciation": "None", "depreciationAndAmortization": "2061000", "incomeBeforeTax": "107561000", "incomeTaxExpense": "66000", "interestAndDebtExpense": "None", "netIncomeFromContinuingOperations": "107495000", "comprehensiveIncomeNetOfTax": "None", "ebit": "107561000", "ebitda": "109622000", "netIncome": "107495000"}, {"fiscalDateEnding": "2025-06-30", "reportedCurrency": "USD", "grossProfit": "-2720000", "totalRevenue": "5511000", "costOfRevenue": "8231000", "costofGoodsAndServicesSold": "8231000", "operatingIncome": "-34923000", "sellingGeneralAndAdministrative": "7969000", "researchAndDevelopment": "22841000", "operatingExpenses": "32203000", "investmentIncomeNet": "None", "netInterestIncome": "619000", "interestIncome": "619000", "interestExpense": "None", "nonInterestIncome": "None", "otherNonOperatingIncome": "None", "depreciation": "None", "depreciationAndAmortization": "2256000", "incomeBeforeTax": "-192672000", "incomeTaxExpense": "70000", "interestAndDebtExpense": "None", "netIncomeFromContinuingOperations": "-192742000", "comprehensiveIncomeNetOfTax": "None", "ebit": "-34923000", "ebitda": "-32667000", "netIncome": "-192742000"}, {"fiscalDateEnding": "2025-03-31", "reportedCurrency": "USD", "grossProfit": "310000", "totalRevenue": "3368000", "costOfRevenue": "3058000", "costofGoodsAndServicesSold": "3058000", "operatingIncome": "-30418000", "sellingGeneralAndAdministrative": "7217000", "researchAndDevelopment": "21569000", "operatingExpenses": "30728000", "investmentIncomeNet": "None", "netInterestIncome": "1007000", "interestIncome": "1007000", "interestExpense": "None", "nonInterestIncome": "None", "otherNonOperatingIncome": "None", "depreciation": "None", "depreciationAndAmortization": "2290000", "incomeBeforeTax": "-34810000", "incomeTaxExpense": "57000", "interestAndDebtExpense": "None", "netIncomeFromContinuingOperations": "-34867000", "comprehensiveIncomeNetOfTax": "None", "ebit": "-30418000", "ebitda": "-28128000", "netIncome": "-34867000"}, {"fiscalDateEnding": "2024-12-31", "reportedCurrency": "USD", "grossProfit": "-829000", "totalRevenue": "2696000", "costOfRevenue": "3525000", "costofGoodsAndServicesSold": "3525000", "operatingIncome": "-34239000", "sellingGeneralAndAdministrative": "7729000", "researchAndDevelopment": "24343000", "operatingExpenses": "33410000", "investmentIncomeNet": "None", "netInterestIncome": "1385000", "interestIncome": "1385000", "interestExpense": "None", "nonInterestIncome": "None", "otherNonOperatingIncome": "None", "depreciation": "None", "depreciationAndAmortization": "2267000", "incomeBeforeTax": "-36120000", "incomeTaxExpense": "26000", "interestAndDebtExpense": "None", "netIncomeFromContinuingOperations": "-36146000", "comprehensiveIncomeNetOfTax": "None", "ebit": "-34239000", "ebitda": "-31972000", "netIncome": "-36146000"}, {"fiscalDateEnding": "2024-09-30", "reportedCurrency": "USD", "grossProfit": "-721000", "totalRevenue": "2250000", "costOfRevenue": "2971000", "costofGoodsAndServicesSold": "2971000", "operatingIncome": "-37876000", "sellingGeneralAndAdministrative": "8456000", "researchAndDevelopment": "27116000", "operatingExpenses": "37155000", "investmentIncomeNet": "None", "netInterestIncome": "1770000", "interestIncome": "1770000", "interestExpense": "None", "nonInterestIncome": "None", "otherNonOperatingIncome": "None", "depreciation": "None", "depreciationAndAmortization": "2232000", "incomeBeforeTax": "-37374000", "incomeTaxExpense": "22000", "interestAndDebtExpense": "None", "netIncomeFromContinuingOperations": "-37396000", "comprehensiveIncomeNetOfTax": "None", "ebit": "-37876000", "ebitda": "-35644000", "netIncome": "-37396000"}, {"fiscalDateEnding": "2024-06-30", "reportedCurrency": "USD", "grossProfit": "-848000", "totalRevenue": "2012000", "costOfRevenue": "2860000", "costofGoodsAndServicesSold": "2860000", "operatingIncome": "-48913000", "sellingGeneralAndAdministrative": "8663000", "researchAndDevelopment": "26196000", "operatingExpenses": "48065000", "investmentIncomeNet": "None", "netInterestIncome": "2099000", "interestIncome": "2099000", "interestExpense": "None", "nonInterestIncome": "None", "otherNonOperatingIncome": "None", "depreciation": "None", "depreciationAndAmortization": "2254000", "incomeBeforeTax": "-43270000", "incomeTaxExpense": "123000", "interestAndDebtExpense": "None", "netIncomeFromContinuingOperations": "-43393000", "comprehensiveIncomeNetOfTax": "None", "ebit": "-37413000", "ebitda": "-35159000", "netIncome": "-43393000"}, {"fiscalDateEnding": "2024-03-31", "reportedCurrency": "USD", "grossProfit": "-1392000", "totalRevenue": "2107000", "costOfRevenue": "3499000", "costofGoodsAndServicesSold": "3499000", "operatingIncome": "-37344000", "sellingGeneralAndAdministrative": "8411000", "researchAndDevelopment": "25012000", "operatingExpenses": "35952000", "investmentIncomeNet": "None", "netInterestIncome": "2457000", "interestIncome": "2457000", "interestExpense": "None", "nonInterestIncome": "None", "otherNonOperatingIncome": "None", "depreciation": "None", "depreciationAndAmortization": "2190000", "incomeBeforeTax": "-35326000", "incomeTaxExpense": "None", "interestAndDebtExpense": "None", "netIncomeFromContinuingOperations": "-35326000", "comprehensiveIncomeNetOfTax": "None", "ebit": "-37344000", "ebitda": "-35154000", "netIncome": "-35326000"}, {"fiscalDateEnding": "2023-12-31", "reportedCurrency": "USD", "grossProfit": "-872000", "totalRevenue": "1611000", "costOfRevenue": "2483000", "costofGoodsAndServicesSold": "2483000", "operatingIncome": "-36845000", "sellingGeneralAndAdministrative": "7741000", "researchAndDevelopment": "26197000", "operatingExpenses": "35973000", "investmentIncomeNet": "None", "netInterestIncome": "2417000", "interestIncome": "2417000", "interestExpense": "None", "nonInterestIncome": "None", "otherNonOperatingIncome": "None", "depreciation": "None", "depreciationAndAmortization": "2307000", "incomeBeforeTax": "-44966000", "incomeTaxExpense": "None", "interestAndDebtExpense": "None", "netIncomeFromContinuingOperations": "-44966000", "comprehensiveIncomeNetOfTax": "None", "ebit": "-36867000", "ebitda": "-34560000", "netIncome": "-44966000"}, {"fiscalDateEnding": "2023-09-30", "reportedCurrency": "USD", "grossProfit": "-1715000", "totalRevenue": "810000", "costOfRevenue": "2525000", "costofGoodsAndServicesSold": "2525000", "operatingIncome": "-35496000", "sellingGeneralAndAdministrative": "8474000", "researchAndDevelopment": "23787000", "operatingExpenses": "33781000", "investmentIncomeNet": "None", "netInterestIncome": "2219000", "interestIncome": "2219000", "interestExpense": "None", "nonInterestIncome": "None", "otherNonOperatingIncome": "None", "depreciation": "None", "depreciationAndAmortization": "1822000", "incomeBeforeTax": "-33238000", "incomeTaxExpense": "None", "interestAndDebtExpense": "None", "netIncomeFromContinuingOperations": "-33238000", "comprehensiveIncomeNetOfTax": "None", "ebit": "-35496000", "ebitda": "-33674000", "netIncome": "-33238000"}, {"fiscalDateEnding": "2023-06-30", "reportedCurrency": "None", "grossProfit": "-1918000", "totalRevenue": "743000", "costOfRevenue": "2661000", "costofGoodsAndServicesSold": "2661000", "operatingIncome": "-38181000", "sellingGeneralAndAdministrative": "7713000", "researchAndDevelopment": "27065000", "operatingExpenses": "36263000", "investmentIncomeNet": "None", "netInterestIncome": "None", "interestIncome": "None", "interestExpense": "None", "nonInterestIncome": "None", "otherNonOperatingIncome": "None", "depreciation": "None", "depreciationAndAmortization": "1902000", "incomeBeforeTax": "-35955000", "incomeTaxExpense": "None", "interestAndDebtExpense": "None", "netIncomeFromContinuingOperations": "None", "comprehensiveIncomeNetOfTax": "None", "ebit": "-38181000", "ebitda": "-36279000", "netIncome": "-35955000"}, {"fiscalDateEnding": "2023-03-31", "reportedCurrency": "None", "grossProfit": "-1381000", "totalRevenue": "1148000", "costOfRevenue": "2529000", "costofGoodsAndServicesSold": "2529000", "operatingIncome": "-37266000", "sellingGeneralAndAdministrative": "7833000", "researchAndDevelopment": "25454000", "operatingExpenses": "35885000", "investmentIncomeNet": "None", "netInterestIncome": "None", "interestIncome": "None", "interestExpense": "None", "nonInterestIncome": "None", "otherNonOperatingIncome": "None", "depreciation": "None", "depreciationAndAmortization": "1699000", "incomeBeforeTax": "-35174000", "incomeTaxExpense": "None", "interestAndDebtExpense": "None", "netIncomeFromContinuingOperations": "None", "comprehensiveIncomeNetOfTax": "None", "ebit": "-37266000", "ebitda": "-35567000", "netIncome": "-35174000"}, {"fiscalDateEnding": "2022-12-31", "reportedCurrency": "None", "grossProfit": "-3128000", "totalRevenue": "188000", "costOfRevenue": "3316000", "costofGoodsAndServicesSold": "3316000", "operatingIncome": "-44395000", "sellingGeneralAndAdministrative": "7428000", "researchAndDevelopment": "32211000", "operatingExpenses": "41267000", "investmentIncomeNet": "None", "netInterestIncome": "None", "interestIncome": "None", "interestExpense": "None", "nonInterestIncome": "None", "otherNonOperatingIncome": "None", "depreciation": "None", "depreciationAndAmortization": "1695000", "incomeBeforeTax": "-42674000", "incomeTaxExpense": "None", "interestAndDebtExpense": "None", "netIncomeFromContinuingOperations": "None", "comprehensiveIncomeNetOfTax": "None", "ebit": "-44395000", "ebitda": "-42700000", "netIncome": "-42674000"}, {"fiscalDateEnding": "2022-09-30", "reportedCurrency": "None", "grossProfit": "-1391000", "totalRevenue": "1374000", "costOfRevenue": "2765000", "costofGoodsAndServicesSold": "2765000", "operatingIncome": "-37802000", "sellingGeneralAndAdministrative": "8093000", "researchAndDevelopment": "26123000", "operatingExpenses": "36411000", "investmentIncomeNet": "None", "netInterestIncome": "None", "interestIncome": "None", "interestExpense": "None", "nonInterestIncome": "None", "otherNonOperatingIncome": "None", "depreciation": "None", "depreciationAndAmortization": "1601000", "incomeBeforeTax": "-36503000", "incomeTaxExpense": "None", "interestAndDebtExpense": "None", "netIncomeFromContinuingOperations": "None", "comprehensiveIncomeNetOfTax": "None", "ebit": "-37802000", "ebitda": "-36201000", "netIncome": "-36503000"}, {"fiscalDateEnding": "2022-06-30", "reportedCurrency": "None", "grossProfit": "502000", "totalRevenue": "1493000", "costOfRevenue": "991000", "costofGoodsAndServicesSold": "991000", "operatingIncome": "-35685000", "sellingGeneralAndAdministrative": "8978000", "researchAndDevelopment": "25938000", "operatingExpenses": "36187000", "investmentIncomeNet": "None", "netInterestIncome": "None", "interestIncome": "None", "interestExpense": "None", "nonInterestIncome": "None", "otherNonOperatingIncome": "None", "depreciation": "None", "depreciationAndAmortization": "1514000", "incomeBeforeTax": "-34971000", "incomeTaxExpense": "None", "interestAndDebtExpense": "None", "netIncomeFromContinuingOperations": "None", "comprehensiveIncomeNetOfTax": "None", "ebit": "-35685000", "ebitda": "-34171000", "netIncome": "-34971000"}, {"fiscalDateEnding": "2022-03-31", "reportedCurrency": "None", "grossProfit": "-238000", "totalRevenue": "1137000", "costOfRevenue": "1375000", "costofGoodsAndServicesSold": "1375000", "operatingIncome": "-34073000", "sellingGeneralAndAdministrative": "6872000", "researchAndDevelopment": "25315000", "operatingExpenses": "33835000", "investmentIncomeNet": "None", "netInterestIncome": "None", "interestIncome": "None", "interestExpense": "None", "nonInterestIncome": "None", "otherNonOperatingIncome": "None", "depreciation": "None", "depreciationAndAmortization": "1337000", "incomeBeforeTax": "-33157000", "incomeTaxExpense": "None", "interestAndDebtExpense": "None", "netIncomeFromContinuingOperations": "None", "comprehensiveIncomeNetOfTax": "None", "ebit": "-34073000", "ebitda": "-32736000", "netIncome": "-33157000"}, {"fiscalDateEnding": "2021-12-31", "reportedCurrency": "None", "grossProfit": "943000", "totalRevenue": "2873000", "costOfRevenue": "1930000", "costofGoodsAndServicesSold": "1930000", "operatingIncome": "-31936000", "sellingGeneralAndAdministrative": "6766000", "researchAndDevelopment": "23749000", "operatingExpenses": "32879000", "investmentIncomeNet": "None", "netInterestIncome": "None", "interestIncome": "None", "interestExpense": "None", "nonInterestIncome": "None", "otherNonOperatingIncome": "None", "depreciation": "None", "depreciationAndAmortization": "1103000", "incomeBeforeTax": "-31742000", "incomeTaxExpense": "None", "interestAndDebtExpense": "None", "netIncomeFromContinuingOperations": "None", "comprehensiveIncomeNetOfTax": "None", "ebit": "-31936000", "ebitda": "-30833000", "netIncome": "-31742000"}, {"fiscalDateEnding": "2021-09-30", "reportedCurrency": "None", "grossProfit": "1182000", "totalRevenue": "3483000", "costOfRevenue": "2301000", "costofGoodsAndServicesSold": "2301000", "operatingIncome": "-27387000", "sellingGeneralAndAdministrative": "6739000", "researchAndDevelopment": "20908000", "operatingExpenses": "28569000", "investmentIncomeNet": "None", "netInterestIncome": "None", "interestIncome": "None", "interestExpense": "None", "nonInterestIncome": "None", "otherNonOperatingIncome": "None", "depreciation": "None", "depreciationAndAmortization": "894000", "incomeBeforeTax": "-26605000", "incomeTaxExpense": "None", "interestAndDebtExpense": "None", "netIncomeFromContinuingOperations": "None", "comprehensiveIncomeNetOfTax": "None", "ebit": "-27387000", "ebitda": "-26493000", "netIncome": "-26605000"}, {"fiscalDateEnding": "2021-06-30", "reportedCurrency": "None", "grossProfit": "1179000", "totalRevenue": "2601000", "costOfRevenue": "1422000", "costofGoodsAndServicesSold": "1422000", "operatingIncome": "-24736000", "sellingGeneralAndAdministrative": "6685000", "researchAndDevelopment": "18732000", "operatingExpenses": "25915000", "investmentIncomeNet": "None", "netInterestIncome": "None", "interestIncome": "None", "interestExpense": "None", "nonInterestIncome": "None", "otherNonOperatingIncome": "None", "depreciation": "None", "depreciationAndAmortization": "613000", "incomeBeforeTax": "-24073000", "incomeTaxExpense": "None", "interestAndDebtExpense": "None", "netIncomeFromContinuingOperations": "None", "comprehensiveIncomeNetOfTax": "None", "ebit": "-24736000", "ebitda": "-24123000", "netIncome": "-24073000"}, {"fiscalDateEnding": "2021-03-31", "reportedCurrency": "None", "grossProfit": "128000", "totalRevenue": "308000", "costOfRevenue": "180000", "costofGoodsAndServicesSold": "180000", "operatingIncome": "-20127000", "sellingGeneralAndAdministrative": "8217000", "researchAndDevelopment": "11379000", "operatingExpenses": "20255000", "investmentIncomeNet": "None", "netInterestIncome": "None", "interestIncome": "None", "interestExpense": "None", "nonInterestIncome": "None", "otherNonOperatingIncome": "None", "depreciation": "None", "depreciationAndAmortization": "438000", "incomeBeforeTax": "-19458000", "incomeTaxExpense": "None", "interestAndDebtExpense": "None", "netIncomeFromContinuingOperations": "None", "comprehensiveIncomeNetOfTax": "None", "ebit": "-20127000", "ebitda": "-19689000", "netIncome": "-19458000"}, {"fiscalDateEnding": "2020-12-31", "reportedCurrency": "None", "grossProfit": "182000", "totalRevenue": "732000", "costOfRevenue": "550000", "costofGoodsAndServicesSold": "550000", "operatingIncome": "-9012000", "sellingGeneralAndAdministrative": "2325000", "researchAndDevelopment": "6214000", "operatingExpenses": "9194000", "investmentIncomeNet": "None", "netInterestIncome": "None", "interestIncome": "None", "interestExpense": "None", "nonInterestIncome": "None", "otherNonOperatingIncome": "None", "depreciation": "None", "depreciationAndAmortization": "195000", "incomeBeforeTax": "-9013000", "incomeTaxExpense": "None", "interestAndDebtExpense": "None", "netIncomeFromContinuingOperations": "None", "comprehensiveIncomeNetOfTax": "None", "ebit": "-9012000", "ebitda": "-8817000", "netIncome": "-9013000"}, {"fiscalDateEnding": "2020-09-30", "reportedCurrency": "None", "grossProfit": "959000", "totalRevenue": "1945000", "costOfRevenue": "986000", "costofGoodsAndServicesSold": "986000", "operatingIncome": "-4755000", "sellingGeneralAndAdministrative": "1208000", "researchAndDevelopment": "4303000", "operatingExpenses": "5714000", "investmentIncomeNet": "None", "netInterestIncome": "None", "interestIncome": "None", "interestExpense": "None", "nonInterestIncome": "None", "otherNonOperatingIncome": "None", "depreciation": "None", "depreciationAndAmortization": "209000", "incomeBeforeTax": "-4754000", "incomeTaxExpense": "None", "interestAndDebtExpense": "None", "netIncomeFromContinuingOperations": "None", "comprehensiveIncomeNetOfTax": "None", "ebit": "-4755000", "ebitda": "-4546000", "netIncome": "-4754000"}, {"fiscalDateEnding": "2020-06-30", "reportedCurrency": "None", "grossProfit": "711000", "totalRevenue": "1639000", "costOfRevenue": "928000", "costofGoodsAndServicesSold": "928000", "operatingIncome": "-4977000", "sellingGeneralAndAdministrative": "827000", "researchAndDevelopment": "4671000", "operatingExpenses": "5688000", "investmentIncomeNet": "None", "netInterestIncome": "None", "interestIncome": "None", "interestExpense": "None", "nonInterestIncome": "None", "otherNonOperatingIncome": "None", "depreciation": "None", "depreciationAndAmortization": "207000", "incomeBeforeTax": "-4951000", "incomeTaxExpense": "None", "interestAndDebtExpense": "None", "netIncomeFromContinuingOperations": "None", "comprehensiveIncomeNetOfTax": "None", "ebit": "-4977000", "ebitda": "-4770000", "netIncome": "-4951000"}, {"fiscalDateEnding": "2020-03-31", "reportedCurrency": "None", "grossProfit": "250000", "totalRevenue": "527000", "costOfRevenue": "277000", "costofGoodsAndServicesSold": "277000", "operatingIncome": "-6997000", "sellingGeneralAndAdministrative": "1304000", "researchAndDevelopment": "5309000", "operatingExpenses": "7247000", "investmentIncomeNet": "None", "netInterestIncome": "None", "interestIncome": "None", "interestExpense": "None", "nonInterestIncome": "None", "otherNonOperatingIncome": "None", "depreciation": "None", "depreciationAndAmortization": "187000", "incomeBeforeTax": "-6852000", "incomeTaxExpense": "None", "interestAndDebtExpense": "None", "netIncomeFromContinuingOperations": "None", "comprehensiveIncomeNetOfTax": "None", "ebit": "-6997000", "ebitda": "-6810000", "netIncome": "-6852000"}, {"fiscalDateEnding": "2019-12-31", "reportedCurrency": "None", "grossProfit": "477000", "totalRevenue": "830000", "costOfRevenue": "353000", "costofGoodsAndServicesSold": "353000", "operatingIncome": "-5680000", "sellingGeneralAndAdministrative": "1375000", "researchAndDevelopment": "4597000", "operatingExpenses": "6167000", "investmentIncomeNet": "None", "netInterestIncome": "None", "interestIncome": "None", "interestExpense": "None", "nonInterestIncome": "None", "otherNonOperatingIncome": "None", "depreciation": "None", "depreciationAndAmortization": "166000", "incomeBeforeTax": "-5566000", "incomeTaxExpense": "None", "interestAndDebtExpense": "None", "netIncomeFromContinuingOperations": "None", "comprehensiveIncomeNetOfTax": "None", "ebit": "-5680000", "ebitda": "-5514000", "netIncome": "-5566000"}]}