{"symbol": "ACIC", "annualReports": [{"fiscalDateEnding": "2024-12-31", "reportedCurrency": "USD", "grossProfit": "156348000", "totalRevenue": "296657000", "costOfRevenue": "140309000", "costofGoodsAndServicesSold": "140309000", "operatingIncome": "111592000", "sellingGeneralAndAdministrative": "36975000", "researchAndDevelopment": "357700000", "operatingExpenses": "44756000", "investmentIncomeNet": "None", "netInterestIncome": "-11996000", "interestIncome": "None", "interestExpense": "11996000", "nonInterestIncome": "None", "otherNonOperatingIncome": "None", "depreciation": "None", "depreciationAndAmortization": "8869000", "incomeBeforeTax": "101659000", "incomeTaxExpense": "25340000", "interestAndDebtExpense": "None", "netIncomeFromContinuingOperations": "76319000", "comprehensiveIncomeNetOfTax": "None", "ebit": "113655000", "ebitda": "122524000", "netIncome": "75718000"}, {"fiscalDateEnding": "2023-12-31", "reportedCurrency": "USD", "grossProfit": "141563000", "totalRevenue": "263677000", "costOfRevenue": "122114000", "costofGoodsAndServicesSold": "122114000", "operatingIncome": "96080000", "sellingGeneralAndAdministrative": "31776000", "researchAndDevelopment": "None", "operatingExpenses": "45483000", "investmentIncomeNet": "None", "netInterestIncome": "-10689000", "interestIncome": "None", "interestExpense": "10875000", "nonInterestIncome": "None", "otherNonOperatingIncome": "None", "depreciation": "None", "depreciationAndAmortization": "10626000", "incomeBeforeTax": "96080000", "incomeTaxExpense": "10876000", "interestAndDebtExpense": "None", "netIncomeFromContinuingOperations": "-363844000", "comprehensiveIncomeNetOfTax": "None", "ebit": "106955000", "ebitda": "117581000", "netIncome": "309911000"}, {"fiscalDateEnding": "2022-12-31", "reportedCurrency": "USD", "grossProfit": "43680000", "totalRevenue": "220785000", "costOfRevenue": "177105000", "costofGoodsAndServicesSold": "177105000", "operatingIncome": "1681000", "sellingGeneralAndAdministrative": "32000000", "researchAndDevelopment": "None", "operatingExpenses": "41999000", "investmentIncomeNet": "None", "netInterestIncome": "-9613000", "interestIncome": "None", "interestExpense": "9483000", "nonInterestIncome": "None", "otherNonOperatingIncome": "-46205000", "depreciation": "None", "depreciationAndAmortization": "23312000", "incomeBeforeTax": "1681000", "incomeTaxExpense": "26233000", "interestAndDebtExpense": "None", "netIncomeFromContinuingOperations": "-468110000", "comprehensiveIncomeNetOfTax": "None", "ebit": "11164000", "ebitda": "34476000", "netIncome": "-469855000"}, {"fiscalDateEnding": "2021-12-31", "reportedCurrency": "USD", "grossProfit": "46435000", "totalRevenue": "228685000", "costOfRevenue": "182250000", "costofGoodsAndServicesSold": "182250000", "operatingIncome": "-10417000", "sellingGeneralAndAdministrative": "31420000", "researchAndDevelopment": "None", "operatingExpenses": "56852000", "investmentIncomeNet": "None", "netInterestIncome": "-9391000", "interestIncome": "None", "interestExpense": "9303000", "nonInterestIncome": "None", "otherNonOperatingIncome": "-18083000", "depreciation": "None", "depreciationAndAmortization": "11768000", "incomeBeforeTax": "-10417000", "incomeTaxExpense": "-6699000", "interestAndDebtExpense": "None", "netIncomeFromContinuingOperations": "-59868000", "comprehensiveIncomeNetOfTax": "None", "ebit": "-1114000", "ebitda": "10654000", "netIncome": "-57919000"}, {"fiscalDateEnding": "2020-12-31", "reportedCurrency": "USD", "grossProfit": "2338000", "totalRevenue": "846656000", "costOfRevenue": "844318000", "costofGoodsAndServicesSold": "844318000", "operatingIncome": "-132103000", "sellingGeneralAndAdministrative": "72057000", "researchAndDevelopment": "None", "operatingExpenses": "134441000", "investmentIncomeNet": "None", "netInterestIncome": "-9582000", "interestIncome": "None", "interestExpense": "9582000", "nonInterestIncome": "None", "otherNonOperatingIncome": "64800000", "depreciation": "None", "depreciationAndAmortization": "11046000", "incomeBeforeTax": "-132103000", "incomeTaxExpense": "-36605000", "interestAndDebtExpense": "None", "netIncomeFromContinuingOperations": "-96617000", "comprehensiveIncomeNetOfTax": "None", "ebit": "-122521000", "ebitda": "-111475000", "netIncome": "-96454000"}, {"fiscalDateEnding": "2019-12-31", "reportedCurrency": "USD", "grossProfit": "87355000", "totalRevenue": "825116000", "costOfRevenue": "737761000", "costofGoodsAndServicesSold": "737761000", "operatingIncome": "-32606000", "sellingGeneralAndAdministrative": "65989000", "researchAndDevelopment": "None", "operatingExpenses": "119961000", "investmentIncomeNet": "None", "netInterestIncome": "-9781000", "interestIncome": "None", "interestExpense": "9781000", "nonInterestIncome": "None", "otherNonOperatingIncome": "28485000", "depreciation": "None", "depreciationAndAmortization": "11997000", "incomeBeforeTax": "-32606000", "incomeTaxExpense": "-3121000", "interestAndDebtExpense": "None", "netIncomeFromContinuingOperations": "-33194000", "comprehensiveIncomeNetOfTax": "None", "ebit": "-22825000", "ebitda": "-10828000", "netIncome": "-29872000"}, {"fiscalDateEnding": "2018-12-31", "reportedCurrency": "USD", "grossProfit": "112213000", "totalRevenue": "723942000", "costOfRevenue": "611729000", "costofGoodsAndServicesSold": "611729000", "operatingIncome": "-4239000", "sellingGeneralAndAdministrative": "66112000", "researchAndDevelopment": "0", "operatingExpenses": "116452000", "investmentIncomeNet": "None", "netInterestIncome": "-9866000", "interestIncome": "None", "interestExpense": "9866000", "nonInterestIncome": "None", "otherNonOperatingIncome": "-22148000", "depreciation": "None", "depreciationAndAmortization": "18482000", "incomeBeforeTax": "-4239000", "incomeTaxExpense": "-4633000", "interestAndDebtExpense": "None", "netIncomeFromContinuingOperations": "-4378000", "comprehensiveIncomeNetOfTax": "None", "ebit": "5627000", "ebitda": "24109000", "netIncome": "290000"}, {"fiscalDateEnding": "2017-12-31", "reportedCurrency": "USD", "grossProfit": "113441000", "totalRevenue": "654420000", "costOfRevenue": "540979000", "costofGoodsAndServicesSold": "540979000", "operatingIncome": "910000", "sellingGeneralAndAdministrative": "81762000", "researchAndDevelopment": "0", "operatingExpenses": "112531000", "investmentIncomeNet": "None", "netInterestIncome": "-3247000", "interestIncome": "None", "interestExpense": "3247000", "nonInterestIncome": "None", "otherNonOperatingIncome": "10800000", "depreciation": "None", "depreciationAndAmortization": "37532000", "incomeBeforeTax": "910000", "incomeTaxExpense": "-9235000", "interestAndDebtExpense": "None", "netIncomeFromContinuingOperations": "10145000", "comprehensiveIncomeNetOfTax": "None", "ebit": "4157000", "ebitda": "41689000", "netIncome": "10145000"}, {"fiscalDateEnding": "2016-12-31", "reportedCurrency": "USD", "grossProfit": "71106000", "totalRevenue": "487117000", "costOfRevenue": "416011000", "costofGoodsAndServicesSold": "416011000", "operatingIncome": "7003000", "sellingGeneralAndAdministrative": "42956000", "researchAndDevelopment": "0", "operatingExpenses": "64103000", "investmentIncomeNet": "None", "netInterestIncome": "-723000", "interestIncome": "None", "interestExpense": "723000", "nonInterestIncome": "None", "otherNonOperatingIncome": "-529000", "depreciation": "None", "depreciationAndAmortization": "11713000", "incomeBeforeTax": "7003000", "incomeTaxExpense": "1305000", "interestAndDebtExpense": "None", "netIncomeFromContinuingOperations": "5698000", "comprehensiveIncomeNetOfTax": "None", "ebit": "7726000", "ebitda": "19439000", "netIncome": "5698000"}, {"fiscalDateEnding": "2015-12-31", "reportedCurrency": "USD", "grossProfit": "87060000", "totalRevenue": "357569000", "costOfRevenue": "270509000", "costofGoodsAndServicesSold": "270509000", "operatingIncome": "41860000", "sellingGeneralAndAdministrative": "29852000", "researchAndDevelopment": "0", "operatingExpenses": "45200000", "investmentIncomeNet": "None", "netInterestIncome": "None", "interestIncome": "None", "interestExpense": "326000", "nonInterestIncome": "None", "otherNonOperatingIncome": "-2776000", "depreciation": "None", "depreciationAndAmortization": "3328000", "incomeBeforeTax": "41860000", "incomeTaxExpense": "14502000", "interestAndDebtExpense": "None", "netIncomeFromContinuingOperations": "27358000", "comprehensiveIncomeNetOfTax": "None", "ebit": "42186000", "ebitda": "45514000", "netIncome": "27358000"}, {"fiscalDateEnding": "2014-12-31", "reportedCurrency": "USD", "grossProfit": "96496000", "totalRevenue": "280230000", "costOfRevenue": "183734000", "costofGoodsAndServicesSold": "183734000", "operatingIncome": "64410000", "sellingGeneralAndAdministrative": "20007000", "researchAndDevelopment": "0", "operatingExpenses": "32086000", "investmentIncomeNet": "None", "netInterestIncome": "None", "interestIncome": "None", "interestExpense": "410000", "nonInterestIncome": "None", "otherNonOperatingIncome": "6444000", "depreciation": "None", "depreciationAndAmortization": "801000", "incomeBeforeTax": "64410000", "incomeTaxExpense": "23397000", "interestAndDebtExpense": "None", "netIncomeFromContinuingOperations": "41013000", "comprehensiveIncomeNetOfTax": "None", "ebit": "64820000", "ebitda": "65621000", "netIncome": "41013000"}, {"fiscalDateEnding": "2013-12-31", "reportedCurrency": "USD", "grossProfit": "58627000", "totalRevenue": "208080000", "costOfRevenue": "149453000", "costofGoodsAndServicesSold": "149453000", "operatingIncome": "34487000", "sellingGeneralAndAdministrative": "14552000", "researchAndDevelopment": "0", "operatingExpenses": "24140000", "investmentIncomeNet": "None", "netInterestIncome": "None", "interestIncome": "None", "interestExpense": "367000", "nonInterestIncome": "None", "otherNonOperatingIncome": "-4232000", "depreciation": "None", "depreciationAndAmortization": "697000", "incomeBeforeTax": "34487000", "incomeTaxExpense": "14145000", "interestAndDebtExpense": "None", "netIncomeFromContinuingOperations": "20342000", "comprehensiveIncomeNetOfTax": "None", "ebit": "34854000", "ebitda": "35551000", "netIncome": "20342000"}, {"fiscalDateEnding": "2012-12-31", "reportedCurrency": "USD", "grossProfit": "35948000", "totalRevenue": "131234000", "costOfRevenue": "95286000", "costofGoodsAndServicesSold": "95286000", "operatingIncome": "15714000", "sellingGeneralAndAdministrative": "11734000", "researchAndDevelopment": "0", "operatingExpenses": "20234000", "investmentIncomeNet": "None", "netInterestIncome": "None", "interestIncome": "None", "interestExpense": "355000", "nonInterestIncome": "None", "otherNonOperatingIncome": "3087000", "depreciation": "None", "depreciationAndAmortization": "684000", "incomeBeforeTax": "15714000", "incomeTaxExpense": "6009000", "interestAndDebtExpense": "None", "netIncomeFromContinuingOperations": "9705000", "comprehensiveIncomeNetOfTax": "None", "ebit": "16069000", "ebitda": "16753000", "netIncome": "9705000"}, {"fiscalDateEnding": "2011-12-31", "reportedCurrency": "USD", "grossProfit": "28503000", "totalRevenue": "96418000", "costOfRevenue": "67915000", "costofGoodsAndServicesSold": "67915000", "operatingIncome": "13016000", "sellingGeneralAndAdministrative": "9674000", "researchAndDevelopment": "0", "operatingExpenses": "15487000", "investmentIncomeNet": "None", "netInterestIncome": "None", "interestIncome": "None", "interestExpense": "548000", "nonInterestIncome": "None", "otherNonOperatingIncome": "-175000", "depreciation": "None", "depreciationAndAmortization": "719000", "incomeBeforeTax": "13016000", "incomeTaxExpense": "4928000", "interestAndDebtExpense": "None", "netIncomeFromContinuingOperations": "8088000", "comprehensiveIncomeNetOfTax": "None", "ebit": "13564000", "ebitda": "14283000", "netIncome": "8088000"}, {"fiscalDateEnding": "2010-12-31", "reportedCurrency": "USD", "grossProfit": "12559000", "totalRevenue": "79991000", "costOfRevenue": "67432000", "costofGoodsAndServicesSold": "67432000", "operatingIncome": "-1408000", "sellingGeneralAndAdministrative": "7506000", "researchAndDevelopment": "None", "operatingExpenses": "13967000", "investmentIncomeNet": "None", "netInterestIncome": "None", "interestIncome": "None", "interestExpense": "1767000", "nonInterestIncome": "None", "otherNonOperatingIncome": "None", "depreciation": "None", "depreciationAndAmortization": "1106000", "incomeBeforeTax": "-1408000", "incomeTaxExpense": "-483000", "interestAndDebtExpense": "None", "netIncomeFromContinuingOperations": "None", "comprehensiveIncomeNetOfTax": "None", "ebit": "359000", "ebitda": "1465000", "netIncome": "-925000"}, {"fiscalDateEnding": "2009-12-31", "reportedCurrency": "USD", "grossProfit": "24232000", "totalRevenue": "88469000", "costOfRevenue": "64237000", "costofGoodsAndServicesSold": "64237000", "operatingIncome": "6327000", "sellingGeneralAndAdministrative": "47473000", "researchAndDevelopment": "None", "operatingExpenses": "17905000", "investmentIncomeNet": "None", "netInterestIncome": "None", "interestIncome": "None", "interestExpense": "3177000", "nonInterestIncome": "None", "otherNonOperatingIncome": "None", "depreciation": "None", "depreciationAndAmortization": "1188000", "incomeBeforeTax": "6327000", "incomeTaxExpense": "2270000", "interestAndDebtExpense": "None", "netIncomeFromContinuingOperations": "None", "comprehensiveIncomeNetOfTax": "None", "ebit": "9504000", "ebitda": "10692000", "netIncome": "4057000"}, {"fiscalDateEnding": "2008-12-31", "reportedCurrency": "USD", "grossProfit": "83446000", "totalRevenue": "101062000", "costOfRevenue": "17616000", "costofGoodsAndServicesSold": "17616000", "operatingIncome": "41603000", "sellingGeneralAndAdministrative": "35136000", "researchAndDevelopment": "None", "operatingExpenses": "41843000", "investmentIncomeNet": "None", "netInterestIncome": "None", "interestIncome": "None", "interestExpense": "2811000", "nonInterestIncome": "None", "otherNonOperatingIncome": "None", "depreciation": "None", "depreciationAndAmortization": "781000", "incomeBeforeTax": "41603000", "incomeTaxExpense": "8184000", "interestAndDebtExpense": "None", "netIncomeFromContinuingOperations": "None", "comprehensiveIncomeNetOfTax": "None", "ebit": "44414000", "ebitda": "45195000", "netIncome": "33419000"}, {"fiscalDateEnding": "2007-12-31", "reportedCurrency": "USD", "grossProfit": "268228", "totalRevenue": "268228", "costOfRevenue": "51368000", "costofGoodsAndServicesSold": "51368000", "operatingIncome": "153962", "sellingGeneralAndAdministrative": "4870000", "researchAndDevelopment": "None", "operatingExpenses": "-114266", "investmentIncomeNet": "None", "netInterestIncome": "None", "interestIncome": "None", "interestExpense": "6078000", "nonInterestIncome": "None", "otherNonOperatingIncome": "None", "depreciation": "None", "depreciationAndAmortization": "720000", "incomeBeforeTax": "153962", "incomeTaxExpense": "71505", "interestAndDebtExpense": "None", "netIncomeFromContinuingOperations": "None", "comprehensiveIncomeNetOfTax": "None", "ebit": "153962", "ebitda": "153962", "netIncome": "82457"}, {"fiscalDateEnding": "2006-12-31", "reportedCurrency": "None", "grossProfit": "None", "totalRevenue": "82452000", "costOfRevenue": "82452000", "costofGoodsAndServicesSold": "82452000", "operatingIncome": "18213000", "sellingGeneralAndAdministrative": "None", "researchAndDevelopment": "None", "operatingExpenses": "28882000", "investmentIncomeNet": "None", "netInterestIncome": "None", "interestIncome": "None", "interestExpense": "5019000", "nonInterestIncome": "None", "otherNonOperatingIncome": "None", "depreciation": "None", "depreciationAndAmortization": "66000", "incomeBeforeTax": "13194000", "incomeTaxExpense": "-4014000", "interestAndDebtExpense": "None", "netIncomeFromContinuingOperations": "None", "comprehensiveIncomeNetOfTax": "None", "ebit": "18213000", "ebitda": "18279000", "netIncome": "17208000"}, {"fiscalDateEnding": "2005-12-31", "reportedCurrency": "None", "grossProfit": "None", "totalRevenue": "80612000", "costOfRevenue": "80612000", "costofGoodsAndServicesSold": "80612000", "operatingIncome": "-1087000", "sellingGeneralAndAdministrative": "None", "researchAndDevelopment": "None", "operatingExpenses": "20082000", "investmentIncomeNet": "None", "netInterestIncome": "None", "interestIncome": "None", "interestExpense": "312000", "nonInterestIncome": "None", "otherNonOperatingIncome": "None", "depreciation": "None", "depreciationAndAmortization": "22000", "incomeBeforeTax": "-1399000", "incomeTaxExpense": "-2560000", "interestAndDebtExpense": "None", "netIncomeFromContinuingOperations": "None", "comprehensiveIncomeNetOfTax": "None", "ebit": "-1087000", "ebitda": "-1065000", "netIncome": "1161000"}], "quarterlyReports": [{"fiscalDateEnding": "2025-09-30", "reportedCurrency": "USD", "grossProfit": "54306000", "totalRevenue": "90288000", "costOfRevenue": "35982000", "costofGoodsAndServicesSold": "35982000", "operatingIncome": "42370000", "sellingGeneralAndAdministrative": "8258000", "researchAndDevelopment": "120700000", "operatingExpenses": "11936000", "investmentIncomeNet": "None", "netInterestIncome": "-2719000", "interestIncome": "None", "interestExpense": "2719000", "nonInterestIncome": "None", "otherNonOperatingIncome": "None", "depreciation": "None", "depreciationAndAmortization": "1629000", "incomeBeforeTax": "42370000", "incomeTaxExpense": "9887000", "interestAndDebtExpense": "None", "netIncomeFromContinuingOperations": "32483000", "comprehensiveIncomeNetOfTax": "None", "ebit": "45089000", "ebitda": "46718000", "netIncome": "32483000"}, {"fiscalDateEnding": "2025-06-30", "reportedCurrency": "USD", "grossProfit": "46191000", "totalRevenue": "86359000", "costOfRevenue": "40168000", "costofGoodsAndServicesSold": "40168000", "operatingIncome": "37552000", "sellingGeneralAndAdministrative": "4719000", "researchAndDevelopment": "None", "operatingExpenses": "8639000", "investmentIncomeNet": "None", "netInterestIncome": "-2719000", "interestIncome": "None", "interestExpense": "2719000", "nonInterestIncome": "None", "otherNonOperatingIncome": "None", "depreciation": "None", "depreciationAndAmortization": "1691000", "incomeBeforeTax": "37552000", "incomeTaxExpense": "9515000", "interestAndDebtExpense": "None", "netIncomeFromContinuingOperations": "28037000", "comprehensiveIncomeNetOfTax": "None", "ebit": "40271000", "ebitda": "41962000", "netIncome": "26442000"}, {"fiscalDateEnding": "2025-03-31", "reportedCurrency": "USD", "grossProfit": "36855000", "totalRevenue": "72085000", "costOfRevenue": "35230000", "costofGoodsAndServicesSold": "35230000", "operatingIncome": "26194000", "sellingGeneralAndAdministrative": "6222000", "researchAndDevelopment": "103700000", "operatingExpenses": "10661000", "investmentIncomeNet": "None", "netInterestIncome": "-2717000", "interestIncome": "None", "interestExpense": "2717000", "nonInterestIncome": "None", "otherNonOperatingIncome": "None", "depreciation": "None", "depreciationAndAmortization": "1722000", "incomeBeforeTax": "26194000", "incomeTaxExpense": "6483000", "interestAndDebtExpense": "None", "netIncomeFromContinuingOperations": "19711000", "comprehensiveIncomeNetOfTax": "None", "ebit": "28911000", "ebitda": "30633000", "netIncome": "21348000"}, {"fiscalDateEnding": "2024-12-31", "reportedCurrency": "USD", "grossProfit": "22739000", "totalRevenue": "79047000", "costOfRevenue": "56308000", "costofGoodsAndServicesSold": "56308000", "operatingIncome": "8887000", "sellingGeneralAndAdministrative": "9768000", "researchAndDevelopment": "178100000", "operatingExpenses": "13852000", "investmentIncomeNet": "None", "netInterestIncome": "-2784000", "interestIncome": "None", "interestExpense": "2784000", "nonInterestIncome": "None", "otherNonOperatingIncome": "None", "depreciation": "None", "depreciationAndAmortization": "2255000", "incomeBeforeTax": "8887000", "incomeTaxExpense": "3019000", "interestAndDebtExpense": "None", "netIncomeFromContinuingOperations": "5868000", "comprehensiveIncomeNetOfTax": "None", "ebit": "11671000", "ebitda": "13926000", "netIncome": "4946000"}, {"fiscalDateEnding": "2024-09-30", "reportedCurrency": "USD", "grossProfit": "49420000", "totalRevenue": "82136000", "costOfRevenue": "32716000", "costofGoodsAndServicesSold": "32716000", "operatingIncome": "36517000", "sellingGeneralAndAdministrative": "8174000", "researchAndDevelopment": "89800000", "operatingExpenses": "12903000", "investmentIncomeNet": "None", "netInterestIncome": "-3067000", "interestIncome": "None", "interestExpense": "3067000", "nonInterestIncome": "None", "otherNonOperatingIncome": "None", "depreciation": "None", "depreciationAndAmortization": "2499000", "incomeBeforeTax": "36517000", "incomeTaxExpense": "8848000", "interestAndDebtExpense": "None", "netIncomeFromContinuingOperations": "27669000", "comprehensiveIncomeNetOfTax": "None", "ebit": "39584000", "ebitda": "42083000", "netIncome": "28119000"}, {"fiscalDateEnding": "2024-06-30", "reportedCurrency": "USD", "grossProfit": "39005000", "totalRevenue": "68692000", "costOfRevenue": "29687000", "costofGoodsAndServicesSold": "29687000", "operatingIncome": "24887000", "sellingGeneralAndAdministrative": "8745000", "researchAndDevelopment": "89800000", "operatingExpenses": "14118000", "investmentIncomeNet": "None", "netInterestIncome": "-3426000", "interestIncome": "None", "interestExpense": "3426000", "nonInterestIncome": "None", "otherNonOperatingIncome": "None", "depreciation": "None", "depreciationAndAmortization": "1947000", "incomeBeforeTax": "24887000", "incomeTaxExpense": "5814000", "interestAndDebtExpense": "None", "netIncomeFromContinuingOperations": "19073000", "comprehensiveIncomeNetOfTax": "None", "ebit": "28313000", "ebitda": "30260000", "netIncome": "19054000"}, {"fiscalDateEnding": "2024-03-31", "reportedCurrency": "USD", "grossProfit": "42877000", "totalRevenue": "66518000", "costOfRevenue": "23641000", "costofGoodsAndServicesSold": "23641000", "operatingIncome": "31368000", "sellingGeneralAndAdministrative": "7464000", "researchAndDevelopment": "None", "operatingExpenses": "11509000", "investmentIncomeNet": "None", "netInterestIncome": "-2719000", "interestIncome": "None", "interestExpense": "2719000", "nonInterestIncome": "None", "otherNonOperatingIncome": "None", "depreciation": "None", "depreciationAndAmortization": "2168000", "incomeBeforeTax": "31368000", "incomeTaxExpense": "7659000", "interestAndDebtExpense": "None", "netIncomeFromContinuingOperations": "23599000", "comprehensiveIncomeNetOfTax": "None", "ebit": "34087000", "ebitda": "36255000", "netIncome": "23599000"}, {"fiscalDateEnding": "2023-12-31", "reportedCurrency": "USD", "grossProfit": "31215000", "totalRevenue": "58214000", "costOfRevenue": "26999000", "costofGoodsAndServicesSold": "26999000", "operatingIncome": "19586000", "sellingGeneralAndAdministrative": "7982000", "researchAndDevelopment": "None", "operatingExpenses": "11629000", "investmentIncomeNet": "None", "netInterestIncome": "-2719000", "interestIncome": "None", "interestExpense": "2719000", "nonInterestIncome": "None", "otherNonOperatingIncome": "None", "depreciation": "None", "depreciationAndAmortization": "4235000", "incomeBeforeTax": "19586000", "incomeTaxExpense": "2480000", "interestAndDebtExpense": "None", "netIncomeFromContinuingOperations": "17106000", "comprehensiveIncomeNetOfTax": "None", "ebit": "22305000", "ebitda": "26540000", "netIncome": "14284000"}, {"fiscalDateEnding": "2023-09-30", "reportedCurrency": "USD", "grossProfit": "29104000", "totalRevenue": "52532000", "costOfRevenue": "23428000", "costofGoodsAndServicesSold": "23428000", "operatingIncome": "18057000", "sellingGeneralAndAdministrative": "6011000", "researchAndDevelopment": "None", "operatingExpenses": "11047000", "investmentIncomeNet": "None", "netInterestIncome": "-2718000", "interestIncome": "None", "interestExpense": "2718000", "nonInterestIncome": "None", "otherNonOperatingIncome": "None", "depreciation": "None", "depreciationAndAmortization": "2110000", "incomeBeforeTax": "18057000", "incomeTaxExpense": "3042000", "interestAndDebtExpense": "None", "netIncomeFromContinuingOperations": "14373000", "comprehensiveIncomeNetOfTax": "None", "ebit": "20775000", "ebitda": "22885000", "netIncome": "10568000"}, {"fiscalDateEnding": "2023-06-30", "reportedCurrency": "USD", "grossProfit": "33771000", "totalRevenue": "73542000", "costOfRevenue": "39771000", "costofGoodsAndServicesSold": "39771000", "operatingIncome": "22398000", "sellingGeneralAndAdministrative": "6414000", "researchAndDevelopment": "None", "operatingExpenses": "11373000", "investmentIncomeNet": "None", "netInterestIncome": "-2719000", "interestIncome": "None", "interestExpense": "2719000", "nonInterestIncome": "None", "otherNonOperatingIncome": "4819000", "depreciation": "None", "depreciationAndAmortization": "2126000", "incomeBeforeTax": "22398000", "incomeTaxExpense": "1154000", "interestAndDebtExpense": "None", "netIncomeFromContinuingOperations": "22605000", "comprehensiveIncomeNetOfTax": "None", "ebit": "25117000", "ebitda": "27243000", "netIncome": "17779000"}, {"fiscalDateEnding": "2023-03-31", "reportedCurrency": "USD", "grossProfit": "46936000", "totalRevenue": "90320000", "costOfRevenue": "43384000", "costofGoodsAndServicesSold": "43384000", "operatingIncome": "33844000", "sellingGeneralAndAdministrative": "8793000", "researchAndDevelopment": "None", "operatingExpenses": "13092000", "investmentIncomeNet": "None", "netInterestIncome": "-2719000", "interestIncome": "None", "interestExpense": "2719000", "nonInterestIncome": "None", "otherNonOperatingIncome": "4819000", "depreciation": "None", "depreciationAndAmortization": "2155000", "incomeBeforeTax": "33844000", "incomeTaxExpense": "3477000", "interestAndDebtExpense": "None", "netIncomeFromContinuingOperations": "39790000", "comprehensiveIncomeNetOfTax": "None", "ebit": "36563000", "ebitda": "38718000", "netIncome": "267280000"}, {"fiscalDateEnding": "2022-12-31", "reportedCurrency": "USD", "grossProfit": "-287643000", "totalRevenue": "113475000", "costOfRevenue": "401118000", "costofGoodsAndServicesSold": "401118000", "operatingIncome": "-296472000", "sellingGeneralAndAdministrative": "6427000", "researchAndDevelopment": "None", "operatingExpenses": "8829000", "investmentIncomeNet": "None", "netInterestIncome": "-2448000", "interestIncome": "None", "interestExpense": "2448000", "nonInterestIncome": "None", "otherNonOperatingIncome": "None", "depreciation": "None", "depreciationAndAmortization": "2241000", "incomeBeforeTax": "-296472000", "incomeTaxExpense": "298000", "interestAndDebtExpense": "None", "netIncomeFromContinuingOperations": "-294914000", "comprehensiveIncomeNetOfTax": "None", "ebit": "-294024000", "ebitda": "-291783000", "netIncome": "-296770000"}, {"fiscalDateEnding": "2022-09-30", "reportedCurrency": "USD", "grossProfit": "-6043000", "totalRevenue": "72752000", "costOfRevenue": "78795000", "costofGoodsAndServicesSold": "78795000", "operatingIncome": "-27512000", "sellingGeneralAndAdministrative": "15959000", "researchAndDevelopment": "None", "operatingExpenses": "21469000", "investmentIncomeNet": "None", "netInterestIncome": "-2392000", "interestIncome": "None", "interestExpense": "2358000", "nonInterestIncome": "None", "otherNonOperatingIncome": "None", "depreciation": "None", "depreciationAndAmortization": "16029000", "incomeBeforeTax": "-27512000", "incomeTaxExpense": "-66000", "interestAndDebtExpense": "None", "netIncomeFromContinuingOperations": "-70884000", "comprehensiveIncomeNetOfTax": "None", "ebit": "-25154000", "ebitda": "-9125000", "netIncome": "-70884000"}, {"fiscalDateEnding": "2022-06-30", "reportedCurrency": "USD", "grossProfit": "26308000", "totalRevenue": "63910000", "costOfRevenue": "37602000", "costofGoodsAndServicesSold": "37602000", "operatingIncome": "12175000", "sellingGeneralAndAdministrative": "8208000", "researchAndDevelopment": "None", "operatingExpenses": "14133000", "investmentIncomeNet": "None", "netInterestIncome": "-2394000", "interestIncome": "None", "interestExpense": "2363000", "nonInterestIncome": "None", "otherNonOperatingIncome": "None", "depreciation": "None", "depreciationAndAmortization": "2436000", "incomeBeforeTax": "12175000", "incomeTaxExpense": "25486000", "interestAndDebtExpense": "None", "netIncomeFromContinuingOperations": "-69055000", "comprehensiveIncomeNetOfTax": "None", "ebit": "14538000", "ebitda": "16974000", "netIncome": "-69029000"}, {"fiscalDateEnding": "2022-03-31", "reportedCurrency": "USD", "grossProfit": "11809000", "totalRevenue": "58432000", "costOfRevenue": "46623000", "costofGoodsAndServicesSold": "46623000", "operatingIncome": "-988000", "sellingGeneralAndAdministrative": "8064000", "researchAndDevelopment": "None", "operatingExpenses": "12797000", "investmentIncomeNet": "None", "netInterestIncome": "-2379000", "interestIncome": "None", "interestExpense": "2359000", "nonInterestIncome": "None", "otherNonOperatingIncome": "None", "depreciation": "None", "depreciationAndAmortization": "2606000", "incomeBeforeTax": "-988000", "incomeTaxExpense": "-715000", "interestAndDebtExpense": "None", "netIncomeFromContinuingOperations": "-33257000", "comprehensiveIncomeNetOfTax": "None", "ebit": "1371000", "ebitda": "3977000", "netIncome": "-33172000"}, {"fiscalDateEnding": "2021-12-31", "reportedCurrency": "USD", "grossProfit": "24523000", "totalRevenue": "154544000", "costOfRevenue": "130021000", "costofGoodsAndServicesSold": "130021000", "operatingIncome": "-6202000", "sellingGeneralAndAdministrative": "14278000", "researchAndDevelopment": "None", "operatingExpenses": "30725000", "investmentIncomeNet": "None", "netInterestIncome": "-2381000", "interestIncome": "None", "interestExpense": "2381000", "nonInterestIncome": "None", "otherNonOperatingIncome": "-7113000", "depreciation": "None", "depreciationAndAmortization": "2723000", "incomeBeforeTax": "-6202000", "incomeTaxExpense": "-3333000", "interestAndDebtExpense": "None", "netIncomeFromContinuingOperations": "-2869000", "comprehensiveIncomeNetOfTax": "None", "ebit": "-3821000", "ebitda": "-1098000", "netIncome": "-2316000"}, {"fiscalDateEnding": "2021-09-30", "reportedCurrency": "USD", "grossProfit": "13046000", "totalRevenue": "162740000", "costOfRevenue": "149694000", "costofGoodsAndServicesSold": "149694000", "operatingIncome": "-18600000", "sellingGeneralAndAdministrative": "13940000", "researchAndDevelopment": "None", "operatingExpenses": "31646000", "investmentIncomeNet": "None", "netInterestIncome": "-2378000", "interestIncome": "None", "interestExpense": "2378000", "nonInterestIncome": "None", "otherNonOperatingIncome": "2502000", "depreciation": "None", "depreciationAndAmortization": "2790000", "incomeBeforeTax": "-18600000", "incomeTaxExpense": "-3482000", "interestAndDebtExpense": "None", "netIncomeFromContinuingOperations": "-14274000", "comprehensiveIncomeNetOfTax": "None", "ebit": "-16222000", "ebitda": "-13432000", "netIncome": "-14322000"}, {"fiscalDateEnding": "2021-06-30", "reportedCurrency": "USD", "grossProfit": "-3937000", "totalRevenue": "155454000", "costOfRevenue": "159391000", "costofGoodsAndServicesSold": "159391000", "operatingIncome": "-32773000", "sellingGeneralAndAdministrative": "13112000", "researchAndDevelopment": "None", "operatingExpenses": "28836000", "investmentIncomeNet": "None", "netInterestIncome": "-2257000", "interestIncome": "None", "interestExpense": "2257000", "nonInterestIncome": "None", "otherNonOperatingIncome": "8257000", "depreciation": "None", "depreciationAndAmortization": "3048000", "incomeBeforeTax": "-32773000", "incomeTaxExpense": "-9352000", "interestAndDebtExpense": "None", "netIncomeFromContinuingOperations": "-23421000", "comprehensiveIncomeNetOfTax": "None", "ebit": "-30516000", "ebitda": "-27468000", "netIncome": "-23510000"}, {"fiscalDateEnding": "2021-03-31", "reportedCurrency": "USD", "grossProfit": "5187000", "totalRevenue": "161789000", "costOfRevenue": "156602000", "costofGoodsAndServicesSold": "156602000", "operatingIncome": "-26282000", "sellingGeneralAndAdministrative": "15882000", "researchAndDevelopment": "None", "operatingExpenses": "31469000", "investmentIncomeNet": "None", "netInterestIncome": "-2375000", "interestIncome": "None", "interestExpense": "2375000", "nonInterestIncome": "None", "otherNonOperatingIncome": "-21729000", "depreciation": "None", "depreciationAndAmortization": "3207000", "incomeBeforeTax": "-26282000", "incomeTaxExpense": "-7822000", "interestAndDebtExpense": "None", "netIncomeFromContinuingOperations": "-17543000", "comprehensiveIncomeNetOfTax": "None", "ebit": "-23907000", "ebitda": "-20700000", "netIncome": "-17771000"}, {"fiscalDateEnding": "2020-12-31", "reportedCurrency": "USD", "grossProfit": "-9731000", "totalRevenue": "241222000", "costOfRevenue": "250953000", "costofGoodsAndServicesSold": "250953000", "operatingIncome": "-45228000", "sellingGeneralAndAdministrative": "18411000", "researchAndDevelopment": "None", "operatingExpenses": "35497000", "investmentIncomeNet": "None", "netInterestIncome": "-2388000", "interestIncome": "None", "interestExpense": "2388000", "nonInterestIncome": "None", "otherNonOperatingIncome": "64740000", "depreciation": "None", "depreciationAndAmortization": "3171000", "incomeBeforeTax": "-45228000", "incomeTaxExpense": "-11672000", "interestAndDebtExpense": "None", "netIncomeFromContinuingOperations": "-33944000", "comprehensiveIncomeNetOfTax": "None", "ebit": "-42840000", "ebitda": "-39669000", "netIncome": "-33933000"}, {"fiscalDateEnding": "2020-09-30", "reportedCurrency": "USD", "grossProfit": "-64654000", "totalRevenue": "212733000", "costOfRevenue": "277387000", "costofGoodsAndServicesSold": "277387000", "operatingIncome": "-100553000", "sellingGeneralAndAdministrative": "19224000", "researchAndDevelopment": "None", "operatingExpenses": "35899000", "investmentIncomeNet": "None", "netInterestIncome": "-2210000", "interestIncome": "None", "interestExpense": "2210000", "nonInterestIncome": "None", "otherNonOperatingIncome": "18000", "depreciation": "None", "depreciationAndAmortization": "3129000", "incomeBeforeTax": "-100553000", "incomeTaxExpense": "-26685000", "interestAndDebtExpense": "None", "netIncomeFromContinuingOperations": "-74076000", "comprehensiveIncomeNetOfTax": "None", "ebit": "-98343000", "ebitda": "-95214000", "netIncome": "-74072000"}, {"fiscalDateEnding": "2020-06-30", "reportedCurrency": "USD", "grossProfit": "62131000", "totalRevenue": "216397000", "costOfRevenue": "154266000", "costofGoodsAndServicesSold": "154266000", "operatingIncome": "29482000", "sellingGeneralAndAdministrative": "16121000", "researchAndDevelopment": "None", "operatingExpenses": "32649000", "investmentIncomeNet": "None", "netInterestIncome": "-2565000", "interestIncome": "None", "interestExpense": "2565000", "nonInterestIncome": "None", "otherNonOperatingIncome": "14000", "depreciation": "None", "depreciationAndAmortization": "2236000", "incomeBeforeTax": "29482000", "incomeTaxExpense": "5040000", "interestAndDebtExpense": "None", "netIncomeFromContinuingOperations": "23893000", "comprehensiveIncomeNetOfTax": "None", "ebit": "32047000", "ebitda": "34283000", "netIncome": "24274000"}, {"fiscalDateEnding": "2020-03-31", "reportedCurrency": "USD", "grossProfit": "14592000", "totalRevenue": "176304000", "costOfRevenue": "161712000", "costofGoodsAndServicesSold": "161712000", "operatingIncome": "-15804000", "sellingGeneralAndAdministrative": "18301000", "researchAndDevelopment": "None", "operatingExpenses": "30396000", "investmentIncomeNet": "None", "netInterestIncome": "-2419000", "interestIncome": "None", "interestExpense": "2419000", "nonInterestIncome": "None", "otherNonOperatingIncome": "28000", "depreciation": "None", "depreciationAndAmortization": "2510000", "incomeBeforeTax": "-15804000", "incomeTaxExpense": "-3288000", "interestAndDebtExpense": "None", "netIncomeFromContinuingOperations": "-12490000", "comprehensiveIncomeNetOfTax": "None", "ebit": "-13385000", "ebitda": "-10875000", "netIncome": "-12723000"}, {"fiscalDateEnding": "2019-12-31", "reportedCurrency": "USD", "grossProfit": "20301000", "totalRevenue": "210421000", "costOfRevenue": "190120000", "costofGoodsAndServicesSold": "190120000", "operatingIncome": "-5260000", "sellingGeneralAndAdministrative": "12501000", "researchAndDevelopment": "None", "operatingExpenses": "25561000", "investmentIncomeNet": "None", "netInterestIncome": "-2402000", "interestIncome": "None", "interestExpense": "2402000", "nonInterestIncome": "None", "otherNonOperatingIncome": "28441000", "depreciation": "None", "depreciationAndAmortization": "3013000", "incomeBeforeTax": "-5260000", "incomeTaxExpense": "2791000", "interestAndDebtExpense": "None", "netIncomeFromContinuingOperations": "-11223000", "comprehensiveIncomeNetOfTax": "None", "ebit": "-2858000", "ebitda": "155000", "netIncome": "-8158000"}, {"fiscalDateEnding": "2019-09-30", "reportedCurrency": "USD", "grossProfit": "-2376000", "totalRevenue": "207598000", "costOfRevenue": "209974000", "costofGoodsAndServicesSold": "209974000", "operatingIncome": "-36074000", "sellingGeneralAndAdministrative": "19105000", "researchAndDevelopment": "None", "operatingExpenses": "33698000", "investmentIncomeNet": "None", "netInterestIncome": "-2443000", "interestIncome": "None", "interestExpense": "2443000", "nonInterestIncome": "None", "otherNonOperatingIncome": "17000", "depreciation": "None", "depreciationAndAmortization": "4335000", "incomeBeforeTax": "-36074000", "incomeTaxExpense": "-7859000", "interestAndDebtExpense": "None", "netIncomeFromContinuingOperations": "-28316000", "comprehensiveIncomeNetOfTax": "None", "ebit": "-33631000", "ebitda": "-29296000", "netIncome": "-28280000"}, {"fiscalDateEnding": "2019-06-30", "reportedCurrency": "USD", "grossProfit": "26902000", "totalRevenue": "204776000", "costOfRevenue": "177874000", "costofGoodsAndServicesSold": "177874000", "operatingIncome": "-3605000", "sellingGeneralAndAdministrative": "16802000", "researchAndDevelopment": "None", "operatingExpenses": "30507000", "investmentIncomeNet": "None", "netInterestIncome": "-2527000", "interestIncome": "None", "interestExpense": "2527000", "nonInterestIncome": "None", "otherNonOperatingIncome": "21000", "depreciation": "None", "depreciationAndAmortization": "2329000", "incomeBeforeTax": "-3605000", "incomeTaxExpense": "-808000", "interestAndDebtExpense": "None", "netIncomeFromContinuingOperations": "-3002000", "comprehensiveIncomeNetOfTax": "None", "ebit": "-1078000", "ebitda": "1251000", "netIncome": "-2903000"}, {"fiscalDateEnding": "2019-03-31", "reportedCurrency": "USD", "grossProfit": "42528000", "totalRevenue": "202321000", "costOfRevenue": "159793000", "costofGoodsAndServicesSold": "159793000", "operatingIncome": "12333000", "sellingGeneralAndAdministrative": "17581000", "researchAndDevelopment": "None", "operatingExpenses": "30195000", "investmentIncomeNet": "None", "netInterestIncome": "-2409000", "interestIncome": "None", "interestExpense": "2409000", "nonInterestIncome": "None", "otherNonOperatingIncome": "6000", "depreciation": "None", "depreciationAndAmortization": "2320000", "incomeBeforeTax": "12333000", "incomeTaxExpense": "2755000", "interestAndDebtExpense": "None", "netIncomeFromContinuingOperations": "9347000", "comprehensiveIncomeNetOfTax": "None", "ebit": "14742000", "ebitda": "17062000", "netIncome": "9469000"}, {"fiscalDateEnding": "2018-12-31", "reportedCurrency": "USD", "grossProfit": "9469000", "totalRevenue": "181089000", "costOfRevenue": "171620000", "costofGoodsAndServicesSold": "171620000", "operatingIncome": "-19416000", "sellingGeneralAndAdministrative": "14786000", "researchAndDevelopment": "0", "operatingExpenses": "28885000", "investmentIncomeNet": "None", "netInterestIncome": "None", "interestIncome": "None", "interestExpense": "2495000", "nonInterestIncome": "None", "otherNonOperatingIncome": "5098000", "depreciation": "None", "depreciationAndAmortization": "2290000", "incomeBeforeTax": "-19416000", "incomeTaxExpense": "-8448000", "interestAndDebtExpense": "None", "netIncomeFromContinuingOperations": "-15740000", "comprehensiveIncomeNetOfTax": "None", "ebit": "-16921000", "ebitda": "-14631000", "netIncome": "-11071000"}, {"fiscalDateEnding": "2018-09-30", "reportedCurrency": "USD", "grossProfit": "12900000", "totalRevenue": "187652000", "costOfRevenue": "174752000", "costofGoodsAndServicesSold": "174752000", "operatingIncome": "-15870000", "sellingGeneralAndAdministrative": "15358000", "researchAndDevelopment": "0", "operatingExpenses": "28770000", "investmentIncomeNet": "None", "netInterestIncome": "None", "interestIncome": "None", "interestExpense": "2455000", "nonInterestIncome": "None", "otherNonOperatingIncome": "19000", "depreciation": "None", "depreciationAndAmortization": "3261000", "incomeBeforeTax": "-15870000", "incomeTaxExpense": "-4163000", "interestAndDebtExpense": "None", "netIncomeFromContinuingOperations": "-11708000", "comprehensiveIncomeNetOfTax": "None", "ebit": "-13415000", "ebitda": "-10154000", "netIncome": "-11708000"}, {"fiscalDateEnding": "2018-06-30", "reportedCurrency": "USD", "grossProfit": "44099000", "totalRevenue": "183148000", "costOfRevenue": "139049000", "costofGoodsAndServicesSold": "139049000", "operatingIncome": "19332000", "sellingGeneralAndAdministrative": "12643000", "researchAndDevelopment": "0", "operatingExpenses": "24767000", "investmentIncomeNet": "None", "netInterestIncome": "None", "interestIncome": "None", "interestExpense": "2458000", "nonInterestIncome": "None", "otherNonOperatingIncome": "-3952000", "depreciation": "None", "depreciationAndAmortization": "2273000", "incomeBeforeTax": "19332000", "incomeTaxExpense": "4631000", "interestAndDebtExpense": "None", "netIncomeFromContinuingOperations": "14701000", "comprehensiveIncomeNetOfTax": "None", "ebit": "21790000", "ebitda": "24063000", "netIncome": "14701000"}, {"fiscalDateEnding": "2018-03-31", "reportedCurrency": "USD", "grossProfit": "45746000", "totalRevenue": "180127000", "costOfRevenue": "134381000", "costofGoodsAndServicesSold": "134381000", "operatingIncome": "11716000", "sellingGeneralAndAdministrative": "23325000", "researchAndDevelopment": "0", "operatingExpenses": "34030000", "investmentIncomeNet": "None", "netInterestIncome": "None", "interestIncome": "None", "interestExpense": "2458000", "nonInterestIncome": "None", "otherNonOperatingIncome": "-23313000", "depreciation": "None", "depreciationAndAmortization": "10658000", "incomeBeforeTax": "11716000", "incomeTaxExpense": "3347000", "interestAndDebtExpense": "None", "netIncomeFromContinuingOperations": "8369000", "comprehensiveIncomeNetOfTax": "None", "ebit": "14174000", "ebitda": "24832000", "netIncome": "8369000"}, {"fiscalDateEnding": "2017-12-31", "reportedCurrency": "USD", "grossProfit": "60307000", "totalRevenue": "182586000", "costOfRevenue": "122279000", "costofGoodsAndServicesSold": "122279000", "operatingIncome": "27809000", "sellingGeneralAndAdministrative": "22937000", "researchAndDevelopment": "0", "operatingExpenses": "32498000", "investmentIncomeNet": "None", "netInterestIncome": "None", "interestIncome": "None", "interestExpense": "965000", "nonInterestIncome": "None", "otherNonOperatingIncome": "197000", "depreciation": "None", "depreciationAndAmortization": "13326000", "incomeBeforeTax": "27809000", "incomeTaxExpense": "808000", "interestAndDebtExpense": "None", "netIncomeFromContinuingOperations": "27001000", "comprehensiveIncomeNetOfTax": "None", "ebit": "28774000", "ebitda": "42100000", "netIncome": "27001000"}, {"fiscalDateEnding": "2017-09-30", "reportedCurrency": "USD", "grossProfit": "-18545000", "totalRevenue": "171128000", "costOfRevenue": "189673000", "costofGoodsAndServicesSold": "189673000", "operatingIncome": "-45487000", "sellingGeneralAndAdministrative": "19316000", "researchAndDevelopment": "0", "operatingExpenses": "26942000", "investmentIncomeNet": "None", "netInterestIncome": "None", "interestIncome": "None", "interestExpense": "771000", "nonInterestIncome": "None", "otherNonOperatingIncome": "2708000", "depreciation": "None", "depreciationAndAmortization": "10593000", "incomeBeforeTax": "-45487000", "incomeTaxExpense": "-17475000", "interestAndDebtExpense": "None", "netIncomeFromContinuingOperations": "-28012000", "comprehensiveIncomeNetOfTax": "None", "ebit": "-44716000", "ebitda": "-34123000", "netIncome": "-28012000"}, {"fiscalDateEnding": "2017-06-30", "reportedCurrency": "USD", "grossProfit": "47815000", "totalRevenue": "178073000", "costOfRevenue": "130258000", "costofGoodsAndServicesSold": "130258000", "operatingIncome": "12650000", "sellingGeneralAndAdministrative": "28176000", "researchAndDevelopment": "0", "operatingExpenses": "35165000", "investmentIncomeNet": "None", "netInterestIncome": "None", "interestIncome": "None", "interestExpense": "752000", "nonInterestIncome": "None", "otherNonOperatingIncome": "4126000", "depreciation": "None", "depreciationAndAmortization": "11616000", "incomeBeforeTax": "12650000", "incomeTaxExpense": "5393000", "interestAndDebtExpense": "None", "netIncomeFromContinuingOperations": "7257000", "comprehensiveIncomeNetOfTax": "None", "ebit": "13402000", "ebitda": "25018000", "netIncome": "7257000"}, {"fiscalDateEnding": "2017-03-31", "reportedCurrency": "USD", "grossProfit": "23864000", "totalRevenue": "122633000", "costOfRevenue": "98769000", "costofGoodsAndServicesSold": "98769000", "operatingIncome": "5938000", "sellingGeneralAndAdministrative": "11333000", "researchAndDevelopment": "0", "operatingExpenses": "17926000", "investmentIncomeNet": "None", "netInterestIncome": "None", "interestIncome": "None", "interestExpense": "759000", "nonInterestIncome": "None", "otherNonOperatingIncome": "3769000", "depreciation": "None", "depreciationAndAmortization": "1997000", "incomeBeforeTax": "5938000", "incomeTaxExpense": "2039000", "interestAndDebtExpense": "None", "netIncomeFromContinuingOperations": "3899000", "comprehensiveIncomeNetOfTax": "None", "ebit": "6697000", "ebitda": "8694000", "netIncome": "3899000"}, {"fiscalDateEnding": "2016-12-31", "reportedCurrency": "USD", "grossProfit": "-877000", "totalRevenue": "131433000", "costOfRevenue": "132310000", "costofGoodsAndServicesSold": "132310000", "operatingIncome": "-17578000", "sellingGeneralAndAdministrative": "11197000", "researchAndDevelopment": "0", "operatingExpenses": "16701000", "investmentIncomeNet": "None", "netInterestIncome": "None", "interestIncome": "None", "interestExpense": "326000", "nonInterestIncome": "None", "otherNonOperatingIncome": "-10914000", "depreciation": "None", "depreciationAndAmortization": "3073000", "incomeBeforeTax": "-17578000", "incomeTaxExpense": "-7061000", "interestAndDebtExpense": "None", "netIncomeFromContinuingOperations": "-10517000", "comprehensiveIncomeNetOfTax": "None", "ebit": "-17252000", "ebitda": "-14179000", "netIncome": "-10517000"}, {"fiscalDateEnding": "2016-09-30", "reportedCurrency": "USD", "grossProfit": "23123000", "totalRevenue": "127202000", "costOfRevenue": "104079000", "costofGoodsAndServicesSold": "104079000", "operatingIncome": "5041000", "sellingGeneralAndAdministrative": "12329000", "researchAndDevelopment": "0", "operatingExpenses": "18082000", "investmentIncomeNet": "None", "netInterestIncome": "None", "interestIncome": "None", "interestExpense": "206000", "nonInterestIncome": "None", "otherNonOperatingIncome": "-3484000", "depreciation": "None", "depreciationAndAmortization": "4062000", "incomeBeforeTax": "5041000", "incomeTaxExpense": "1618000", "interestAndDebtExpense": "None", "netIncomeFromContinuingOperations": "3423000", "comprehensiveIncomeNetOfTax": "None", "ebit": "5247000", "ebitda": "9309000", "netIncome": "3423000"}, {"fiscalDateEnding": "2016-06-30", "reportedCurrency": "USD", "grossProfit": "32589000", "totalRevenue": "120921000", "costOfRevenue": "88332000", "costofGoodsAndServicesSold": "88332000", "operatingIncome": "15210000", "sellingGeneralAndAdministrative": "11497000", "researchAndDevelopment": "0", "operatingExpenses": "17379000", "investmentIncomeNet": "None", "netInterestIncome": "None", "interestIncome": "None", "interestExpense": "116000", "nonInterestIncome": "None", "otherNonOperatingIncome": "7468000", "depreciation": "None", "depreciationAndAmortization": "3670000", "incomeBeforeTax": "15210000", "incomeTaxExpense": "5369000", "interestAndDebtExpense": "None", "netIncomeFromContinuingOperations": "9841000", "comprehensiveIncomeNetOfTax": "None", "ebit": "15326000", "ebitda": "18996000", "netIncome": "9841000"}, {"fiscalDateEnding": "2016-03-31", "reportedCurrency": "USD", "grossProfit": "16271000", "totalRevenue": "107561000", "costOfRevenue": "91290000", "costofGoodsAndServicesSold": "91290000", "operatingIncome": "4330000", "sellingGeneralAndAdministrative": "7933000", "researchAndDevelopment": "0", "operatingExpenses": "11941000", "investmentIncomeNet": "None", "netInterestIncome": "None", "interestIncome": "None", "interestExpense": "75000", "nonInterestIncome": "None", "otherNonOperatingIncome": "6401000", "depreciation": "None", "depreciationAndAmortization": "908000", "incomeBeforeTax": "4330000", "incomeTaxExpense": "1379000", "interestAndDebtExpense": "None", "netIncomeFromContinuingOperations": "2951000", "comprehensiveIncomeNetOfTax": "None", "ebit": "4405000", "ebitda": "5313000", "netIncome": "2951000"}, {"fiscalDateEnding": "2015-12-31", "reportedCurrency": "USD", "grossProfit": "30688000", "totalRevenue": "100027000", "costOfRevenue": "69339000", "costofGoodsAndServicesSold": "69339000", "operatingIncome": "20351000", "sellingGeneralAndAdministrative": "7608000", "researchAndDevelopment": "0", "operatingExpenses": "10337000", "investmentIncomeNet": "None", "netInterestIncome": "None", "interestIncome": "None", "interestExpense": "94000", "nonInterestIncome": "None", "otherNonOperatingIncome": "-1346000", "depreciation": "None", "depreciationAndAmortization": "1235000", "incomeBeforeTax": "20351000", "incomeTaxExpense": "6549000", "interestAndDebtExpense": "None", "netIncomeFromContinuingOperations": "13802000", "comprehensiveIncomeNetOfTax": "None", "ebit": "20445000", "ebitda": "21680000", "netIncome": "13802000"}, {"fiscalDateEnding": "2015-09-30", "reportedCurrency": "USD", "grossProfit": "25618000", "totalRevenue": "89806000", "costOfRevenue": "64188000", "costofGoodsAndServicesSold": "64188000", "operatingIncome": "12984000", "sellingGeneralAndAdministrative": "8331000", "researchAndDevelopment": "0", "operatingExpenses": "12634000", "investmentIncomeNet": "None", "netInterestIncome": "None", "interestIncome": "None", "interestExpense": "81000", "nonInterestIncome": "None", "otherNonOperatingIncome": "748000", "depreciation": "None", "depreciationAndAmortization": "839000", "incomeBeforeTax": "12984000", "incomeTaxExpense": "4901000", "interestAndDebtExpense": "None", "netIncomeFromContinuingOperations": "8083000", "comprehensiveIncomeNetOfTax": "None", "ebit": "13065000", "ebitda": "13904000", "netIncome": "8083000"}, {"fiscalDateEnding": "2015-06-30", "reportedCurrency": "USD", "grossProfit": "19515000", "totalRevenue": "85340000", "costOfRevenue": "65825000", "costofGoodsAndServicesSold": "65825000", "operatingIncome": "8187000", "sellingGeneralAndAdministrative": "6512000", "researchAndDevelopment": "0", "operatingExpenses": "11328000", "investmentIncomeNet": "None", "netInterestIncome": "None", "interestIncome": "None", "interestExpense": "68000", "nonInterestIncome": "None", "otherNonOperatingIncome": "-4831000", "depreciation": "None", "depreciationAndAmortization": "576000", "incomeBeforeTax": "8187000", "incomeTaxExpense": "2912000", "interestAndDebtExpense": "None", "netIncomeFromContinuingOperations": "5275000", "comprehensiveIncomeNetOfTax": "None", "ebit": "8255000", "ebitda": "8831000", "netIncome": "5275000"}, {"fiscalDateEnding": "2015-03-31", "reportedCurrency": "USD", "grossProfit": "11239000", "totalRevenue": "82396000", "costOfRevenue": "71157000", "costofGoodsAndServicesSold": "71157000", "operatingIncome": "338000", "sellingGeneralAndAdministrative": "7401000", "researchAndDevelopment": "0", "operatingExpenses": "10901000", "investmentIncomeNet": "None", "netInterestIncome": "None", "interestIncome": "None", "interestExpense": "83000", "nonInterestIncome": "None", "otherNonOperatingIncome": "2653000", "depreciation": "None", "depreciationAndAmortization": "678000", "incomeBeforeTax": "338000", "incomeTaxExpense": "140000", "interestAndDebtExpense": "None", "netIncomeFromContinuingOperations": "198000", "comprehensiveIncomeNetOfTax": "None", "ebit": "421000", "ebitda": "1099000", "netIncome": "198000"}, {"fiscalDateEnding": "2014-12-31", "reportedCurrency": "USD", "grossProfit": "27711000", "totalRevenue": "76172000", "costOfRevenue": "48461000", "costofGoodsAndServicesSold": "48461000", "operatingIncome": "17781000", "sellingGeneralAndAdministrative": "6613000", "researchAndDevelopment": "0", "operatingExpenses": "9930000", "investmentIncomeNet": "None", "netInterestIncome": "None", "interestIncome": "None", "interestExpense": "85000", "nonInterestIncome": "None", "otherNonOperatingIncome": "2027000", "depreciation": "None", "depreciationAndAmortization": "283000", "incomeBeforeTax": "17781000", "incomeTaxExpense": "6387000", "interestAndDebtExpense": "None", "netIncomeFromContinuingOperations": "11394000", "comprehensiveIncomeNetOfTax": "None", "ebit": "17866000", "ebitda": "18149000", "netIncome": "11394000"}, {"fiscalDateEnding": "2014-09-30", "reportedCurrency": "USD", "grossProfit": "21416000", "totalRevenue": "68847000", "costOfRevenue": "47431000", "costofGoodsAndServicesSold": "47431000", "operatingIncome": "13523000", "sellingGeneralAndAdministrative": "4709000", "researchAndDevelopment": "0", "operatingExpenses": "7893000", "investmentIncomeNet": "None", "netInterestIncome": "None", "interestIncome": "None", "interestExpense": "98000", "nonInterestIncome": "None", "otherNonOperatingIncome": "-1249000", "depreciation": "None", "depreciationAndAmortization": "191000", "incomeBeforeTax": "13523000", "incomeTaxExpense": "4883000", "interestAndDebtExpense": "None", "netIncomeFromContinuingOperations": "8640000", "comprehensiveIncomeNetOfTax": "None", "ebit": "13621000", "ebitda": "13812000", "netIncome": "8640000"}, {"fiscalDateEnding": "2014-06-30", "reportedCurrency": "USD", "grossProfit": "22715000", "totalRevenue": "67704000", "costOfRevenue": "44989000", "costofGoodsAndServicesSold": "44989000", "operatingIncome": "15410000", "sellingGeneralAndAdministrative": "4335000", "researchAndDevelopment": "0", "operatingExpenses": "7305000", "investmentIncomeNet": "None", "netInterestIncome": "None", "interestIncome": "None", "interestExpense": "112000", "nonInterestIncome": "None", "otherNonOperatingIncome": "3323000", "depreciation": "None", "depreciationAndAmortization": "161000", "incomeBeforeTax": "15410000", "incomeTaxExpense": "5820000", "interestAndDebtExpense": "None", "netIncomeFromContinuingOperations": "9590000", "comprehensiveIncomeNetOfTax": "None", "ebit": "15522000", "ebitda": "15683000", "netIncome": "9590000"}, {"fiscalDateEnding": "2014-03-31", "reportedCurrency": "USD", "grossProfit": "24654000", "totalRevenue": "67507000", "costOfRevenue": "42853000", "costofGoodsAndServicesSold": "42853000", "operatingIncome": "17696000", "sellingGeneralAndAdministrative": "4350000", "researchAndDevelopment": "0", "operatingExpenses": "6958000", "investmentIncomeNet": "None", "netInterestIncome": "None", "interestIncome": "None", "interestExpense": "115000", "nonInterestIncome": "None", "otherNonOperatingIncome": "2343000", "depreciation": "None", "depreciationAndAmortization": "166000", "incomeBeforeTax": "17696000", "incomeTaxExpense": "6307000", "interestAndDebtExpense": "None", "netIncomeFromContinuingOperations": "11389000", "comprehensiveIncomeNetOfTax": "None", "ebit": "17811000", "ebitda": "17977000", "netIncome": "11389000"}, {"fiscalDateEnding": "2013-12-31", "reportedCurrency": "USD", "grossProfit": "19687000", "totalRevenue": "63441000", "costOfRevenue": "43754000", "costofGoodsAndServicesSold": "43754000", "operatingIncome": "13433000", "sellingGeneralAndAdministrative": "3864000", "researchAndDevelopment": "0", "operatingExpenses": "6254000", "investmentIncomeNet": "None", "netInterestIncome": "None", "interestIncome": "None", "interestExpense": "112000", "nonInterestIncome": "None", "otherNonOperatingIncome": "-222000", "depreciation": "None", "depreciationAndAmortization": "-768000", "incomeBeforeTax": "13433000", "incomeTaxExpense": "6082000", "interestAndDebtExpense": "None", "netIncomeFromContinuingOperations": "7351000", "comprehensiveIncomeNetOfTax": "None", "ebit": "13545000", "ebitda": "12777000", "netIncome": "7351000"}, {"fiscalDateEnding": "2013-09-30", "reportedCurrency": "USD", "grossProfit": "13124000", "totalRevenue": "51817000", "costOfRevenue": "38693000", "costofGoodsAndServicesSold": "38693000", "operatingIncome": "6724000", "sellingGeneralAndAdministrative": "4034000", "researchAndDevelopment": "0", "operatingExpenses": "6400000", "investmentIncomeNet": "None", "netInterestIncome": "None", "interestIncome": "None", "interestExpense": "102000", "nonInterestIncome": "None", "otherNonOperatingIncome": "366000", "depreciation": "None", "depreciationAndAmortization": "175000", "incomeBeforeTax": "6724000", "incomeTaxExpense": "2593000", "interestAndDebtExpense": "None", "netIncomeFromContinuingOperations": "4131000", "comprehensiveIncomeNetOfTax": "None", "ebit": "6826000", "ebitda": "7001000", "netIncome": "4131000"}, {"fiscalDateEnding": "2013-06-30", "reportedCurrency": "USD", "grossProfit": "13476000", "totalRevenue": "48652000", "costOfRevenue": "35176000", "costofGoodsAndServicesSold": "35176000", "operatingIncome": "7246000", "sellingGeneralAndAdministrative": "3530000", "researchAndDevelopment": "0", "operatingExpenses": "6230000", "investmentIncomeNet": "None", "netInterestIncome": "None", "interestIncome": "None", "interestExpense": "80000", "nonInterestIncome": "None", "otherNonOperatingIncome": "-4745000", "depreciation": "None", "depreciationAndAmortization": "180000", "incomeBeforeTax": "7246000", "incomeTaxExpense": "2737000", "interestAndDebtExpense": "None", "netIncomeFromContinuingOperations": "4509000", "comprehensiveIncomeNetOfTax": "None", "ebit": "7326000", "ebitda": "7506000", "netIncome": "4509000"}, {"fiscalDateEnding": "2013-03-31", "reportedCurrency": "USD", "grossProfit": "12340000", "totalRevenue": "44170000", "costOfRevenue": "31830000", "costofGoodsAndServicesSold": "31830000", "operatingIncome": "7084000", "sellingGeneralAndAdministrative": "3124000", "researchAndDevelopment": "0", "operatingExpenses": "5256000", "investmentIncomeNet": "None", "netInterestIncome": "None", "interestIncome": "None", "interestExpense": "73000", "nonInterestIncome": "None", "otherNonOperatingIncome": "369000", "depreciation": "None", "depreciationAndAmortization": "170000", "incomeBeforeTax": "7084000", "incomeTaxExpense": "2733000", "interestAndDebtExpense": "None", "netIncomeFromContinuingOperations": "4351000", "comprehensiveIncomeNetOfTax": "None", "ebit": "7157000", "ebitda": "7327000", "netIncome": "4351000"}, {"fiscalDateEnding": "2012-12-31", "reportedCurrency": "USD", "grossProfit": "8545000", "totalRevenue": "37895000", "costOfRevenue": "29350000", "costofGoodsAndServicesSold": "29350000", "operatingIncome": "1846000", "sellingGeneralAndAdministrative": "3610000", "researchAndDevelopment": "0", "operatingExpenses": "6699000", "investmentIncomeNet": "None", "netInterestIncome": "None", "interestIncome": "None", "interestExpense": "72000", "nonInterestIncome": "None", "otherNonOperatingIncome": "947000", "depreciation": "None", "depreciationAndAmortization": "314000", "incomeBeforeTax": "1846000", "incomeTaxExpense": "863000", "interestAndDebtExpense": "None", "netIncomeFromContinuingOperations": "983000", "comprehensiveIncomeNetOfTax": "None", "ebit": "1918000", "ebitda": "2232000", "netIncome": "983000"}, {"fiscalDateEnding": "2012-09-30", "reportedCurrency": "USD", "grossProfit": "5918000", "totalRevenue": "32272000", "costOfRevenue": "26354000", "costofGoodsAndServicesSold": "26354000", "operatingIncome": "1147000", "sellingGeneralAndAdministrative": "3031000", "researchAndDevelopment": "0", "operatingExpenses": "4771000", "investmentIncomeNet": "None", "netInterestIncome": "None", "interestIncome": "None", "interestExpense": "71000", "nonInterestIncome": "None", "otherNonOperatingIncome": "1443000", "depreciation": "None", "depreciationAndAmortization": "305000", "incomeBeforeTax": "1147000", "incomeTaxExpense": "164000", "interestAndDebtExpense": "None", "netIncomeFromContinuingOperations": "983000", "comprehensiveIncomeNetOfTax": "None", "ebit": "1218000", "ebitda": "1523000", "netIncome": "983000"}, {"fiscalDateEnding": "2012-06-30", "reportedCurrency": "USD", "grossProfit": "9717000", "totalRevenue": "31564000", "costOfRevenue": "21847000", "costofGoodsAndServicesSold": "21847000", "operatingIncome": "5238000", "sellingGeneralAndAdministrative": "2300000", "researchAndDevelopment": "0", "operatingExpenses": "4479000", "investmentIncomeNet": "None", "netInterestIncome": "None", "interestIncome": "None", "interestExpense": "129000", "nonInterestIncome": "None", "otherNonOperatingIncome": "673000", "depreciation": "None", "depreciationAndAmortization": "318000", "incomeBeforeTax": "5238000", "incomeTaxExpense": "2247000", "interestAndDebtExpense": "None", "netIncomeFromContinuingOperations": "2991000", "comprehensiveIncomeNetOfTax": "None", "ebit": "5367000", "ebitda": "5685000", "netIncome": "2991000"}, {"fiscalDateEnding": "2012-03-31", "reportedCurrency": "USD", "grossProfit": "11768000", "totalRevenue": "29503000", "costOfRevenue": "17735000", "costofGoodsAndServicesSold": "17735000", "operatingIncome": "7483000", "sellingGeneralAndAdministrative": "2793000", "researchAndDevelopment": "0", "operatingExpenses": "4285000", "investmentIncomeNet": "None", "netInterestIncome": "None", "interestIncome": "None", "interestExpense": "83000", "nonInterestIncome": "None", "otherNonOperatingIncome": "24000", "depreciation": "None", "depreciationAndAmortization": "323000", "incomeBeforeTax": "7483000", "incomeTaxExpense": "2735000", "interestAndDebtExpense": "None", "netIncomeFromContinuingOperations": "4748000", "comprehensiveIncomeNetOfTax": "None", "ebit": "7566000", "ebitda": "7889000", "netIncome": "4748000"}, {"fiscalDateEnding": "2011-12-31", "reportedCurrency": "USD", "grossProfit": "9239000", "totalRevenue": "26462000", "costOfRevenue": "17223000", "costofGoodsAndServicesSold": "17223000", "operatingIncome": "5192000", "sellingGeneralAndAdministrative": "4033000", "researchAndDevelopment": "0", "operatingExpenses": "4047000", "investmentIncomeNet": "None", "netInterestIncome": "None", "interestIncome": "None", "interestExpense": "95000", "nonInterestIncome": "None", "otherNonOperatingIncome": "None", "depreciation": "None", "depreciationAndAmortization": "307000", "incomeBeforeTax": "5192000", "incomeTaxExpense": "1967000", "interestAndDebtExpense": "None", "netIncomeFromContinuingOperations": "0", "comprehensiveIncomeNetOfTax": "None", "ebit": "5287000", "ebitda": "5594000", "netIncome": "3225000"}, {"fiscalDateEnding": "2011-09-30", "reportedCurrency": "USD", "grossProfit": "9511000", "totalRevenue": "25493000", "costOfRevenue": "15982000", "costofGoodsAndServicesSold": "15982000", "operatingIncome": "5878000", "sellingGeneralAndAdministrative": "3514000", "researchAndDevelopment": "0", "operatingExpenses": "3633000", "investmentIncomeNet": "None", "netInterestIncome": "None", "interestIncome": "None", "interestExpense": "142000", "nonInterestIncome": "None", "otherNonOperatingIncome": "-23000", "depreciation": "None", "depreciationAndAmortization": "310000", "incomeBeforeTax": "5878000", "incomeTaxExpense": "2228000", "interestAndDebtExpense": "None", "netIncomeFromContinuingOperations": "8202000", "comprehensiveIncomeNetOfTax": "None", "ebit": "6020000", "ebitda": "6330000", "netIncome": "3650000"}, {"fiscalDateEnding": "2011-06-30", "reportedCurrency": "USD", "grossProfit": "4213000", "totalRevenue": "23995000", "costOfRevenue": "19782000", "costofGoodsAndServicesSold": "19782000", "operatingIncome": "220000", "sellingGeneralAndAdministrative": "3557000", "researchAndDevelopment": "0", "operatingExpenses": "3993000", "investmentIncomeNet": "None", "netInterestIncome": "None", "interestIncome": "None", "interestExpense": "157000", "nonInterestIncome": "None", "otherNonOperatingIncome": "279000", "depreciation": "None", "depreciationAndAmortization": "308000", "incomeBeforeTax": "220000", "incomeTaxExpense": "131000", "interestAndDebtExpense": "None", "netIncomeFromContinuingOperations": "1066000", "comprehensiveIncomeNetOfTax": "None", "ebit": "377000", "ebitda": "685000", "netIncome": "89000"}, {"fiscalDateEnding": "2011-03-31", "reportedCurrency": "USD", "grossProfit": "5540000", "totalRevenue": "20468000", "costOfRevenue": "14928000", "costofGoodsAndServicesSold": "14928000", "operatingIncome": "1726000", "sellingGeneralAndAdministrative": "3660000", "researchAndDevelopment": "0", "operatingExpenses": "3814000", "investmentIncomeNet": "None", "netInterestIncome": "None", "interestIncome": "None", "interestExpense": "154000", "nonInterestIncome": "None", "otherNonOperatingIncome": "None", "depreciation": "None", "depreciationAndAmortization": "293000", "incomeBeforeTax": "1726000", "incomeTaxExpense": "602000", "interestAndDebtExpense": "None", "netIncomeFromContinuingOperations": "0", "comprehensiveIncomeNetOfTax": "None", "ebit": "1880000", "ebitda": "2173000", "netIncome": "1124000"}, {"fiscalDateEnding": "2010-12-31", "reportedCurrency": "USD", "grossProfit": "18347000", "totalRevenue": "23675000", "costOfRevenue": "5328000", "costofGoodsAndServicesSold": "5328000", "operatingIncome": "4689000", "sellingGeneralAndAdministrative": "24960000", "researchAndDevelopment": "0", "operatingExpenses": "13658000", "investmentIncomeNet": "None", "netInterestIncome": "None", "interestIncome": "None", "interestExpense": "130000", "nonInterestIncome": "None", "otherNonOperatingIncome": "None", "depreciation": "None", "depreciationAndAmortization": "293000", "incomeBeforeTax": "4689000", "incomeTaxExpense": "1794000", "interestAndDebtExpense": "None", "netIncomeFromContinuingOperations": "0", "comprehensiveIncomeNetOfTax": "None", "ebit": "4819000", "ebitda": "5112000", "netIncome": "2895000"}, {"fiscalDateEnding": "2010-09-30", "reportedCurrency": "USD", "grossProfit": "2363000", "totalRevenue": "19999000", "costOfRevenue": "17636000", "costofGoodsAndServicesSold": "17636000", "operatingIncome": "-471000", "sellingGeneralAndAdministrative": "2679000", "researchAndDevelopment": "0", "operatingExpenses": "2834000", "investmentIncomeNet": "None", "netInterestIncome": "None", "interestIncome": "None", "interestExpense": "155000", "nonInterestIncome": "None", "otherNonOperatingIncome": "None", "depreciation": "None", "depreciationAndAmortization": "328000", "incomeBeforeTax": "-471000", "incomeTaxExpense": "-155000", "interestAndDebtExpense": "None", "netIncomeFromContinuingOperations": "0", "comprehensiveIncomeNetOfTax": "None", "ebit": "-316000", "ebitda": "12000", "netIncome": "-316000"}, {"fiscalDateEnding": "2010-06-30", "reportedCurrency": "USD", "grossProfit": "4662000", "totalRevenue": "19369000", "costOfRevenue": "14707000", "costofGoodsAndServicesSold": "14707000", "operatingIncome": "396000", "sellingGeneralAndAdministrative": "3149000", "researchAndDevelopment": "0", "operatingExpenses": "4266000", "investmentIncomeNet": "None", "netInterestIncome": "None", "interestIncome": "None", "interestExpense": "391000", "nonInterestIncome": "None", "otherNonOperatingIncome": "None", "depreciation": "None", "depreciationAndAmortization": "232000", "incomeBeforeTax": "396000", "incomeTaxExpense": "201000", "interestAndDebtExpense": "None", "netIncomeFromContinuingOperations": "0", "comprehensiveIncomeNetOfTax": "None", "ebit": "787000", "ebitda": "1019000", "netIncome": "195000"}, {"fiscalDateEnding": "2010-03-31", "reportedCurrency": "USD", "grossProfit": "-1976000", "totalRevenue": "16948000", "costOfRevenue": "18924000", "costofGoodsAndServicesSold": "18924000", "operatingIncome": "-6022000", "sellingGeneralAndAdministrative": "2955000", "researchAndDevelopment": "0", "operatingExpenses": "4046000", "investmentIncomeNet": "None", "netInterestIncome": "None", "interestIncome": "None", "interestExpense": "1091000", "nonInterestIncome": "None", "otherNonOperatingIncome": "None", "depreciation": "None", "depreciationAndAmortization": "253000", "incomeBeforeTax": "-6022000", "incomeTaxExpense": "-2323000", "interestAndDebtExpense": "None", "netIncomeFromContinuingOperations": "0", "comprehensiveIncomeNetOfTax": "None", "ebit": "-4931000", "ebitda": "-4678000", "netIncome": "-3699000"}, {"fiscalDateEnding": "2009-12-31", "reportedCurrency": "USD", "grossProfit": "12533000", "totalRevenue": "19450000", "costOfRevenue": "6917000", "costofGoodsAndServicesSold": "6917000", "operatingIncome": "-1875000", "sellingGeneralAndAdministrative": "11101000", "researchAndDevelopment": "0", "operatingExpenses": "14408000", "investmentIncomeNet": "None", "netInterestIncome": "None", "interestIncome": "None", "interestExpense": "817000", "nonInterestIncome": "None", "otherNonOperatingIncome": "None", "depreciation": "None", "depreciationAndAmortization": "272000", "incomeBeforeTax": "-1875000", "incomeTaxExpense": "-694000", "interestAndDebtExpense": "None", "netIncomeFromContinuingOperations": "0", "comprehensiveIncomeNetOfTax": "None", "ebit": "-1058000", "ebitda": "-786000", "netIncome": "-1181000"}, {"fiscalDateEnding": "2009-09-30", "reportedCurrency": "USD", "grossProfit": "14652000", "totalRevenue": "20715000", "costOfRevenue": "6063000", "costofGoodsAndServicesSold": "6063000", "operatingIncome": "-1427000", "sellingGeneralAndAdministrative": "13600000", "researchAndDevelopment": "0", "operatingExpenses": "16079000", "investmentIncomeNet": "None", "netInterestIncome": "None", "interestIncome": "None", "interestExpense": "823000", "nonInterestIncome": "None", "otherNonOperatingIncome": "None", "depreciation": "None", "depreciationAndAmortization": "286000", "incomeBeforeTax": "-1427000", "incomeTaxExpense": "-693000", "interestAndDebtExpense": "None", "netIncomeFromContinuingOperations": "0", "comprehensiveIncomeNetOfTax": "None", "ebit": "-604000", "ebitda": "-318000", "netIncome": "-734000"}, {"fiscalDateEnding": "2009-06-30", "reportedCurrency": "USD", "grossProfit": "20746000", "totalRevenue": "26320000", "costOfRevenue": "5574000", "costofGoodsAndServicesSold": "5574000", "operatingIncome": "4628000", "sellingGeneralAndAdministrative": "13274000", "researchAndDevelopment": "0", "operatingExpenses": "16118000", "investmentIncomeNet": "None", "netInterestIncome": "None", "interestIncome": "None", "interestExpense": "783000", "nonInterestIncome": "None", "otherNonOperatingIncome": "None", "depreciation": "None", "depreciationAndAmortization": "320000", "incomeBeforeTax": "4628000", "incomeTaxExpense": "1781000", "interestAndDebtExpense": "None", "netIncomeFromContinuingOperations": "0", "comprehensiveIncomeNetOfTax": "None", "ebit": "5411000", "ebitda": "5731000", "netIncome": "2847000"}, {"fiscalDateEnding": "2009-03-31", "reportedCurrency": "USD", "grossProfit": "9855000", "totalRevenue": "21984000", "costOfRevenue": "12129000", "costofGoodsAndServicesSold": "12129000", "operatingIncome": "5001000", "sellingGeneralAndAdministrative": "2297000", "researchAndDevelopment": "0", "operatingExpenses": "4854000", "investmentIncomeNet": "None", "netInterestIncome": "None", "interestIncome": "None", "interestExpense": "754000", "nonInterestIncome": "None", "otherNonOperatingIncome": "None", "depreciation": "None", "depreciationAndAmortization": "310000", "incomeBeforeTax": "5001000", "incomeTaxExpense": "1876000", "interestAndDebtExpense": "None", "netIncomeFromContinuingOperations": "0", "comprehensiveIncomeNetOfTax": "None", "ebit": "5755000", "ebitda": "6065000", "netIncome": "3125000"}, {"fiscalDateEnding": "2008-12-31", "reportedCurrency": "USD", "grossProfit": "19242000", "totalRevenue": "23680000", "costOfRevenue": "4438000", "costofGoodsAndServicesSold": "4438000", "operatingIncome": "10941000", "sellingGeneralAndAdministrative": "30505000", "researchAndDevelopment": "0", "operatingExpenses": "8301000", "investmentIncomeNet": "None", "netInterestIncome": "None", "interestIncome": "None", "interestExpense": "848000", "nonInterestIncome": "None", "otherNonOperatingIncome": "None", "depreciation": "None", "depreciationAndAmortization": "283000", "incomeBeforeTax": "10941000", "incomeTaxExpense": "4092000", "interestAndDebtExpense": "None", "netIncomeFromContinuingOperations": "0", "comprehensiveIncomeNetOfTax": "None", "ebit": "11789000", "ebitda": "12072000", "netIncome": "6849000"}, {"fiscalDateEnding": "2008-09-30", "reportedCurrency": "USD", "grossProfit": "9263000", "totalRevenue": "25992000", "costOfRevenue": "16729000", "costofGoodsAndServicesSold": "16729000", "operatingIncome": "8811000", "sellingGeneralAndAdministrative": "13387000", "researchAndDevelopment": "0", "operatingExpenses": "452000", "investmentIncomeNet": "None", "netInterestIncome": "None", "interestIncome": "None", "interestExpense": "497000", "nonInterestIncome": "None", "otherNonOperatingIncome": "None", "depreciation": "None", "depreciationAndAmortization": "153000", "incomeBeforeTax": "8811000", "incomeTaxExpense": "-67000", "interestAndDebtExpense": "None", "netIncomeFromContinuingOperations": "0", "comprehensiveIncomeNetOfTax": "None", "ebit": "9308000", "ebitda": "9461000", "netIncome": "8878000"}, {"fiscalDateEnding": "2008-06-30", "reportedCurrency": "USD", "grossProfit": "20563000", "totalRevenue": "24940000", "costOfRevenue": "4377000", "costofGoodsAndServicesSold": "4377000", "operatingIncome": "11302000", "sellingGeneralAndAdministrative": "7106000", "researchAndDevelopment": "0", "operatingExpenses": "9261000", "investmentIncomeNet": "None", "netInterestIncome": "None", "interestIncome": "None", "interestExpense": "601000", "nonInterestIncome": "None", "otherNonOperatingIncome": "None", "depreciation": "None", "depreciationAndAmortization": "177000", "incomeBeforeTax": "11302000", "incomeTaxExpense": "2143000", "interestAndDebtExpense": "None", "netIncomeFromContinuingOperations": "0", "comprehensiveIncomeNetOfTax": "None", "ebit": "11903000", "ebitda": "12080000", "netIncome": "9159000"}, {"fiscalDateEnding": "2008-03-31", "reportedCurrency": "USD", "grossProfit": "15097000", "totalRevenue": "26450000", "costOfRevenue": "11353000", "costofGoodsAndServicesSold": "11353000", "operatingIncome": "10549000", "sellingGeneralAndAdministrative": "2145000", "researchAndDevelopment": "0", "operatingExpenses": "4548000", "investmentIncomeNet": "None", "netInterestIncome": "None", "interestIncome": "None", "interestExpense": "865000", "nonInterestIncome": "None", "otherNonOperatingIncome": "None", "depreciation": "None", "depreciationAndAmortization": "168000", "incomeBeforeTax": "10549000", "incomeTaxExpense": "2016000", "interestAndDebtExpense": "None", "netIncomeFromContinuingOperations": "0", "comprehensiveIncomeNetOfTax": "None", "ebit": "11414000", "ebitda": "11582000", "netIncome": "8533000"}, {"fiscalDateEnding": "2007-12-31", "reportedCurrency": "USD", "grossProfit": "267982", "totalRevenue": "267982", "costOfRevenue": "15898000", "costofGoodsAndServicesSold": "15898000", "operatingIncome": "155483", "sellingGeneralAndAdministrative": "1084000", "researchAndDevelopment": "0", "operatingExpenses": "112499", "investmentIncomeNet": "None", "netInterestIncome": "None", "interestIncome": "None", "interestExpense": "714000", "nonInterestIncome": "None", "otherNonOperatingIncome": "None", "depreciation": "None", "depreciationAndAmortization": "None", "incomeBeforeTax": "155483", "incomeTaxExpense": "71505", "interestAndDebtExpense": "None", "netIncomeFromContinuingOperations": "0", "comprehensiveIncomeNetOfTax": "None", "ebit": "0", "ebitda": "83978", "netIncome": "83978"}, {"fiscalDateEnding": "2007-09-30", "reportedCurrency": "USD", "grossProfit": "16360000", "totalRevenue": "29001000", "costOfRevenue": "12641000", "costofGoodsAndServicesSold": "12641000", "operatingIncome": "12586000", "sellingGeneralAndAdministrative": "1153000", "researchAndDevelopment": "0", "operatingExpenses": "3774000", "investmentIncomeNet": "None", "netInterestIncome": "None", "interestIncome": "None", "interestExpense": "1142000", "nonInterestIncome": "None", "otherNonOperatingIncome": "None", "depreciation": "None", "depreciationAndAmortization": "None", "incomeBeforeTax": "12586000", "incomeTaxExpense": "1550000", "interestAndDebtExpense": "None", "netIncomeFromContinuingOperations": "0", "comprehensiveIncomeNetOfTax": "None", "ebit": "0", "ebitda": "13728000", "netIncome": "11036000"}, {"fiscalDateEnding": "2007-06-30", "reportedCurrency": "USD", "grossProfit": "20", "totalRevenue": "20", "costOfRevenue": "22070000", "costofGoodsAndServicesSold": "22070000", "operatingIncome": "-280", "sellingGeneralAndAdministrative": "2633000", "researchAndDevelopment": "0", "operatingExpenses": "300", "investmentIncomeNet": "None", "netInterestIncome": "None", "interestIncome": "None", "interestExpense": "4222000", "nonInterestIncome": "None", "otherNonOperatingIncome": "None", "depreciation": "None", "depreciationAndAmortization": "None", "incomeBeforeTax": "-280", "incomeTaxExpense": "280", "interestAndDebtExpense": "None", "netIncomeFromContinuingOperations": "0", "comprehensiveIncomeNetOfTax": "None", "ebit": "0", "ebitda": "-280", "netIncome": "-280"}]}