{"symbol": "ASST", "annualReports": [{"fiscalDateEnding": "2024-12-31", "reportedCurrency": "USD", "grossProfit": "630778", "totalRevenue": "633489", "costOfRevenue": "2711", "costofGoodsAndServicesSold": "2711", "operatingIncome": "-6404028", "sellingGeneralAndAdministrative": "11248243", "researchAndDevelopment": "423299", "operatingExpenses": "7034805", "investmentIncomeNet": "None", "netInterestIncome": "10096", "interestIncome": "10096", "interestExpense": "None", "nonInterestIncome": "None", "otherNonOperatingIncome": "None", "depreciation": "None", "depreciationAndAmortization": "2711", "incomeBeforeTax": "-6393932", "incomeTaxExpense": "54110", "interestAndDebtExpense": "None", "netIncomeFromContinuingOperations": "-6393932", "comprehensiveIncomeNetOfTax": "None", "ebit": "-6393932", "ebitda": "-6391221", "netIncome": "-6393932"}, {"fiscalDateEnding": "2023-12-31", "reportedCurrency": "USD", "grossProfit": "276304", "totalRevenue": "277038", "costOfRevenue": "734", "costofGoodsAndServicesSold": "734", "operatingIncome": "-18021877", "sellingGeneralAndAdministrative": "7016302", "researchAndDevelopment": "None", "operatingExpenses": "5207501", "investmentIncomeNet": "None", "netInterestIncome": "1111461", "interestIncome": "1111461", "interestExpense": "None", "nonInterestIncome": "None", "otherNonOperatingIncome": "None", "depreciation": "None", "depreciationAndAmortization": "734", "incomeBeforeTax": "-4931197", "incomeTaxExpense": "-4", "interestAndDebtExpense": "None", "netIncomeFromContinuingOperations": "-3815062", "comprehensiveIncomeNetOfTax": "None", "ebit": "-4931197", "ebitda": "-4930463", "netIncome": "-4931197"}, {"fiscalDateEnding": "2022-12-31", "reportedCurrency": "USD", "grossProfit": "187874", "totalRevenue": "343106", "costOfRevenue": "155232", "costofGoodsAndServicesSold": "155232", "operatingIncome": "-645255", "sellingGeneralAndAdministrative": "618203", "researchAndDevelopment": "None", "operatingExpenses": "988361", "investmentIncomeNet": "None", "netInterestIncome": "None", "interestIncome": "None", "interestExpense": "None", "nonInterestIncome": "None", "otherNonOperatingIncome": "None", "depreciation": "None", "depreciationAndAmortization": "645255", "incomeBeforeTax": "-645255", "incomeTaxExpense": "-645250", "interestAndDebtExpense": "None", "netIncomeFromContinuingOperations": "-645255", "comprehensiveIncomeNetOfTax": "None", "ebit": "-645255", "ebitda": "-645255", "netIncome": "-645255"}, {"fiscalDateEnding": "2021-12-31", "reportedCurrency": "USD", "grossProfit": "829618", "totalRevenue": "829618", "costOfRevenue": "160251", "costofGoodsAndServicesSold": "160251", "operatingIncome": "14871", "sellingGeneralAndAdministrative": "279620", "researchAndDevelopment": "None", "operatingExpenses": "814747", "investmentIncomeNet": "None", "netInterestIncome": "None", "interestIncome": "None", "interestExpense": "None", "nonInterestIncome": "None", "otherNonOperatingIncome": "None", "depreciation": "None", "depreciationAndAmortization": "-14871", "incomeBeforeTax": "14871", "incomeTaxExpense": "14872", "interestAndDebtExpense": "None", "netIncomeFromContinuingOperations": "14871", "comprehensiveIncomeNetOfTax": "None", "ebit": "14871", "ebitda": "14871", "netIncome": "14871"}, {"fiscalDateEnding": "2020-12-31", "reportedCurrency": "USD", "grossProfit": "206645", "totalRevenue": "86903", "costOfRevenue": "1922", "costofGoodsAndServicesSold": "1922", "operatingIncome": "3266", "sellingGeneralAndAdministrative": "198806", "researchAndDevelopment": "None", "operatingExpenses": "83637", "investmentIncomeNet": "None", "netInterestIncome": "None", "interestIncome": "None", "interestExpense": "None", "nonInterestIncome": "None", "otherNonOperatingIncome": "None", "depreciation": "None", "depreciationAndAmortization": "-7838", "incomeBeforeTax": "3266", "incomeTaxExpense": "7838", "interestAndDebtExpense": "None", "netIncomeFromContinuingOperations": "None", "comprehensiveIncomeNetOfTax": "None", "ebit": "11108", "ebitda": "3266", "netIncome": "3266"}], "quarterlyReports": [{"fiscalDateEnding": "2025-09-30", "reportedCurrency": "None", "grossProfit": "1488000", "totalRevenue": "1543000", "costOfRevenue": "55000", "costofGoodsAndServicesSold": "55000", "operatingIncome": "-23318000", "sellingGeneralAndAdministrative": "4404000", "researchAndDevelopment": "None", "operatingExpenses": "24806000", "investmentIncomeNet": "None", "netInterestIncome": "None", "interestIncome": "None", "interestExpense": "None", "nonInterestIncome": "None", "otherNonOperatingIncome": "None", "depreciation": "None", "depreciationAndAmortization": "55000", "incomeBeforeTax": "-206653000", "incomeTaxExpense": "None", "interestAndDebtExpense": "None", "netIncomeFromContinuingOperations": "None", "comprehensiveIncomeNetOfTax": "None", "ebit": "-206652999", "ebitda": "-206597999", "netIncome": "-206653000"}, {"fiscalDateEnding": "2025-06-30", "reportedCurrency": "USD", "grossProfit": "172581", "totalRevenue": "173259", "costOfRevenue": "678", "costofGoodsAndServicesSold": "678", "operatingIncome": "-2692310", "sellingGeneralAndAdministrative": "936205", "researchAndDevelopment": "83120", "operatingExpenses": "2864891", "investmentIncomeNet": "None", "netInterestIncome": "27699", "interestIncome": "28841", "interestExpense": "1142", "nonInterestIncome": "None", "otherNonOperatingIncome": "None", "depreciation": "None", "depreciationAndAmortization": "678", "incomeBeforeTax": "-2664611", "incomeTaxExpense": "None", "interestAndDebtExpense": "None", "netIncomeFromContinuingOperations": "-2664611", "comprehensiveIncomeNetOfTax": "None", "ebit": "-2663469", "ebitda": "-2662791", "netIncome": "-2664611"}, {"fiscalDateEnding": "2025-03-31", "reportedCurrency": "USD", "grossProfit": "170071", "totalRevenue": "170749", "costOfRevenue": "678", "costofGoodsAndServicesSold": "678", "operatingIncome": "-1657096", "sellingGeneralAndAdministrative": "1092714", "researchAndDevelopment": "99364", "operatingExpenses": "1827171", "investmentIncomeNet": "None", "netInterestIncome": "32878", "interestIncome": "34042", "interestExpense": "1164", "nonInterestIncome": "None", "otherNonOperatingIncome": "None", "depreciation": "None", "depreciationAndAmortization": "678", "incomeBeforeTax": "-1624218", "incomeTaxExpense": "35195", "interestAndDebtExpense": "None", "netIncomeFromContinuingOperations": "-1624218", "comprehensiveIncomeNetOfTax": "None", "ebit": "-1623054", "ebitda": "-1622376", "netIncome": "-1624218"}, {"fiscalDateEnding": "2024-12-31", "reportedCurrency": "USD", "grossProfit": "-521688", "totalRevenue": "212761", "costOfRevenue": "-46630", "costofGoodsAndServicesSold": "-46630", "operatingIncome": "-1975218", "sellingGeneralAndAdministrative": "1208243", "researchAndDevelopment": "86580", "operatingExpenses": "2187979", "investmentIncomeNet": "None", "netInterestIncome": "None", "interestIncome": "None", "interestExpense": "None", "nonInterestIncome": "None", "otherNonOperatingIncome": "None", "depreciation": "None", "depreciationAndAmortization": "60268", "incomeBeforeTax": "-1965122", "incomeTaxExpense": "54108", "interestAndDebtExpense": "None", "netIncomeFromContinuingOperations": "-1965122", "comprehensiveIncomeNetOfTax": "None", "ebit": "-4691970", "ebitda": "-1965122", "netIncome": "-1965122"}, {"fiscalDateEnding": "2024-09-30", "reportedCurrency": "USD", "grossProfit": "937000", "totalRevenue": "984000", "costOfRevenue": "47000", "costofGoodsAndServicesSold": "47000", "operatingIncome": "-7010000", "sellingGeneralAndAdministrative": "4404000", "researchAndDevelopment": "97980", "operatingExpenses": "7947000", "investmentIncomeNet": "None", "netInterestIncome": "None", "interestIncome": "None", "interestExpense": "None", "nonInterestIncome": "None", "otherNonOperatingIncome": "None", "depreciation": "None", "depreciationAndAmortization": "47000", "incomeBeforeTax": "-6802000", "incomeTaxExpense": "-1323135", "interestAndDebtExpense": "None", "netIncomeFromContinuingOperations": "-1315369", "comprehensiveIncomeNetOfTax": "None", "ebit": "-6802000", "ebitda": "-6755000", "netIncome": "-6802000"}, {"fiscalDateEnding": "2024-06-30", "reportedCurrency": "USD", "grossProfit": "91693", "totalRevenue": "92966", "costOfRevenue": "1273", "costofGoodsAndServicesSold": "1273", "operatingIncome": "-1726537", "sellingGeneralAndAdministrative": "876693", "researchAndDevelopment": "119730", "operatingExpenses": "1818230", "investmentIncomeNet": "None", "netInterestIncome": "0", "interestIncome": "0", "interestExpense": "0", "nonInterestIncome": "None", "otherNonOperatingIncome": "None", "depreciation": "None", "depreciationAndAmortization": "1273", "incomeBeforeTax": "-1726537", "incomeTaxExpense": "-3", "interestAndDebtExpense": "None", "netIncomeFromContinuingOperations": "-1726537", "comprehensiveIncomeNetOfTax": "None", "ebit": "-1726537", "ebitda": "-1725264", "netIncome": "-1726537"}, {"fiscalDateEnding": "2024-03-31", "reportedCurrency": "USD", "grossProfit": "123773", "totalRevenue": "124841", "costOfRevenue": "1068", "costofGoodsAndServicesSold": "1068", "operatingIncome": "-1386904", "sellingGeneralAndAdministrative": "649178", "researchAndDevelopment": "119009", "operatingExpenses": "1510676", "investmentIncomeNet": "None", "netInterestIncome": "0", "interestIncome": "0", "interestExpense": "0", "nonInterestIncome": "None", "otherNonOperatingIncome": "None", "depreciation": "None", "depreciationAndAmortization": "1068", "incomeBeforeTax": "-1386904", "incomeTaxExpense": "2", "interestAndDebtExpense": "None", "netIncomeFromContinuingOperations": "-1386904", "comprehensiveIncomeNetOfTax": "None", "ebit": "-1386904", "ebitda": "-1385836", "netIncome": "-1386904"}, {"fiscalDateEnding": "2023-12-31", "reportedCurrency": "USD", "grossProfit": "None", "totalRevenue": "80856", "costOfRevenue": "None", "costofGoodsAndServicesSold": "None", "operatingIncome": "-1348398", "sellingGeneralAndAdministrative": "856825", "researchAndDevelopment": "None", "operatingExpenses": "1429254", "investmentIncomeNet": "None", "netInterestIncome": "None", "interestIncome": "None", "interestExpense": "None", "nonInterestIncome": "None", "otherNonOperatingIncome": "None", "depreciation": "None", "depreciationAndAmortization": "None", "incomeBeforeTax": "-1348398", "incomeTaxExpense": "None", "interestAndDebtExpense": "None", "netIncomeFromContinuingOperations": "-1348398", "comprehensiveIncomeNetOfTax": "None", "ebit": "-1348398", "ebitda": "None", "netIncome": "-1348398"}, {"fiscalDateEnding": "2023-09-30", "reportedCurrency": "USD", "grossProfit": "3598", "totalRevenue": "60135", "costOfRevenue": "56537", "costofGoodsAndServicesSold": "56537", "operatingIncome": "-1190491", "sellingGeneralAndAdministrative": "1194089", "researchAndDevelopment": "None", "operatingExpenses": "1250403", "investmentIncomeNet": "None", "netInterestIncome": "None", "interestIncome": "None", "interestExpense": "None", "nonInterestIncome": "None", "otherNonOperatingIncome": "None", "depreciation": "None", "depreciationAndAmortization": "223", "incomeBeforeTax": "-1190491", "incomeTaxExpense": "-224", "interestAndDebtExpense": "None", "netIncomeFromContinuingOperations": "-1190491", "comprehensiveIncomeNetOfTax": "None", "ebit": "-1190491", "ebitda": "-1190268", "netIncome": "-1190491"}, {"fiscalDateEnding": "2023-06-30", "reportedCurrency": "USD", "grossProfit": "74912", "totalRevenue": "74912", "costOfRevenue": "48083", "costofGoodsAndServicesSold": "48083", "operatingIncome": "-1321057", "sellingGeneralAndAdministrative": "545796", "researchAndDevelopment": "None", "operatingExpenses": "1395969", "investmentIncomeNet": "None", "netInterestIncome": "None", "interestIncome": "None", "interestExpense": "None", "nonInterestIncome": "None", "otherNonOperatingIncome": "None", "depreciation": "None", "depreciationAndAmortization": "1321057", "incomeBeforeTax": "-1321057", "incomeTaxExpense": "-1321054", "interestAndDebtExpense": "None", "netIncomeFromContinuingOperations": "-1321057", "comprehensiveIncomeNetOfTax": "None", "ebit": "-2642114", "ebitda": "-1321057", "netIncome": "-1321057"}, {"fiscalDateEnding": "2023-03-31", "reportedCurrency": "USD", "grossProfit": "61135", "totalRevenue": "61135", "costOfRevenue": "36581", "costofGoodsAndServicesSold": "36581", "operatingIncome": "-1071251", "sellingGeneralAndAdministrative": "382522", "researchAndDevelopment": "None", "operatingExpenses": "1132386", "investmentIncomeNet": "None", "netInterestIncome": "None", "interestIncome": "None", "interestExpense": "None", "nonInterestIncome": "None", "otherNonOperatingIncome": "None", "depreciation": "None", "depreciationAndAmortization": "1071251", "incomeBeforeTax": "-1071251", "incomeTaxExpense": "-1071252", "interestAndDebtExpense": "None", "netIncomeFromContinuingOperations": "-1071251", "comprehensiveIncomeNetOfTax": "None", "ebit": "-2142502", "ebitda": "-1071251", "netIncome": "-1071251"}, {"fiscalDateEnding": "2022-12-31", "reportedCurrency": "USD", "grossProfit": "22292", "totalRevenue": "62969", "costOfRevenue": "40677", "costofGoodsAndServicesSold": "40677", "operatingIncome": "-232263", "sellingGeneralAndAdministrative": "254554", "researchAndDevelopment": "None", "operatingExpenses": "295232", "investmentIncomeNet": "None", "netInterestIncome": "None", "interestIncome": "None", "interestExpense": "None", "nonInterestIncome": "None", "otherNonOperatingIncome": "None", "depreciation": "None", "depreciationAndAmortization": "232263", "incomeBeforeTax": "-232263", "incomeTaxExpense": "-329339", "interestAndDebtExpense": "None", "netIncomeFromContinuingOperations": "-232263", "comprehensiveIncomeNetOfTax": "None", "ebit": "-464526", "ebitda": "-232263", "netIncome": "-232263"}, {"fiscalDateEnding": "2022-09-30", "reportedCurrency": "USD", "grossProfit": "81414", "totalRevenue": "81414", "costOfRevenue": "32471", "costofGoodsAndServicesSold": "32471", "operatingIncome": "-83653", "sellingGeneralAndAdministrative": "133167", "researchAndDevelopment": "None", "operatingExpenses": "165067", "investmentIncomeNet": "None", "netInterestIncome": "None", "interestIncome": "None", "interestExpense": "None", "nonInterestIncome": "None", "otherNonOperatingIncome": "None", "depreciation": "None", "depreciationAndAmortization": "83653", "incomeBeforeTax": "-83653", "incomeTaxExpense": "-83656", "interestAndDebtExpense": "None", "netIncomeFromContinuingOperations": "-83653", "comprehensiveIncomeNetOfTax": "None", "ebit": "-167306", "ebitda": "-83653", "netIncome": "-83653"}, {"fiscalDateEnding": "2022-06-30", "reportedCurrency": "USD", "grossProfit": "72664", "totalRevenue": "72664", "costOfRevenue": "51289", "costofGoodsAndServicesSold": "51289", "operatingIncome": "-245139", "sellingGeneralAndAdministrative": "170316", "researchAndDevelopment": "None", "operatingExpenses": "317803", "investmentIncomeNet": "None", "netInterestIncome": "None", "interestIncome": "None", "interestExpense": "None", "nonInterestIncome": "None", "otherNonOperatingIncome": "None", "depreciation": "None", "depreciationAndAmortization": "245139", "incomeBeforeTax": "-245139", "incomeTaxExpense": "-245138", "interestAndDebtExpense": "None", "netIncomeFromContinuingOperations": "-245139", "comprehensiveIncomeNetOfTax": "None", "ebit": "-490278", "ebitda": "-245139", "netIncome": "-245139"}, {"fiscalDateEnding": "2022-03-31", "reportedCurrency": "USD", "grossProfit": "126059", "totalRevenue": "126059", "costOfRevenue": "30795", "costofGoodsAndServicesSold": "30795", "operatingIncome": "-84200", "sellingGeneralAndAdministrative": "151405", "researchAndDevelopment": "None", "operatingExpenses": "210259", "investmentIncomeNet": "None", "netInterestIncome": "None", "interestIncome": "None", "interestExpense": "None", "nonInterestIncome": "None", "otherNonOperatingIncome": "None", "depreciation": "None", "depreciationAndAmortization": "84200", "incomeBeforeTax": "-84200", "incomeTaxExpense": "-84200", "interestAndDebtExpense": "None", "netIncomeFromContinuingOperations": "-84200", "comprehensiveIncomeNetOfTax": "None", "ebit": "-168400", "ebitda": "-84200", "netIncome": "-84200"}, {"fiscalDateEnding": "2021-12-31", "reportedCurrency": "USD", "grossProfit": "190595", "totalRevenue": "221891", "costOfRevenue": "31295", "costofGoodsAndServicesSold": "31295", "operatingIncome": "13611", "sellingGeneralAndAdministrative": "176984", "researchAndDevelopment": "None", "operatingExpenses": "208280", "investmentIncomeNet": "None", "netInterestIncome": "None", "interestIncome": "None", "interestExpense": "None", "nonInterestIncome": "None", "otherNonOperatingIncome": "None", "depreciation": "None", "depreciationAndAmortization": "-13611", "incomeBeforeTax": "13611", "incomeTaxExpense": "13612", "interestAndDebtExpense": "None", "netIncomeFromContinuingOperations": "13611", "comprehensiveIncomeNetOfTax": "None", "ebit": "27222", "ebitda": "13611", "netIncome": "13611"}, {"fiscalDateEnding": "2021-09-30", "reportedCurrency": "USD", "grossProfit": "197991", "totalRevenue": "197991", "costOfRevenue": "50580", "costofGoodsAndServicesSold": "50580", "operatingIncome": "-20462", "sellingGeneralAndAdministrative": "76553", "researchAndDevelopment": "None", "operatingExpenses": "218453", "investmentIncomeNet": "None", "netInterestIncome": "None", "interestIncome": "None", "interestExpense": "None", "nonInterestIncome": "None", "otherNonOperatingIncome": "None", "depreciation": "None", "depreciationAndAmortization": "20462", "incomeBeforeTax": "-20462", "incomeTaxExpense": "-20464", "interestAndDebtExpense": "None", "netIncomeFromContinuingOperations": "None", "comprehensiveIncomeNetOfTax": "None", "ebit": "-40924", "ebitda": "-20462", "netIncome": "-20462"}, {"fiscalDateEnding": "2021-06-30", "reportedCurrency": "USD", "grossProfit": "181041", "totalRevenue": "181041", "costOfRevenue": "57100", "costofGoodsAndServicesSold": "57100", "operatingIncome": "34822", "sellingGeneralAndAdministrative": "83163", "researchAndDevelopment": "None", "operatingExpenses": "146219", "investmentIncomeNet": "None", "netInterestIncome": "None", "interestIncome": "None", "interestExpense": "None", "nonInterestIncome": "None", "otherNonOperatingIncome": "None", "depreciation": "None", "depreciationAndAmortization": "-34822", "incomeBeforeTax": "34822", "incomeTaxExpense": "34824", "interestAndDebtExpense": "None", "netIncomeFromContinuingOperations": "None", "comprehensiveIncomeNetOfTax": "None", "ebit": "69644", "ebitda": "34822", "netIncome": "34822"}, {"fiscalDateEnding": "2021-03-31", "reportedCurrency": "None", "grossProfit": "207420", "totalRevenue": "228695", "costOfRevenue": "21275", "costofGoodsAndServicesSold": "21275", "operatingIncome": "-13100", "sellingGeneralAndAdministrative": "220520", "researchAndDevelopment": "None", "operatingExpenses": "241795", "investmentIncomeNet": "None", "netInterestIncome": "None", "interestIncome": "None", "interestExpense": "None", "nonInterestIncome": "None", "otherNonOperatingIncome": "None", "depreciation": "None", "depreciationAndAmortization": "13100", "incomeBeforeTax": "-13100", "incomeTaxExpense": "-13100", "interestAndDebtExpense": "None", "netIncomeFromContinuingOperations": "None", "comprehensiveIncomeNetOfTax": "None", "ebit": "-13100", "ebitda": "-13100", "netIncome": "-13100"}]}